2143 3713
238 184 317 226 6116
725 186 794 225 DE
825 185 962 225 LEGE
993 185 1225 226 AGRARIA
1255 186 1410 227 LIBER
1439 187 1489 226 ΙΙ.

239 296 598 344 machinabantur,
641 296 675 336 si
704 296 822 336 vobis
854 310 905 336 ex
936 297 1047 336 omni
1088 297 1244 349 populo
1277 298 1485 350 deligendi
1516 303 1699 350 potestas
1729 303 1837 339 esset
1867 299 1973 346 data,

239 370 527 411 quaecumque
556 370 622 397 res
654 363 782 405 esset,
814 359 856 398 in
887 371 969 411 qua
999 356 1122 404 fides,
1160 360 1391 410 integritas,
1422 360 1571 406 virtus,
1602 360 1819 399 auctoritas
1850 374 1975 413 quae-

239 425 420 466 reretur,
450 432 523 458 vos
553 432 642 459 eam
673 420 762 459 sine
793 420 1050 459 dubitatione
1078 420 1129 459 ad
1152 420 1222 459 Cn.
1244 420 1485 474 Pompeium
1506 421 1732 474 principem
1754 421 1975 462 delaturos.

238 481 424 528 Etenim,
467 494 590 534 quem
622 494 748 521 unum
784 495 836 520 ex
867 482 1023 520 cunctis
1055 481 1336 533 delegissetis,
1374 489 1417 522 ut
1448 497 1541 522 eum
1572 482 1763 522 omnibus
1795 483 1978 522 omnium

207 543 422 596 5gentium
452 542 570 581 bellis
603 548 711 582 terra
735 544 920 595 marique
951 543 1277 595 praeponeretis,
1308 550 1415 584 certe
1438 545 1479 583 in
1502 544 1744 584 decemviris
1764 543 1979 591 faciendis,

240 606 325 644 sive
356 602 457 643 fides
487 604 708 644 haberetur
739 605 825 644 sive
856 605 1013 651 honos,
1044 610 1084 643 et
1115 605 1312 644 committi
1343 606 1436 646 huic
1466 606 1620 659 optime
1642 611 1682 645 et
1703 606 1839 645 ornari
1869 606 1979 646 hunc

239 665 461 706 iustissime
491 678 615 718 posse
646 666 943 719 intelligebant.
1003 664 1068 705 ⁵24.
1100 666 1243 719 Itaque
1275 669 1478 720 excipitur
1507 669 1582 707 hac
1612 668 1702 719 lege
1732 681 1815 707 non
1840 667 1980 707 adole-

240 727 420 774 scentia,
450 740 535 767 non
565 727 794 780 legitimum
825 728 996 780 aliquod
1025 729 1386 781 impedimentum,
1425 744 1507 770 non
1539 735 1743 782 potestas,
1783 742 1866 769 non
1897 743 1980 769 ma-

240 789 434 842 gistratus
474 789 583 828 ullus
613 788 704 828 aliis
736 789 913 841 negotiis
947 787 1007 842 [ac
1038 787 1214 843 legibus]
1247 791 1484 844 impeditus3
1526 806 1620 831 reus
1653 791 1855 845 denique,
1896 805 1979 845 quo

192 861 226 888 40
241 851 375 891 minus
408 851 617 890 decemvir
646 850 734 889 fieri
765 852 916 903 possit,
948 865 1030 890 non
1062 852 1285 905 excipitur:
1318 853 1389 893 Cn.
1419 855 1641 907 Pompeius
1672 852 1897 905 excipitur,
1928 866 1980 891 ne

240 926 332 952 cum
363 914 405 952 P.
436 913 579 959 Rullo,
610 917 725 951 taceo
757 912 808 951 de
839 914 1005 959 ceteris,
1037 913 1245 952 decemvir
1274 912 1361 954 fieri
1392 917 1536 968 possit.
1584 917 1846 955 Praesentem
1872 914 1979 953 enim

240 974 425 1026 profiteri
456 974 590 1021 iubet,
622 973 736 1027 quod
768 974 880 1013 nulla
910 975 990 1014 alia
1020 976 1061 1014 in
1093 975 1183 1027 lege
1213 990 1408 1029 umquam
1438 977 1534 1024 fuit,
1577 991 1627 1016 ne
1659 978 1700 1016 in
1731 978 1781 1016 iis
1812 975 1980 1028 quidem

240 1035 563 1087 magistratibus,
596 1049 773 1088 quorum
806 1041 941 1076 certus
973 1037 1075 1076 ordo
1108 1045 1190 1084 est,
1234 1052 1306 1085 nc,
1347 1040 1379 1078 si
1409 1046 1578 1092 accepta
1608 1040 1675 1078 lex
1706 1044 1834 1086 esset,
1863 1037 1981 1077 illum

240 1096 316 1136 sibi
349 1096 550 1148 collegam
580 1097 871 1137 adscriberetis
902 1100 1115 1139 custodem
1147 1113 1193 1139 ac
1224 1101 1426 1140 vindicem
1458 1101 1739 1153 cupiditatum.

192 1168 226 1197 45
351 1159 403 1197 X.
434 1158 532 1206 Hic,
576 1159 772 1212 quoniam
813 1159 936 1199 video
977 1174 1050 1200 vos
1091 1162 1272 1201 hominis
1304 1162 1502 1214 dignitate
1533 1168 1573 1201 ct
1603 1162 1852 1202 contumelia
1882 1162 1982 1214 legis

240 1233 332 1260 esse
375 1225 625 1268 commotos,
668 1222 877 1260 renovabo
921 1222 1046 1269 illud,
1086 1223 1195 1276 quod
1238 1224 1354 1263 initio
1388 1225 1494 1271 dixi,
1534 1238 1704 1277 regnum
1734 1224 1982 1276 comparari,

239 1282 469 1321 libertatem
510 1287 688 1322 vestram
717 1282 794 1322 hac
830 1285 921 1336 lege
950 1284 1137 1325 funditus
1170 1287 1272 1326 tolli.
1331 1285 1397 1325 ⁶233.
1428 1288 1490 1326 An
1521 1300 1594 1325 vos
1625 1287 1745 1325 aliter
1774 1284 1984 1325 existima-

238 1344 363 1391 batis,
402 1358 493 1383 cum
534 1344 585 1384 ad
627 1345 766 1384 omnia
797 1352 933 1385 vestra
964 1348 1083 1399 pauci
1113 1348 1303 1388 homines
1338 1346 1604 1401 [cupiditatis]
1637 1348 1781 1387 oculos
1811 1346 1984 1386 adiecis-

240 1410 355 1453 sent,
387 1419 469 1445 non
502 1420 572 1446 eos
603 1408 641 1446 in
674 1407 816 1460 primis
848 1407 889 1446 id
932 1415 1118 1457 acturos,
1157 1415 1201 1449 ut
1232 1424 1282 1449 ex
1314 1411 1424 1449 omni
1454 1410 1642 1450 custodia
1671 1415 1830 1448 vestrae
1862 1408 1984 1447 liber-

190 1479 226 1507 20
241 1468 355 1516 tatis,
387 1482 440 1508 ex
471 1468 583 1508 omni
616 1474 845 1522 potestate,
885 1471 1119 1519 curatione,
1156 1472 1384 1524 patrocinio
1415 1478 1644 1512 vestrorum
1675 1469 1983 1510 commodorum

196 1543 200 1548 ·
241 1530 313 1570 Cn.
343 1531 563 1584 Pompeius
603 1531 913 1584 depelleretur?
958 1532 1162 1573 Viderunt
1202 1539 1241 1573 et
1277 1535 1437 1580 vident,
1485 1536 1517 1573 si
1557 1547 1629 1587 per
1664 1532 1983 1586 imprudentiam

238 1598 439 1639 vestram,
479 1593 773 1645 negligentiam
813 1606 968 1641 meam,
1011 1594 1143 1647 legem
1183 1596 1436 1647 incognitam
1474 1596 1738 1648 acceperitis,
1781 1594 1868 1633 fore
1922 1593 1983 1632 uti

239 1659 385 1707 postea
427 1654 603 1707 cognitis
635 1655 819 1702 insidiis,
859 1669 951 1695 cum
992 1656 1249 1696 decemviros
1290 1658 1465 1704 creetis,
1510 1662 1597 1697 tum
1640 1656 1750 1696 vitiis
1795 1655 1982 1695 omnibus

240 1721 282 1757 et
311 1716 537 1756 sceleribus
567 1716 670 1769 legis
704 1716 774 1757 Cn.
806 1718 993 1770 Pompeii
1023 1720 1275 1771 praesidium
1298 1720 1591 1773 opponendum
1622 1719 1789 1772 putetis.
1826 1718 1877 1757 Et
1904 1717 1983 1756 hoc

189 1788 226 1817 25
239 1792 410 1832 parvum
441 1783 730 1832 argumentum
761 1779 879 1819 vohis
911 1780 1008 1828 erit,
1039 1794 1062 1820 a
1093 1782 1213 1821 certis
1244 1782 1483 1822 hominibus
1515 1781 1840 1821 dominationem
1869 1784 1985 1832 pote-

240 1845 470 1894 statemque
510 1841 692 1881 omnium
735 1854 869 1881 rerum
911 1844 1076 1896 quaeri,
1118 1857 1209 1884 cum
1246 1844 1420 1883 videatis
1464 1858 1577 1891 eum,
1617 1856 1740 1897 quem
1772 1841 1984 1881 custodem

238 1907 400 1943 vestrae
431 1902 632 1943 libertatis
662 1903 748 1943 sore
779 1904 968 1952 videant,
1000 1912 1215 1958 expertem
1245 1907 1334 1946 fieri
1367 1906 1608 1959 dignitatis?

350 1962 416 2003 ⁶26.
458 1965 703 2018 Cognoscite
750 1980 880 2014 nuno,
926 1981 1033 2020 quae
1072 1974 1254 2021 potestas
1298 1969 1539 2009 decemviris
1581 1974 1620 2008 et
1660 1972 1813 2022 quanta
1854 1966 1984 2006 detur.

238 2026 419 2066 Primum
450 2027 542 2079 lege
574 2028 727 2068 curiata
750 2028 1006 2069 decemviros
1041 2036 1171 2070 ornat.
1222 2032 1304 2070 Iam
1336 2032 1415 2071 hoc
1447 2031 1677 2071 inauditum
1700 2035 1739 2068 et
1769 2029 1890 2082 plane
1912 2042 1985 2067 no-

189 2098 225 2127 30
241 2102 348 2136 vum,
379 2094 425 2128 ut
454 2090 490 2128 ei
523 2090 678 2129 curiata
702 2091 791 2143 lege
814 2092 1073 2143 magistratus
1096 2092 1228 2141 detur,
1260 2094 1321 2133 cui
1356 2094 1480 2133 nullis
1512 2093 1689 2132 comitiis
1721 2097 1814 2131 ante
1837 2092 1889 2131 sit
1915 2091 1986 2130 da-

238 2156 316 2190 tus.
366 2152 466 2190 Eam
498 2151 630 2204 legem
661 2153 709 2191 ab
742 2167 790 2192 eo
822 2159 1031 2205 praetore,
1066 2155 1136 2207 qui
1169 2156 1219 2195 sit
1251 2156 1404 2209 primus
1436 2155 1588 2201 factus,
1632 2154 1728 2193 ferri
1760 2154 1885 2193 iubet.
1934 2155 1985 2192 At

239 2226 321 2264 quo
354 2212 509 2252 modo?
554 2214 606 2253 Ut
634 2214 660 2253 ii
693 2215 1013 2255 decemviratum
1044 2217 1242 2264 habeant,
1275 2232 1380 2271 quos
1411 2218 1527 2270 plebs
1550 2216 1840 2269 designaverit.
1872 2215 1986 2255 Obli-

238 2280 302 2313 tus
348 2279 410 2313 cst
461 2275 597 2315 nullos
639 2290 661 2315 a
700 2277 820 2329 plebe
860 2277 1081 2329 designari.
1147 2280 1196 2318 Et
1235 2281 1267 2318 is
1317 2280 1458 2319 orbem
1500 2286 1700 2319 terrarum
1742 2279 1987 2330 constringit

238 2337 357 2376 novis
386 2337 566 2390 legibus,
598 2338 694 2391 qui,
726 2339 839 2392 quod
871 2339 912 2378 in
943 2340 1127 2379 secundo
1158 2342 1291 2394 capite
1323 2343 1522 2395 scriptum
1553 2347 1637 2388 est,
1680 2354 1764 2380 non
1799 2340 1987 2380 meminit

327 2541 357 2571 11.
383 2541 536 2581 (liliqcmli
560 2541 593 2572 F.
623 2558 654 2562 —
684 2542 713 2572 5.
740 2542 890 2580 marique
915 2543 991 2573 ET:
1020 2547 1048 2573 el.
1070 2544 1157 2574 mari
1184 2545 1205 2574 F
1217 2545 1241 2575 A
1258 2545 1279 2575 Ι,
1295 2543 1314 2577 ἓ
1330 2544 1365 2574 O.
1388 2561 1421 2564 -
1447 2544 1603 2582 faciendis
1626 2552 1694 2574 oni.
1722 2544 1753 2574 F.
1774 2561 1808 2565 —
1836 2544 1865 2574 6.
1891 2543 1984 2584 hunc]

240 2590 313 2620 huic
337 2592 374 2621 Α.
395 2608 428 2611 -
456 2591 486 2621 7.
513 2590 590 2631 lcye]
616 2591 682 2631 leffe
701 2594 845 2630 potestas
869 2593 889 2622 F
916 2594 949 2623 et
973 2602 1062 2624 corr.
1084 2594 1118 2625 Ε.
1153 2612 1186 2615 ὴ
1213 2595 1242 2625 8.
1271 2594 1518 2633 inpedimentum
1544 2594 1579 2624 Ε.
1600 2610 1633 2614 -
1662 2594 1691 2624 t).
1718 2602 1757 2624 ac
1779 2593 1899 2633 legibus
1915 2601 1984 2625 om.

243 2639 278 2670 Ε.
309 2658 342 2661 -
370 2640 453 2680 reus]
478 2649 543 2670 ηοη
566 2649 640 2671 reus
664 2650 743 2672 cum
770 2641 973 2673 Lanredano
1000 2642 1067 2676 Lss.
1098 2661 1130 2664 >-
1161 2644 1210 2674 stt).
1238 2654 1300 2674 non.
1324 2643 1632 2683 ca·(·z'pilu1·--fieri
1653 2644 1752 2682 possit
1776 2644 1798 2674 Ε
1815 2644 1834 2674 1·“
1851 2644 1888 2674 P:
1916 2652 1984 2674 om.

242 2692 265 2719 (ἰ
282 2691 305 2721 Α
321 2688 389 2723 Lss.
420 2707 453 2711 —-
481 2690 531 2720 «m.
558 2690 652 2730 enim]
686 2699 758 2721 eum
782 2692 806 2721 G
822 2690 890 2722 LQ,
919 2709 952 2713 ——
981 2693 1031 2723 112.
1059 2693 1097 2723 iis
1121 2702 1200 2725 nos:
1237 2694 1298 2724 hiis
1323 2694 1359 2728 F;
1396 2693 1443 2722 his
1468 2693 1529 2723 ΕΑ
1547 2692 1603 2725 1.ss
1619 2692 1654 2722 O.
1693 2710 1726 2714 —
1766 2693 1893 2731 quidem
1916 2701 1984 2723 om.

241 2740 277 2771 Ε.
306 2756 339 2760 -
374 2739 425 2771 43.
451 2742 515 2777 σει,
548 2747 587 2770 nc
609 2740 635 2769 si
658 2740 702 2770 A:
736 2743 780 2770 est.
801 2741 869 2771 sinc
892 2742 916 2771 Ε
932 2742 952 2772 F
969 2743 1006 2775 P:
1039 2745 1092 2772 est.
1131 2743 1271 2773 'I‘imcbat
1294 2743 1393 2779 enim,
1426 2742 1592 2780 Pompeius
1625 2751 1663 2773 ne
1686 2743 1712 2772 si
1735 2744 1874 2781 adesset,
1906 2744 1987 2783 ferri

240 2798 305 2819 non
329 2792 451 2828 posset:
481 2792 539 2819 auc
561 2798 601 2820 ne
623 2789 650 2819 si
674 2798 714 2820 ex
741 2789 840 2820 foeda
866 2790 1127 2831 interpolatione
1156 2792 1312 2831 {lei-vagii
1340 2793 1380 2829 (a.
1407 2791 1518 2829 4534.)
1543 2792 1565 2821 L
1582 2790 1612 2823 t’.
1647 2792 1742 2823 (lons.
1767 2793 1987 2833 xx'esenberg

241 2837 284 2868 ad
309 2846 359 2868 or.
386 2846 418 2878 p.
444 2838 554 2869 Sestio
581 2847 611 2878 p.
639 2839 668 2869 ’5.
701 2856 734 2859 --
775 2838 825 2870 44..
854 2840 1071 2871 asscriberetis
1095 2841 1117 2871 Ε
1150 2842 1195 2880 (ct
1224 2843 1273 2873 sic
1298 2851 1437 2881 semper
1467 2842 1499 2872 in
1524 2842 1587 2872 bac
1613 2843 1780 2881 oratione)
1807 2844 1838 2874 F.
1868 2861 1901 2866 —
1935 2845 1984 2885 ac]

241 2891 270 2918 ct
295 2888 325 2918 F.
356 2905 389 2909 -
421 2887 471 2918 47.
497 2888 643 2927 funditus
665 2888 844 2919 libertatem
866 2893 1008 2920 cestram
1032 2890 1091 2921 hac
1115 2891 1181 2929 lcgyc
1206 2892 1241 2922 Ε.
1271 2909 1304 2913 —
1344 2892 1394 2922 48.
1421 2892 1607 2929 czwiclilalis
1630 2900 1698 2922 orn.
1726 2892 1769 2930 Ε,
1806 2892 1868 2923 sed
1891 2901 1986 2924 mar-

241 2938 308 2975 gini
337 2936 548 2977 adscriptum
580 2939 643 2969 ost.
684 2955 717 2959 —-
757 2938 806 2969 lt).
832 2948 897 2969 non
926 2948 977 2970 cus
1008 2940 1038 2970 id
1068 2941 1217 2979 inprimis
1248 2941 1287 2978 F;
1323 2950 1385 2971 own
1416 2941 1532 2979 primis
1563 2941 1593 2971 id
1626 2942 1706 2980 (0111.
1733 2951 1784 2973 eos
1812 2942 1859 2982 in)
1883 2943 1919 2974 E.
1949 2961 1979 2966 —

244 2988 293 3017 23.
320 2987 433 3017 crealis
457 2988 672 3027 Wesenberg
698 2988 750 3027 (ad
777 2997 826 3020 or.
855 2998 887 3029 p.
915 2990 1024 3020 Sestio
1050 3000 1082 3030 p.
1102 2990 1184 3030 Δ18.)“;
1211 2991 1365 3021 crectrclis
1388 2991 1410 3021 Ε
1426 2991 1536 3024 FPO:
1563 2992 1713 3022 crearilis
1735 3000 1812 3023 cuni
1832 2993 1885 3023 cd.
1906 2994 1986 3025 lun—

244 3037 311 3066 tiua
336 3034 411 3073 ΒΣΗ
445 3037 596 3067 creabitis
626 3039 755 3077 Ussing.
791 3056 823 3059 -
856 3038 907 3070 21.
930 3041 1059 3078 pompei
1085 3041 1116 3071 F.
1148 3058 1179 3063 -s
1213 3040 1430 3079 obpoucndum
1458 3042 1492 3071 Ε.
1522 3058 1553 3061 —
1592 3041 1644 3071 ³25.
1667 3050 1788 3080 parum
1811 3042 1835 3072 Ε
1851 3043 1871 3073 F
1885 3044 1919 3073 P.
1949 3061 1982 3064 —

243 3087 295 3116 ⁶26.
321 3095 381 3125 que
404 3087 548 3117 oninium
572 3096 640 3118 oni.
662 3088 696 3118 Ε.
719 3105 751 3109 —-
780 3089 831 3119 29.
860 3098 977 3119 mirum
1002 3090 1042 3119 12:
1071 3099 1159 3119 φιωιια
1178 3090 1216 3125 1·“;
1243 3098 1324 3119 noro
1348 3098 1435 3119 more
1459 3091 1482 3119 A
1500 3091 1521 3120 l.
1538 3089 1555 3123 9
1571 3090 1606 3120 Ο.
1633 3108 1666 3112 »-
1693 3090 1744 3121 30.
1771 3094 1803 3121 11!
1827 3092 1855 3122 ci
1871 3109 1918 3114 --
1934 3094 1986 3123 cui

244 3135 283 3165 L:
312 3136 356 3165 uli
373 3153 389 3158 -
402 3153 420 3158 -
437 3137 488 3167 em·
511 3137 535 3167 E
551 3138 571 3167 F
585 3139 609 3167 A
627 3137 669 3173 03
697 3138 742 3168 uli
759 3155 776 3159 -
789 3155 805 3160 -
823 3138 877 3176 qui
901 3147 980 3169 cuin
999 3139 1053 3169 cd.
1074 3140 1204 3170 Iuntina
1223 3138 1255 3171 Β.
1277 3156 1310 3160 —
1338 3138 1390 3168 3¹.
1414 3138 1576 3179 praetore]
1597 3142 1750 3178 praetore
1769 3140 1856 3171 12.st
1876 3141 1899 3171 Ε
1915 3142 1983 3172 FP.

246 3201 278 3205 —
303 3185 395 3225 ferri]
424 3187 495 3226 fieri
519 3187 542 3217 E
559 3188 626 3217 FP.
656 3204 688 3208 —
728 3187 778 3218 32.
806 3188 839 3228 ii]
873 3189 900 3219 ei
927 3190 958 3219 P.
990 3205 1023 3208 ψ
1062 3188 1113 3218 :3:3.
1139 3188 1253 3227 nullos]
1278 3187 1311 3217 m*
1336 3187 1404 3217 illos
1429 3188 1463 3218 Ε.
1493 3206 1526 3210 —
1563 3188 1603 3218 ab
1623 3189 1712 3227 plebe
1736 3197 1817 3221 cum
1841 3190 1985 3221 lirnestii

245 3235 359 3273 operis
383 3236 407 3265 O
432 3238 466 3266 ct
490 3235 649 3267 Klotzius.
677 3255 710 3258 —
742 3239 918 3278 designari.
945 3239 985 3269 E!
1010 3238 1045 3276 ix]
1072 3237 1282 3277 (lesigynarelis
1305 3237 1382 3271 1⁴:1⁵3
1421 3238 1630 3276 desumat-ctis
1657 3239 1683 3269 is
1710 3239 1744 3270 P.
1784 3256 1817 3261 -
1854 3239 1905 3271 34.
1932 3239 1987 3280 qui

246 3283 330 3325 quod
353 3284 555 3316 Lambinus:
583 3286 736 3326 quicquid
759 3287 782 3318 Ε
799 3287 911 3323 FPA3
939 3288 994 3326 qui
1018 3287 1095 3327 quid
1118 3295 1197 3319 cuin
1222 3286 1276 3317 ed.
1304 3285 1422 3318 Aldina
1449 3288 1470 3318 L
1486 3286 1517 3322 t‘.
