2127 3708
240 275 293 317 62
625 274 823 317 ORATIO
856 275 960 317 PRO
992 274 1110 317 SEX.
1139 274 1334 316 ROSCIO
1364 274 1605 317 AMERINO

237 388 401 428 illorum
431 387 538 428 sorte
567 387 840 436 dubitabitur,
872 388 1150 428 convincatur.
1210 386 1320 436 Quid
1350 387 1539 435 tandem,
1587 400 1765 440 quaeso,
1795 387 1984 428 iudices?

238 463 337 489 num
381 456 451 491 aut
491 450 560 490 ille
601 450 750 491 lanista
788 451 955 489 omuino
998 450 1077 489 iam
1116 464 1140 491 a
1171 450 1307 503 gladio
1338 451 1559 489 recessisse
1590 449 1775 498 videtur,
1820 455 1891 490 aut
1919 449 1986 489 hic

238 512 464 566 discipulus
494 513 687 566 magistro
720 513 922 552 tantulum
950 511 1001 551 de
1022 518 1108 551 arte
1131 511 1389 551 concedere?
1434 513 1512 551 Par
1536 517 1597 552 est
1617 511 1809 559 avaritia,
1841 511 1984 551 similis

237 575 497 630 improbitas,
529 574 674 615 eadem
703 573 980 627 impudentia,
1012 573 1174 625 gemina
1204 572 1390 612 audacia.

206 639 224 669 5
348 638 455 678 XLI.
501 634 593 676 119.
638 637 822 683 Etenim,
869 635 1063 688 quoniam
1108 633 1232 674 sidem
1263 635 1446 688 magistri
1477 636 1705 688 cognostis,
1751 635 1985 688 cognoscite

237 713 346 740 nunc
377 699 566 752 discipuli
597 699 860 752 aequitatem.
910 697 1004 737 Dixi
1034 697 1114 737 iam
1146 702 1289 745 antea,
1321 710 1621 749 saepenumero
1644 698 1874 750 postulatos
1895 712 1985 738 esse

237 762 288 802 ab
326 761 412 802 istis
452 760 555 800 duos
596 773 737 800 servos
778 760 819 798 in
851 760 1157 812 quaestionem:
1204 764 1245 798 tu
1287 772 1469 812 semper,
1515 761 1560 798 T.
1593 760 1733 807 Rosci,
1776 760 1986 800 recusasti.

238 824 403 872 Quaero
435 823 506 863 abs
538 828 603 862 te:
648 823 752 869 iine,
796 821 866 874 qui
895 821 1182 874 postulabant,
1228 821 1385 873 indigui
1416 827 1550 869 erant,
1588 822 1657 875 qui
1688 823 1986 875 impetrarent?

237 900 288 925 an
318 887 352 926 is
384 892 422 926 te
454 898 537 924 non
568 883 872 930 commovebat,
904 896 979 936 pro
1012 897 1095 937 quo
1126 883 1425 936 postulabant?
1457 898 1509 923 an
1540 898 1605 924 res
1635 885 1724 937 ipsa
1757 886 1824 925 tibi
1845 886 1988 938 iniqua

188 948 487 988 ⁴0videbatur?
545 946 813 986 Postulabant
856 945 1046 986 homines
1089 945 1333 984 nobilissimi
1373 951 1497 999 atque
1542 946 1791 999 integerrimi
1822 952 1987 986 nostrae

237 1010 429 1057 civitatis,
468 1022 573 1062 quos
612 1008 690 1048 iam
731 1012 851 1047 antea
881 1007 1112 1055 nominavi3
1154 1007 1224 1061 qui
1254 1007 1309 1046 ita
1339 1008 1531 1048 vixerunt
1562 1009 1747 1063 talesque
1778 1023 1801 1049 a
1830 1008 1987 1062 populo

236 1073 421 1112 Romano
452 1075 670 1124 putantur,
701 1075 766 1118 ut,
798 1069 1000 1123 quidquid
1033 1069 1234 1117 dicerent,
1274 1083 1396 1109 nemo
1429 1075 1557 1117 esset,
1589 1071 1659 1124 qui
1690 1085 1773 1111 non
1806 1083 1987 1124 aequum

236 1138 412 1188 putaret.
471 1132 741 1173 Postulabant
777 1137 914 1171 autem
955 1146 1030 1185 pro
1070 1131 1238 1171 homine
1278 1132 1506 1172 miserrimo
1537 1138 1662 1186 atque
1692 1132 1986 1179 infelicissimo,

237 1196 308 1249 qui
338 1195 404 1235 vel
435 1195 525 1248 ipse
557 1208 647 1234 sese
678 1194 719 1233 in
751 1194 974 1233 cruciatum
1007 1194 1094 1234 dari
1125 1198 1315 1246 cuperet,
1347 1193 1444 1233 dum
1478 1194 1527 1234 de
1558 1195 1685 1248 patris
1708 1199 1837 1235 morte
1859 1207 1987 1248 quae-

187 1262 408 1298 ureretur.
467 1258 547 1297 Res
592 1270 716 1310 porro
754 1256 826 1296 abs
868 1261 906 1296 te
946 1256 1147 1296 eiusmodi
1191 1256 1497 1308 postulabatur,
1543 1262 1589 1296 ut
1618 1256 1719 1296 nihil
1749 1258 1985 1303 interesset,

236 1325 374 1360 utrum
405 1332 497 1360 eam
526 1333 613 1360 rem
643 1331 883 1366 recusares,
916 1332 970 1358 an
1000 1318 1052 1358 de
1082 1316 1283 1358 maleficio
1316 1316 1570 1358 confiterere.
1630 1316 1722 1358 2120.
1756 1318 1872 1366 Quae
1895 1330 1986 1356 cum

237 1382 293 1423 ita
323 1384 425 1431 sint,
457 1395 613 1436 quaero
645 1381 718 1421 abs
749 1386 809 1428 te,
841 1394 966 1435 quam
998 1381 1050 1420 ob
1082 1393 1247 1420 causam
1278 1381 1494 1420 recusaris.
1547 1382 1648 1420 Cum
1671 1380 1870 1421 occiditur
1891 1380 1986 1420 Sex,

236 1446 431 1493 Roscius,
461 1444 613 1484 ibidem
644 1443 824 1483 fuerunt.
885 1444 1034 1484 Servos
1064 1444 1200 1497 ipsos,
1241 1442 1353 1496 quod
1384 1442 1437 1482 ad
1468 1456 1531 1483 me
1561 1443 1726 1491 attinet,
1756 1457 1894 1498 neque
1924 1456 1989 1483 ar-

237 1521 318 1561 guo
357 1520 495 1562 neque
535 1520 693 1560 purgo:
741 1505 853 1560 quod
891 1519 915 1546 a
944 1505 1061 1546 vobis
1092 1505 1324 1558 oppugnari
1355 1504 1499 1553 video,
1545 1519 1596 1545 ne
1627 1506 1669 1545 iu
1701 1506 1988 1559 quaestionem

185 1578 223 1609 20
237 1570 406 1619 dentur,
438 1570 712 1623 suspiciosum
744 1574 830 1617 est;
862 1567 974 1622 quod
1005 1581 1103 1609 vero
1133 1567 1245 1620 apud
1267 1580 1341 1607 vos
1368 1568 1481 1620 ipsos
1502 1568 1543 1607 in
1564 1567 1722 1609 honore
1744 1573 1857 1609 tanto
1879 1574 1988 1615 sunt,

236 1632 420 1686 profecto
451 1645 621 1673 necesse
652 1636 713 1671 est
744 1631 875 1670 sciant
904 1630 1076 1684 aliquid,
1109 1629 1236 1683 quod,
1267 1629 1300 1669 si
1331 1629 1531 1678 dixerint,
1563 1630 1841 1683 perniciosum
1871 1630 1988 1670 vobis

234 1694 418 1734 futurum
449 1695 512 1734 sit.
563 1694 641 1733 «In
672 1693 861 1732 dominos
893 1693 1037 1746 quaeri
1068 1692 1119 1732 de
1150 1692 1278 1731 servis
1308 1691 1495 1745 iniquum
1519 1698 1618 1732 est.»
1666 1692 1694 1744 †
1715 1694 1766 1732 At
1787 1706 1838 1732 ne
1861 1705 1989 1746 quae·—

236 1758 364 1805 ritur;
397 1758 492 1797 Sex.
525 1757 634 1797 enim
664 1756 837 1796 Roscius
867 1768 963 1795 reus
995 1760 1068 1795 est.
1116 1756 1261 1807 Neque
1293 1754 1425 1801 enim,
1458 1768 1550 1793 cum
1582 1754 1632 1793 de
1662 1753 1741 1794 hoc
1763 1754 1987 1808 quaeritur,

234 1820 277 1859 in
305 1820 483 1859 dominos
512 1819 742 1871 quacritur3
775 1831 848 1857 vos
880 1818 988 1856 enim
1020 1817 1209 1856 dominos
1241 1829 1332 1855 esse
1364 1815 1508 1855 dicitis.
1556 1816 1685 1856 «Cum
1718 1816 1986 1871 Chrysogono

186 1890 223 1921 25
236 1888 370 1923 sunt.»
417 1883 479 1922 Ita
508 1881 653 1922 credo:
695 1881 839 1921 litteris
880 1893 1023 1920 eorum
1054 1884 1095 1919 et
1123 1878 1354 1918 urbanitate
1387 1877 1680 1932 Chrysogonus
1713 1878 1897 1926 ducitur,
1943 1881 1988 1916 ut

300 2056 330 2088 1.
347 2055 480 2087 illorum
496 2063 530 2086 c:
549 2055 587 2086 de
598 2054 730 2086 illorum
746 2055 772 2085 G
783 2054 882 2092 iuva,
902 2052 921 2085 4
935 2053 1032 2092 Oxx.,
1048 2051 1150 2083 codd.
1164 2051 1316 2089 Gruteri;
1335 2051 1362 2082 si
1378 2059 1441 2090 quo
1458 2051 1495 2082 de
1509 2050 1642 2082 illorum
1658 2051 1748 2082 coni.
1762 2049 1983 2083 Guilielmius.

238 2123 273 2128 -
292 2105 493 2137 dubitabitur
515 2105 547 2136 M
560 2113 581 2136 v
593 2113 609 2135 a
629 2114 635 2135 :
661 2104 831 2135 dubitatur
847 2103 910 2135 GC
926 2103 954 2134 11
966 2112 990 2141 χ
1005 2111 1079 2134 a.—
1099 2102 1131 2133 ⁶2.
1150 2111 1172 2132 a
1187 2101 1298 2141 gladio
1314 2101 1478 2132 recessisse
1494 2100 1628 2140 Madvig
1646 2101 1716 2142 (Op.
1737 2101 1761 2131 I.
1779 2109 1814 2141 p.
1834 2099 1938 2139 ⁴024.):
1966 2108 1988 2130 a

233 2156 419 2197 gladiatore
441 2155 568 2186 cessisse
590 2155 609 2185 6
627 2155 723 2192 Oxx.,
750 2153 852 2185 codd.
874 2154 983 2191 Grut„
1010 2153 1036 2182 G
1048 2160 1069 2182 v
1082 2160 1100 2181 a
1115 2160 1133 2182 0
1149 2161 1156 2189 ;
1182 2160 1204 2182 a
1218 2151 1405 2191 gladiatore
1426 2151 1590 2181 recessisse
1605 2151 1636 2182 M
1650 2150 1693 2186 O;
1719 2150 1890 2182 Manutius
1906 2158 1987 2181 eon-

234 2205 336 2237 iecit:
374 2215 396 2236 a
417 2205 611 2245 gladiatura
632 2205 774 2240 cessisse,
803 2203 964 2234 Hotom.:
1003 2210 1025 2232 a
1045 2201 1165 2241 gladiis
1187 2200 1367 2238 recessisse,
1401 2201 1513 2230 Garat.
1539 2200 1590 2230 ‘2st
1628 2208 1649 2230 a
1670 2199 1875 2239 yladiatoria
1899 2198 1982 2239 (scil.

234 2257 319 2296 arte)
343 2255 518 2287 recessisse.
540 2271 576 2275 —
601 2253 632 2284 ΕΞ.
659 2255 717 2283 aut
740 2252 789 2283 hic
807 2252 899 2289 Scir,
926 2253 963 2281 ut
981 2250 1016 2281 C.
1037 2250 1233 2290 Stephanus
1251 2250 1284 2280 in
1303 2249 1433 2288 Corrig.
1452 2258 1485 2289 p.
1504 2248 1577 2279 763.
1598 2249 1766 2280 coniecit:
1794 2251 1851 2279 aut
1874 2249 1901 2279 is
1916 2249 1981 2286 Me,

234 2316 257 2344 χ
270 2311 317 2347 ψ,
344 2308 452 2341 Parr.‚
479 2304 502 2334 L
516 2303 540 2333 Ο
553 2311 575 2332 v
588 2312 606 2333 a
621 2312 660 2339 c,
686 2305 721 2332 ut
744 2302 772 2331 is
787 2301 833 2332 T:
860 2303 918 2331 auc
940 2301 974 2330 id
990 2300 1036 2331 Mi
1054 2324 1060 2337 ,
1086 2302 1144 2330 aut
1165 2299 1226 2329 hiis
1246 2300 1293 2335 G;
1320 2302 1378 2329 aui
1400 2299 1458 2329 isle
1475 2300 1498 2329 0
1517 2299 1550 2329 et
1566 2297 1688 2337 vulgo,
1715 2298 1845 2330 incerta
1869 2299 1987 2329 aucto-

234 2356 346 2386 ritate.
372 2352 515 2385 Restitui
530 2352 597 2390 hic,
623 2351 787 2392 quoniam
806 2358 973 2390 praesens
991 2348 1127 2380 absenti
1145 2349 1346 2389 opponitur,
1372 2356 1405 2378 v.
1422 2351 1452 2387 ς.
1468 2348 1519 2378 17.
1540 2349 1574 2378 et
1591 2348 1670 2378 adn.
1690 2356 1807 2379 meam
1824 2347 1868 2378 ad
1884 2348 1983 2378 Verr.

235 2406 288 2437 lV.
308 2405 407 2445 5147.
426 2412 459 2444 p.
474 2402 515 2434 58
533 2401 588 2433 cd.
608 2401 698 2441 Lips.
726 2400 824 2431 ltaud
850 2407 927 2430 raro
944 2400 1061 2430 autem
1078 2398 1128 2429 hic
1145 2399 1178 2429 et
1194 2398 1221 2428 is
1237 2397 1381 2429 confusa
1399 2397 1636 2433 inveniuntur;
1660 2405 1693 2427 v.
1715 2406 1818 2438 supra
1837 2397 1919 2437 §.⁶27
1938 2397 1983 2427 in.

235 2457 269 2488 et
285 2453 442 2487 Ellendtii
465 2451 539 2484 lnd.
563 2450 608 2482 ad
632 2451 703 2483 Cic.
722 2450 766 2482 de
791 2451 883 2481 Orat.
902 2450 926 2480 Ι.
952 2458 986 2489 p.
1005 2448 1080 2479 588.
1108 2448 1235 2478 Contra
1260 2446 1289 2486 ἓ.
1310 2447 1361 2477 16.
1387 2446 1437 2477 hic
1460 2446 1494 2477 in
1517 2446 1544 2477 is
1567 2446 1811 2485 corrigendum
1834 2446 1983 2477 videtur.

237 2523 272 2527 —
299 2505 329 2536 3.
355 2502 523 2542 discipulis
545 2501 650 2533 GMi.
679 2517 712 2521 —
740 2503 870 2531 tantum
893 2508 927 2530 v.
948 2515 984 2520 —
1011 2499 1042 2528 5.
1069 2497 1230 2537 cognostis
1252 2505 1270 2527 a
1284 2504 1323 2527 e:
1349 2496 1514 2536 coyiioscis
1530 2496 1574 2530 (ὴ
1599 2496 1789 2536 cognoscitis
1811 2497 1879 2534 Μχ
1893 2505 1926 2527 v.
1947 2513 1982 2517 —

235 2555 266 2586 6.
291 2559 523 2593 saepenumero
547 2558 615 2581 om.
635 2558 667 2580 v.
689 2567 723 2570 -
751 2549 782 2580 8.
808 2549 873 2580 iine
896 2557 914 2579 a
929 2557 970 2579 c:
995 2547 1080 2578 hiine
1098 2549 1142 2583 (ἐς
1168 2546 1240 2577 hine
1263 2546 1294 2577 M
1308 2555 1339 2576 v.
1361 2562 1396 2567 —
1423 2546 1454 2576 9.
1480 2546 1507 2575 is
1522 2548 1550 2576 te
1567 2545 1781 2585 Heusinger:
1808 2546 1864 2578 iste
1879 2544 1981 2576 codd.

235 2604 272 2636 O.
301 2620 335 2624 —
373 2611 418 2633 an
449 2608 502 2632 res
525 2616 576 2622 --
596 2598 808 2639 postulabam
841 2607 910 2630 om.
943 2599 980 2629 G.
1016 2614 1051 2618 —<
1091 2597 1143 2627 40.
1176 2594 1375 2636 nobilissimi]
1408 2595 1618 2626 honestissimi
1650 2595 1742 2626 Crat.
1776 2604 1908 2635 margo,
1946 2612 1982 2617 -—

235 2652 287 2685 44.
313 2652 400 2693 dum]
426 2650 598 2682 dummodo
622 2658 719 2690 susp.
746 2648 868 2680 Lamb.
890 2666 925 2670 —
953 2647 1004 2678 46,
1032 2655 1116 2686 quae
1137 2655 1211 2677 cum
1232 2645 1281 2676 ita
1303 2645 1365 2676 sint
1389 2654 1457 2675 om.
1485 2646 1522 2675 G.
1544 2662 1579 2666 —-
1606 2645 1657 2675 47.
1683 2644 1767 2686 cum]
1791 2646 1870 2676 dum
1892 2644 1982 2676 coni.

233 2702 375 2740 Matth.;
408 2702 442 2732 at
464 2709 497 2732 v.
523 2708 578 2740 ep.
605 2699 649 2730 ad
671 2700 738 2730 Att.
764 2699 804 2730 X.
832 2699 888 2737 40,
914 2698 960 2736 5.,
987 2705 1093 2737 quem
1117 2695 1233 2727 locum
1258 2694 1452 2726 Freudenb.
1478 2703 1512 2734 p.
1533 2694 1583 2724 42.
1610 2692 1763 2725 eontulit.
1787 2711 1825 2717 —
1851 2694 1903 2725 49.
1929 2702 1985 2733 op-

228 2752 377 2794 puqnari
401 2753 426 2782 G
439 2751 591 2787 Mvac,
618 2751 727 2788 Parr.,
754 2747 849 2787 Pali„
877 2749 980 2779 OxX.:
1006 2746 1064 2777 hoc
1083 2745 1231 2787 pugnari
1255 2744 1317 2775 LO
1342 2752 1383 2774 ex
1408 2745 1514 2783 Naug.
1534 2742 1622 2774 coni.
1650 2744 1773 2775 «Recte
1793 2743 1984 2783 Naugerius

234 2804 292 2835 hoc
317 2800 484 2842 pugnarn
515 2809 548 2831 v.
577 2800 606 2839 g.
634 2799 664 2831 8.
698 2798 725 2829 si
755 2798 813 2829 hoc
837 2800 1008 2838 pugnatur
1030 2799 1066 2827 ut
1089 2797 1157 2827 cet.
1195 2795 1271 2826 Scio
1295 2792 1460 2833 equidem
1483 2794 1578 2824 recte
1603 2792 1669 2823 dici
1691 2801 1761 2823 rem
1783 2792 1982 2833 oppugnari,

234 2853 272 2884 ut
295 2860 329 2892 p.
356 2852 425 2890 Lig.
454 2849 484 2889 g.
504 2847 571 2887 ii,
598 2849 633 2880 et
656 2847 843 2888 oppugnari
867 2845 1026 2879 absolute
1050 2846 1131 2886 poni
1156 2853 1277 2886 posse,
1302 2845 1340 2874 ut
1363 2852 1396 2883 p.
1416 2843 1515 2874 Rosc.
1541 2843 1617 2873 Am.
1645 2844 1675 2881 5¹.
1702 2840 1797 2879 4453
1823 2841 1898 2881 sed,
1924 2841 1984 2873 ubi

235 2903 367 2934 dictum
391 2901 434 2933 sit
456 2898 644 2938 oppugnari
666 2907 723 2936 ne,
756 2897 909 2929 nescio.»
941 2897 1152 2928 Wsssmssmu
1176 2894 1325 2926 Observv.
1351 2893 1395 2923 ad
1417 2892 1601 2923 Seslianam
1625 2901 1658 2932 p.
1684 2891 1714 2922 2.
1742 2891 1813 2922 not.
1840 2891 1870 2922 ⁴.
1913 2891 1984 2922 Nec

235 2951 395 2992 superior
417 2948 514 2980 locus
541 2948 571 2987 g.
598 2948 628 2978 8.
654 2945 756 2988 plane
781 2945 901 2978 similis
927 2946 997 2983 est,
1025 2947 1059 2977 et
1082 2944 1219 2976 videtur
1241 2952 1304 2984 per
1327 2950 1364 2974 se
1389 2942 1575 2981 oppuynari
1597 2950 1636 2972 ne
1660 2940 1741 2972 ferri
1764 2940 1798 2971 h.
1818 2938 1839 2971 l.
1866 2948 1980 2980 posse,

236 3008 316 3032 cum
346 2999 440 3031 idem
471 2998 515 3029 sit
544 2996 639 3037 quod
667 2997 867 3037 repuynari,
901 2995 1019 3027 obsisti.
1049 3013 1083 3017 -—
1114 2995 1168 3025 22.
1201 2996 1236 3024 αι
1257 3001 1296 3023 ize
1319 2990 1501 3031 quaeritur]
1529 2991 1578 3021 sie
1603 2989 1772 3021 mendose
1797 2988 1914 3027 codd,
1946 2990 1984 3019 ut

234 3049 388 3088 videtur,
414 3055 537 3079 omnes
562 3045 696 3086 (saltem
721 3047 808 3085 GM,
834 3047 942 3083 Pare,
968 3044 987 3076 4
1005 3046 1108 3083 Onu,
1134 3043 1229 3083 va):
1255 3050 1340 3073 anne
1363 3049 1476 3080 quaer.
1504 3049 1542 3072 c:
1568 3043 1603 3070 αι
1625 3048 1690 3070 non
1714 3047 1826 3078 quaer.
1845 3038 1983 3069 Buech—

236 3109 320 3136 ner;
346 3101 381 3130 at
403 3106 444 3128 ne
466 3096 638 3136 quaeritur
660 3096 788 3135 quidem
812 3094 906 3126 Klotz
932 3095 993 3135 (t);
1025 3094 1101 3126 tort.
1126 3094 1215 3124 itane
1237 3090 1454 3131 quaet-ituri),
1486 3090 1507 3121 i.
1535 3098 1565 3120 e.
1592 3096 1740 3120 «verene
1764 3088 1798 3119 in
1821 3086 1981 3118 dominos

236 3148 470 3190 quaeritura»
504 3163 539 3167 —-
576 3145 629 3177 23.
660 3146 737 3177 Ser.
769 3145 854 3177 enim
876 3162 895 3167 -
916 3161 935 3167 —
958 3145 996 3175 de
1023 3144 1082 3175 hoc
1109 3142 1281 3183 quaeritur
1310 3148 1379 3172 om.
1407 3141 1444 3171 G.
1473 3157 1507 3160 a
1545 3138 1734 3178 quaeritur,
1768 3138 1803 3168 in
1837 3136 1983 3168 dominos

236 3197 420 3239 quaeritur]
453 3197 503 3228 sic
537 3193 638 3226 codd.
673 3193 835 3226 lacunam
871 3191 1079 3234 explendam
1113 3191 1252 3233 putavi:
1286 3198 1343 3221 vv.
1374 3190 1408 3220 in
1439 3190 1523 3219 dom.
1550 3187 1722 3227 quaeritur
1744 3195 1763 3218 a
1788 3185 1889 3218 codd.
1916 3184 1982 3216 ab-

237 3249 328 3281 sunt.
364 3245 554 3286 Madvigius
578 3245 697 3282 acute,
724 3245 761 3274 ut
784 3242 888 3281 solet,
913 3244 1025 3274 totum
1047 3241 1164 3274 locum
1188 3241 1238 3273 sic
1255 3238 1451 3271 constituit:
1476 3237 1516 3269 At
1537 3245 1640 3276 neque
1661 3237 1695 3267 in
1716 3245 1773 3268 vos
1789 3236 1979 3276 quaerilum

236 3298 314 3330 Ser.
341 3296 426 3328 enim
448 3294 580 3327 Roscius
600 3301 675 3325 reus
698 3296 762 3329 esu
784 3301 887 3331 neque
910 3295 954 3324 est
976 3292 1126 3330 iniquum
1149 3291 1187 3322 cle
1207 3289 1266 3320 hoc
1288 3288 1403 3328 quaeri
1414 3296 1423 3324 ,·
1446 3295 1503 3318 vos
1525 3287 1610 3318 enim
1624 3286 1769 3317 dominos
1782 3293 1847 3316 esse
1861 3284 1978 3315 dicitis.

241 3365 275 3369 —
300 3346 354 3379 24.
378 3354 435 3377 vos
457 3344 542 3376 enim
564 3343 710 3374 dominos
733 3343 774 3381 G,
799 3341 819 3374 4
843 3343 952 3380 Parr.,
978 3340 998 3372 6
1021 3342 1119 3381 One,
1142 3349 1188 3373 v:
1217 3347 1275 3372 vos
1296 3346 1371 3371 cum
1393 3337 1540 3369 dominos
1562 3338 1638 3369 Par.
1664 3335 1714 3374 9.;
1744 3343 1802 3367 vos
1823 3343 1897 3367 cum
1919 3334 1979 3366 do-

236 3397 326 3430 mino
348 3395 432 3436 Ma,
458 3394 549 3428 Crat.
574 3400 712 3434 marg03
735 3400 792 3425 vos
813 3391 960 3425 dominos
982 3398 1013 3422 e.
