2143 3713
250 262 331 304 374
745 267 799 306 IN
829 266 1049 306 VERREM
1077 265 1238 306 ACTIO
1271 264 1512 306 SECUNDA

251 379 485 433 spectabam
517 391 653 432 neque
685 383 770 418 erat
801 379 842 416 in
875 377 1013 417 animo
1054 377 1278 430 postulare.
1339 378 1439 417 Cum
1470 377 1572 416 haec
1603 390 1791 429 agerem,
1830 383 2001 431 repente

250 440 300 480 ad
332 453 396 479 me
428 441 542 480 venit
563 441 777 480 Heraclius
809 441 841 479 is
859 471 868 486 ‚
901 439 971 492 qui
997 445 1080 478 tum
1104 439 1385 491 magistratum
1410 438 1625 491 Syracusis
1647 438 1846 486 habebat,
1876 440 2000 480 homo

249 502 421 549 nobilis,
453 503 522 555 qui
556 503 750 542 sacerdos
784 502 890 541 Iovis
923 501 1090 546 suisset,
1122 501 1193 552 qui
1226 500 1355 540 honos
1387 506 1449 540 est
1479 499 1589 553 apud
1613 501 1892 553 Syracusanos
1918 515 2003 542 am-

249 564 482 617 plissimus:
514 565 598 616 agit
629 578 788 603 mecum
822 569 861 602 et
891 577 983 603 cum
1015 562 1139 601 fratre
1172 575 1287 609 meO,
1318 569 1382 610 ut,
1415 563 1446 602 si
1471 563 1587 601 nobis
1609 562 1838 609 videretur,
1870 562 2003 603 adire-

218 636 341 665 5mus
381 625 432 664 ad
474 639 617 665 eorum
661 631 871 665 senatum:
914 625 1153 677 frequentes
1186 637 1276 663 esse
1308 624 1347 663 in
1380 625 1514 664 curia:
1560 638 1602 663 se
1635 624 1750 663 iussu
1783 629 1950 664 senatus
1980 639 2003 665 a

249 686 369 726 nobis
399 692 554 741 petere,
586 692 630 726 ut
661 687 907 726 veniremus.
964 687 1089 724 LXII.
1131 682 1216 723 138.
1249 686 1383 726 Primo
1416 686 1535 725 nobis
1567 686 1646 725 fuit
1676 686 1867 733 dubium,
1901 686 2002 739 quid

250 763 492 802 ageremus:
539 750 687 790 deinde
730 750 809 788 cito
851 750 963 788 venit
1003 749 1040 787 in
1085 753 1263 787 mentem
1304 761 1387 787 11011
1419 762 1509 788 csse
1540 748 1751 788 vitandum
1784 748 1898 788 illum
1929 762 2004 789 no-

250 813 314 852 bis
345 818 592 853 conventum
632 816 671 850 et
711 811 869 857 locum;
912 811 1051 863 itaque
1092 810 1133 848 in
1175 810 1329 849 curiam
1366 812 1566 850 venimus.
1628 811 1864 850 llonorifice
1904 824 2002 850 sane

251 876 541 927 consurgitur:
573 886 648 912 nos
681 877 824 924 rogatu
857 873 1119 924 magistratus
1151 872 1392 911 assedimus.
1453 874 1599 926 Incipit
1629 873 1663 911 is
1696 872 1830 925 loqui,
1863 874 1933 925 qui
1963 878 2003 912 et

202 948 236 976 40
250 937 492 976 auctoritate
525 940 564 974 et
595 939 727 973 aetate
760 938 818 979 et,
850 939 895 973 ut
926 934 1025 973 mihi
1049 935 1181 973 visum
1215 939 1295 978 est,
1328 948 1404 974 usu
1428 949 1564 974 rerum
1584 934 1875 981 antecedebat,
1909 935 2003 974 Dio-

251 999 375 1038 dorus
420 997 695 1042 Timarchidi,
743 995 862 1034 cuius
903 996 1037 1035 omnis
1078 996 1207 1035 oratio
1252 996 1353 1034 lianc
1393 997 1537 1036 habuit
1567 997 1700 1049 primo
1732 997 2002 1037 sententiam:

250 1066 435 1101 senatum
467 1064 508 1098 et
538 1058 736 1111 populum
770 1058 1074 1110 Syracusanum
1108 1058 1281 1097 moleste
1313 1059 1574 1111 graviterque
1606 1058 1731 1106 ferre,
1772 1060 1882 1113 quod
1914 1074 2002 1113 ego,

251 1137 341 1163 cum
373 1122 415 1161 in
446 1121 594 1161 ceteris
627 1121 791 1159 Siciliae
825 1120 1055 1159 civitatibus
1088 1126 1275 1160 senatum
1306 1120 1588 1173 populumque
1614 1120 1868 1169 docuissem,
1902 1123 2001 1176 quid

250 1184 301 1224 iis
331 1184 541 1230 utilitatis,
573 1182 671 1235 quid
704 1182 848 1221 salutis
879 1183 1088 1228 afferrem,
1121 1187 1160 1221 et
1191 1195 1281 1221 cum
1305 1182 1354 1221 ab
1377 1182 1569 1221 omnibus
1596 1183 1798 1230 mandata,
1831 1183 2002 1236 legatos,

203 1248 405 1288 islitteras
437 1245 756 1297 testimoniaque
779 1245 1066 1297 sumpsissem,
1090 1244 1129 1283 in
1160 1245 1225 1283 illa
1250 1245 1412 1283 civitate
1434 1244 1537 1282 nibil
1560 1245 1647 1283 eius
1671 1246 1781 1284 modi
1809 1246 2001 1286 facerem.

252 1308 463 1362 Respondi
495 1320 631 1360 neque
662 1308 814 1346 Romae
847 1306 888 1345 in
913 1312 1117 1345 conventu
1141 1307 1394 1353 Siculorum,
1428 1320 1518 1345 cum
1542 1320 1564 1345 a
1586 1321 1649 1346 me
1671 1308 1871 1348 auxilium
1893 1322 2004 1349 com-

252 1372 366 1411 muni
408 1370 590 1411 omnium
631 1369 882 1421 legationum
925 1368 1095 1407 consilio
1128 1369 1343 1422 petebatur
1374 1382 1580 1422 causaque
1613 1371 1735 1409 totius
1766 1371 2003 1423 provinciae

252 1434 302 1474 ad
333 1446 397 1473 me
428 1432 712 1477 deferebatur,
745 1431 899 1483 legatos
923 1431 1271 1483 Syracusanorum
1300 1431 1503 1478 adfuisse,
1536 1445 1671 1485 neque
1694 1447 1757 1472 me
1778 1434 2002 1486 postulare,

250 1501 296 1536 ut
328 1496 554 1549 quidquam
587 1498 727 1533 contra
760 1494 801 1532 C.
835 1494 1002 1532 Verrem
1036 1493 1327 1533 decerneretur
1357 1494 1398 1532 in
1430 1507 1477 1532 ea
1508 1495 1639 1541 curia,
1670 1495 1708 1533 in
1733 1509 1814 1548 qua
1841 1497 2003 1536 inaura-

202 1563 378 1598 eoi—atam
420 1557 461 1597 C.
493 1556 632 1595 Verris
673 1561 844 1595 statuam
883 1556 1079 1595 viderem.
1140 1553 1232 1595 11:39.
1267 1556 1385 1603 Quod
1420 1561 1684 1609 posteaquam
1717 1558 1822 1606 dixi,
1865 1563 2001 1598 tantus

252 1626 315 1661 est
345 1620 522 1673 gemitus
552 1618 683 1658 sactus
715 1619 911 1671 adspectu
945 1624 1101 1657 statuae
1134 1624 1172 1658 et
1194 1619 1603 1664 commemoratione,
1634 1620 1801 1659 utillud
1826 1622 1867 1659 in
1890 1621 2003 1660 curia

252 1684 429 1737 positum
461 1686 770 1721 monumentum
804 1681 1028 1727 scelerum,
1069 1695 1147 1719 non
1186 1678 1480 1719 beneficiorum
1514 1680 1733 1720 videretur.
1794 1683 1896 1722 Tum
1928 1696 2001 1735 pro

251 1759 295 1785 se
328 1746 526 1798 quisque,
560 1748 757 1796 quantum
779 1742 954 1782 dicendo
978 1743 1144 1795 assequi
1171 1748 1348 1796 poterat,
1381 1742 1527 1781 docere
1550 1755 1614 1781 me
1636 1744 1773 1796 coepit
1795 1757 1863 1790 ea,
1895 1757 2002 1797 quae

251 1808 374 1862 paulo
414 1812 508 1847 ante
549 1805 884 1845 commemoravi:
924 1805 1142 1857 spoliatam
1185 1806 1349 1853 urbem,
1390 1805 1485 1844 fana
1524 1805 1702 1857 direpta:
1744 1805 1793 1845 de
1824 1805 2002 1845 Heraclii

200 1880 237 1909 25
250 1870 499 1915 hereditate,
529 1881 654 1921 quam
685 1867 934 1921 palaestritis
965 1869 1257 1914 concessisset,
1290 1868 1417 1907 multo
1441 1868 1659 1907 maximam
1688 1874 1843 1920 partem
1866 1868 2002 1921 ipsum

250 1932 490 1974 abstulisse:
530 1943 668 1983 neque
700 1930 996 1983 postulandum
1027 1930 1179 1977 fuisse,
1221 1936 1265 1970 ut
1296 1930 1365 1970 ille
1396 1930 1651 1983 palaestritas
1685 1929 1897 1982 diligeret,
1930 1932 2001 1984 qui

249 1994 373 2034 etiam
403 1994 659 2033 inventorem
690 1993 771 2032 olei
802 1992 925 2032 deum
957 1994 1210 2041 sustulisset,
1242 2007 1379 2046 neque
1412 1993 1522 2032 illam
1545 1998 1719 2032 statuam
1744 2005 1834 2032 esse
1857 2006 1908 2033 ex
1929 2006 2000 2047 pe-

249 2057 371 2096 cunia
400 2056 566 2109 publica
595 2068 730 2108 neque
762 2056 923 2108 publice
956 2057 1114 2103 datam,
1147 2056 1218 2096 sed
1251 2069 1342 2102 cos,
1375 2055 1446 2108 qui
1477 2055 1718 2095 hereditatis
1746 2055 2000 2108 diripiendae

248 2119 468 2172 participes
510 2117 708 2164 fuissent,
755 2117 987 2158 faciendam
1029 2118 1374 2171 statuendamque
1415 2130 1600 2157 curasse:
1647 2118 1813 2158 eosdem
1844 2119 2000 2158 Romae

199 2181 376 2220 30fuisse
416 2180 594 2233 legatos,
635 2180 743 2219 illius
784 2181 994 2220 adiutores
1037 2181 1334 2234 improbitatis,
1381 2181 1515 2219 socios
1545 2179 1766 2226 furtorum,
1813 2180 1999 2219 conscios

249 2242 519 2294 flagitiorum:
566 2255 616 2282 eo
656 2243 791 2282 minus
830 2243 968 2282 mirari
1007 2257 1069 2282 me
1111 2249 1319 2296 oportere,
1366 2243 1399 2281 si
1441 2243 1500 2282 illi
1532 2242 1737 2282 communi
1769 2242 1999 2294 legatorum

248 2304 451 2344 voluntati
495 2308 535 2343 et
565 2304 687 2344 saluti
730 2305 892 2344 Siciliae
926 2305 1167 2346 defuissent.
1228 2306 1373 2343 Lxln.
1406 2301 1498 2343 ΜΟ.
1531 2305 1603 2344 Ubi
1637 2317 1780 2343 corum
1812 2303 1999 2342 dolorem

250 2380 302 2406 ex
330 2366 446 2406 istius
477 2366 637 2406 iniuriis
669 2379 753 2406 non
777 2367 898 2406 modo
931 2381 1013 2407 non
1046 2369 1270 2415 minorem,
1303 2368 1374 2406 sed
1406 2381 1531 2420 prope
1562 2367 1759 2406 maiorem
1783 2379 1905 2419 quam
1938 2366 2000 2405 Si-

249 2429 436 2469 culorum
474 2433 704 2468 ceterorum
745 2442 834 2468 esse
866 2431 1060 2482 cognovi,
1095 2436 1177 2470 tum
1210 2444 1346 2470 meum
1378 2430 1559 2469 animum
1590 2429 1630 2468 in
1662 2429 1768 2476 illos,
1801 2433 1886 2468 tum
1917 2428 1997 2468 mei

198 2501 234 2530 35
249 2492 413 2533 consilii
443 2491 679 2544 negotiique
709 2492 832 2531 totius
864 2494 1045 2545 suscepti
1077 2506 1241 2532 causam
1263 2492 1547 2544 rationemque
1569 2491 1790 2545 proposui,
1821 2496 1906 2530 tum
1927 2504 1998 2531 eos

246 2556 432 2596 hortatus
463 2568 574 2601 sum,
618 2558 665 2593 ut
695 2567 842 2594 causae
874 2557 1080 2595 communi
1113 2556 1317 2608 salutique
1349 2568 1399 2594 ne
1432 2555 1644 2602 deessent,
1685 2559 1730 2593 ut
1769 2553 1881 2593 illam
1911 2553 1998 2593 lau-

248 2618 478 2664 dationem,
510 2630 632 2669 quam
663 2630 705 2655 se
738 2617 773 2655 vi
807 2630 852 2656 ac
886 2623 997 2657 metu
1030 2623 1194 2657 coactos
1226 2618 1366 2670 paucis
1398 2617 1477 2656 illis
1507 2618 1652 2656 diebus
1675 2617 1865 2656 decresse
1887 2616 1997 2656 dice-

246 2680 365 2727 bant,
396 2679 599 2719 tollerent.
660 2679 826 2732 ltaque,
858 2680 1038 2727 iudices,
1071 2680 1318 2734 Syracusani
1350 2680 1452 2719 hacc
1480 2679 1654 2726 faciunt,
1688 2679 1804 2718 istius
1827 2677 1995 2718 clientes

247 2746 371 2795 atque
401 2742 535 2781 amici.
594 2740 773 2781 Primum
806 2742 902 2781 mihi
938 2743 1094 2782 litteras
1125 2742 1335 2795 publicas,
1379 2755 1480 2794 quas
1520 2742 1562 2780 in
1603 2742 1761 2781 aerario
1792 2740 1994 2780 sanctiore

333 2883 364 2914 2.
389 2880 535 2921 habebat]
560 2880 691 2921 gerebat
716 2882 817 2921 rget).
840 2898 874 2904 —
903 2883 933 2913 3.
958 2884 1020 2923 suit
1044 2884 1126 2914 dett.
1149 2900 1183 2906 -—
1211 2883 1300 2922 apud
1322 2883 1396 2921 Syr.
1414 2886 1459 2912 est.
1480 2882 1563 2913 dett.
1584 2883 1620 2913 O.
1642 2899 1676 2904 -
1703 2880 1733 2912 4.
1758 2881 1863 2921 fratre
1881 2881 1992 2920 Lagg.:

249 2933 286 2971 Q.
311 2932 417 2972 fratre
438 2931 504 2967 R33
542 2932 577 2962 L.
601 2932 707 2971 fratre
731 2933 819 2963 coni.
847 2932 927 2964 Lall.
955 2932 1003 2964 Kl.
1040 2935 1082 2965 At
1115 2934 1157 2964 ct'.
1185 2933 1213 2973 g.
1242 2932 1314 2963 4415.
1350 2950 1383 2953 —
1418 2933 1447 2962 5.
1475 2933 1602 2963 curiam
1627 2933 1650 2963 R
1669 2932 1708 2962 Gl
1730 2931 1761 2962 2.
1790 2948 1823 2952 —
1851 2931 1881 2961 7.
1906 2930 1996 2962 nobis

247 2983 339 3014 illum
363 2983 464 3022 Lagg.
490 2981 572 3013 dett.
603 3000 637 3004 —
665 2982 694 3012 9.
722 2983 906 3014 adsedimus
929 2985 962 3014 et
987 2983 1071 3014 infra
1096 2983 1274 3022 adferrem,
1309 2981 1462 3020 adfuisse,
1488 2982 1623 3020 adsequi
1647 2982 1682 3012 R.
1717 2998 1751 3002 —
1788 2980 1843 3019 qui
1866 2984 1992 3011 auctor.

249 3032 349 3072 ng.
379 3049 412 3053 —
441 3031 492 3062 4⁴.
522 3032 736 3063 Timarchides
760 3032 842 3064 dett.
872 3051 905 3055 —
934 3034 984 3064 ie.
1008 3034 1227 3073 populwmque
1252 3033 1350 3071 Lagg.
1379 3031 1461 3062 dett.
1486 3032 1522 3063 Ο.
1545 3050 1577 3054 -
1607 3032 1657 3062 113.
1683 3033 1830 3062 senatum
1845 3030 1878 3061 P.
1899 3031 1933 3061 1³.
1955 3031 1991 3069 O.

249 3083 286 3113 R.
316 3098 350 3103 —-
378 3080 428 3113 44.
454 3081 494 3112 iis
517 3082 559 3112 R:
585 3082 628 3112 eis
651 3082 686 3113 O.
717 3099 751 3103 —
779 3083 830 3113 47.
855 3084 1044 3121 provinciae
1067 3084 1110 3114 ad
1133 3091 1181 3112 me
1204 3081 1250 3112 Ra
1268 3079 1306 3111 λι
1341 3082 1384 3111 ad
1406 3090 1455 3112 wc
1476 3090 1568 3120 prov.
1595 3080 1702 3120 Lg293
1728 3080 1771 3110 ad
1793 3088 1842 3110 mc
1865 3079 1994 3111 Siciliae

250 3131 332 3163 dett.
360 3130 397 3161 Ο.
427 3148 461 3152 -
488 3131 540 3160 22.
562 3139 624 3169 pro
648 3131 689 3171 se]
711 3140 814 3170 prope
838 3133 938 3171 Lacg.
967 3134 1105 3172 praeter
1127 3132 1179 3162 29.
1209 3148 1243 3152 —
1270 3129 1320 3161 ‘242
1349 3132 1386 3161 de
1410 3132 1446 3161 II.
1474 3131 1537 3168 113,
1563 3129 1600 3161 λῑ
1626 3138 1667 3160 θα,-
1689 3129 1727 3160 II.
1755 3128 1838 3159 dett.
1865 3129 1901 3160 O.
1929 3128 1993 3168 (he—

248 3181 333 3211 racli
356 3180 405 3219 R.)
433 3197 467 3202 —
493 3180 545 3210 025.
572 3189 670 3219 quam
691 3181 782 3220 pala.
799 3179 831 3212 ὅ.
848 3182 924 3212 reiis
951 3182 1021 3221 (sic)
1047 3183 1082 3213 11.
1114 3199 1147 3203 —
1172 3180 1272 3211 niuno
1288 3196 1335 3201 --
1352 3181 1497 3220 diliget-ei
1520 3189 1588 3211 om.
1610 3181 1708 3218 Lagg.
1728 3180 1866 3219 praeter
1882 3178 1933 3209 029.
1954 3195 1988 3200 -

248 3231 301 3262 28.
326 3239 427 3270 neque
445 3229 572 3269 publice
595 3239 662 3261 om.
691 3231 792 3271 Lagg.
821 3248 856 3252 —
883 3231 934 3262 29.
959 3232 1056 3271 fuisse
1081 3232 1103 3263 R
1128 3240 1174 3262 m.
1201 3238 1251 3270 pr.
1280 3247 1314 3251 ——
1352 3230 1403 3260 33.
1430 3239 1472 3260 cu
1495 3230 1585 3261 istius
1610 3229 1714 3268 Lg29:
1751 3237 1792 3259 ex
1819 3228 1905 3258 illius
1931 3226 1988 3265 R3,

249 3278 323 3318 alii,
349 3280 391 3317 Ο;
423 3288 464 3311 ω)
492 3280 584 3310 istius
607 3281 735 3311 iniuriis
760 3289 828 3312 om.
856 3280 926 3312 rell.
955 3282 1054 3321 Lagg.
1084 3299 1119 3303 —
1153 3279 1203 3311 34..
1228 3282 1322 3309 ceter.
1349 3279 1411 3310 Sic.
1440 3279 1523 3310 dett.
1550 3279 1585 3309 O.
1614 3297 1649 3300 —
1674 3278 1882 3318 cognovimus
1904 3276 1987 3309 dett.

252 3345 286 3350 -—
313 3332 380 3360 tum
404 3338 461 3370 ⁰90
483 3338 590 3361 meum
613 3330 637 3360 O
662 3332 778 3361 contra
804 3330 904 3362 codd.
934 3348 969 3352 —
996 3335 1063 3362 ium
1087 3339 1144 3371 ⁰90
1166 3330 1227 3361 mei
1244 3329 1344 3367 Lagg.
1366 3328 1438 3368 (scd
1456 3328 1513 3359 ¹29:
1539 3328 1685 3368 eyomet.)
1707 3345 1740 3349 —
1767 3327 1820 3359 36.
1845 3328 1990 3359 hortatus

249 3381 317 3410 tum
340 3383 374 3409 ut
398 3380 433 3411 R.
463 3398 496 3403 -—
523 3382 558 3410 ui
581 3379 608 3410 ei
631 3379 722 3410 illam
746 3381 847 3419 Lagg.
