2127 3708
558 239 655 279 CAP.
684 237 1067 278 XLVI—XLVIII.
1104 235 1177 289 §§.
1210 232 1457 277 432—438.
1827 234 1881 275 67

145 352 293 392 domus
322 351 425 392 haec
453 350 644 390 habenda
674 354 736 389 est
764 349 903 402 potius
935 362 1060 403 quam
1091 348 1258 388 officina
1287 348 1499 401 nequitiae
1530 361 1576 388 ac
1597 348 1882 388 deversorium

143 415 393 467 flagitiorum
425 412 621 453 omnium.
681 409 773 451 435.
814 413 906 465 Ipse
936 425 1034 451 vero
1067 410 1418 464 quemadmodum
1449 411 1679 461 composito
1711 416 1752 450 et
1781 410 1883 450 deli-

143 477 244 517 buto
291 477 442 530 capillo
488 475 643 528 passim
680 488 755 527 per
792 474 928 513 forum
958 474 1103 513 volitet
1132 487 1225 512 cum
1254 485 1403 525 magna
1434 477 1597 511 caterva
1627 476 1883 524 togatorum,

144 539 317 587 videtis,
347 538 527 585 iudices;
562 534 701 590 [etiam
732 537 903 583 vidctis,
935 532 1132 588 iudices‚]
1175 540 1221 574 ut
1251 548 1394 574 omnes
1426 533 1646 587 despiciat,
1679 539 1722 573 ut
1750 534 1884 573 homi-

144 615 239 641 nem
268 613 366 654 prae
397 613 440 639 se
460 599 669 638 neminem
690 603 826 651 putet,
857 603 904 638 ut
929 612 971 638 se
994 598 1129 638 solum
1148 598 1334 645 beatum,
1365 596 1500 636 solum
1521 600 1733 649 potentem
1754 600 1883 647 putet.
1914 596 1933 625 5

145 664 262 712 Quae
292 675 389 703 vero
421 659 573 701 efficiat
603 666 643 701 et
674 674 779 713 quae
811 665 1006 707 conetur,
1038 660 1072 699 si
1102 660 1226 699 velim
1248 672 1595 705 commemorare,
1627 670 1793 704 vereor,
1824 657 1886 695 iu-

145 726 280 773 dices,
310 737 362 764 ne
393 723 486 777 quis
517 723 1008 775 imperitiorexistimet,
1040 736 1104 761 me
1136 736 1301 762 causam
1333 721 1564 760 nobilitatis
1584 717 1886 771 victoriamque

143 787 325 828 voluisse
356 786 542 825 laedere:
587 785 751 825 tametsi
783 799 874 825 meo
906 785 995 824 iure
1026 798 1220 837 possum,
1262 785 1296 824 si
1327 784 1428 837 quid
1458 783 1499 822 in
1529 783 1606 822 hac
1638 785 1753 834 parte
1785 780 1886 819 mihi

143 863 226 890 non
266 849 448 902 placeat,
486 848 736 900 vituperare.
795 849 886 887 Non
929 847 1038 887 enim
1069 860 1215 887 vereor
1257 860 1308 886 ne
1349 846 1442 899 quis
1480 845 1662 885 alienum
1703 855 1768 882 me
1799 841 1889 881 ani-

143 923 254 950 mum
284 909 478 949 habuisse
508 923 533 949 a
563 922 686 949 causa
712 909 942 949 nobilitatis
964 909 1186 948 existimet.
1245 908 1410 948 XLVII.
1441 905 1534 946 436.
1567 906 1714 946 Sciunt
1733 904 1783 952 ii,
1815 903 1886 957 qui
1902 907 1936 935 ⁴0

143 985 208 1012 me
238 976 415 1019 norunt,
452 985 516 1011 me
556 985 632 1024 pro
664 972 735 1011 illa
764 972 879 1011 tenui
910 969 1156 1024 infirmaque
1187 976 1324 1023 parte,
1366 974 1639 1023 posteaquam
1669 967 1733 1014 id,
1775 966 1888 1019 quod

144 1034 322 1074 maxime
352 1033 489 1081 volui,
519 1031 609 1073 fieri
638 1047 723 1073 non
754 1034 908 1086 potuit,
939 1038 984 1072 ut
1004 1038 1348 1085 componeretur,
1378 1032 1420 1071 id
1440 1031 1619 1071 maxime
1640 1028 1888 1075 defendisse,

142 1101 190 1136 ut
220 1095 249 1135 ii
282 1095 513 1143 vincerent,
546 1096 617 1149 qui
650 1096 850 1135 vicerunt.
911 1095 1014 1143 Quis
1047 1095 1157 1134 enim
1188 1100 1296 1142 erat,
1335 1094 1407 1148 qui
1446 1106 1531 1133 non
1559 1093 1718 1133 videret
1754 1089 1890 1130 humi-

144 1158 303 1198 litatem
335 1171 428 1197 cum
459 1158 660 1211 dignitate
691 1159 740 1198 (le
771 1158 1044 1210 amplitudine
1070 1157 1350 1197 contendere?
1382 1169 1465 1209 quo
1487 1156 1530 1194 in
1552 1154 1776 1195 certamine
1797 1165 1891 1205 per-

145 1220 220 1260 diti
250 1220 352 1260 civis
373 1225 460 1260 erat
480 1234 563 1260 non
586 1234 629 1260 se
652 1220 703 1260 ad
725 1233 796 1260 eos
818 1221 1010 1272 iungere,
1042 1220 1193 1273 quibus
1216 1218 1495 1258 incolumibus
1517 1221 1558 1256 et
1579 1216 1690 1256 domi
1712 1214 1940 1268 dignitas⁴5

146 1288 188 1323 et
214 1283 316 1323 foris
346 1283 569 1322 auctoritas
598 1283 861 1322 retineretur.
921 1282 1038 1330 Quae
1076 1281 1259 1335 perfecta
1289 1293 1380 1320 esse
1412 1285 1452 1319 et
1483 1292 1604 1319 suum
1634 1278 1786 1331 cuique
1815 1277 1892 1316 ho-

145 1358 291 1386 norem
320 1350 361 1385 et
391 1345 562 1398 gradum
592 1345 800 1384 redditum
832 1345 1012 1397 gaudeo,
1043 1345 1225 1392 iudices,
1255 1344 1609 1396 vehementerque
1638 1340 1792 1386 laetor,
1825 1351 1892 1378 ea-

147 1422 228 1463 que
260 1408 399 1448 omnia
429 1408 603 1447 deorum
632 1407 868 1455 voluntate,
900 1407 1038 1447 studio
1060 1406 1207 1460 populi
1228 1406 1424 1453 Romani,
1456 1404 1632 1445 consilio
1655 1407 1696 1442 et
1715 1401 1891 1454 imperio

147 1476 188 1511 et
223 1471 420 1511 felicitate
459 1471 504 1509 L.
537 1470 676 1510 Sullae
717 1475 831 1523 gesta
870 1483 959 1509 esse
997 1469 1200 1522 intelligo.
1266 1466 1360 1508 437.
1401 1467 1526 1516 Quod
1556 1465 1892 1506 animadversum

147 1539 210 1574 est
239 1534 281 1573 in
312 1546 404 1581 eos,
436 1533 508 1586 qui
529 1538 674 1573 contra
695 1533 808 1572 omni
830 1532 992 1572 ratione
1013 1534 1273 1585 pugnarunt,
1303 1544 1389 1571 non
1410 1530 1542 1569 debeo
1563 1526 1941 1581 reprehenderez20

147 1596 261 1649 quod
303 1596 403 1635 viris
444 1594 643 1643 fortibus,
686 1608 866 1648 quorum
908 1607 1036 1647 opera
1077 1593 1231 1633 eximia
1261 1593 1305 1633 in
1333 1593 1458 1633 rebus
1489 1589 1682 1645 gerendis
1712 1587 1892 1634 exstitit,

146 1657 281 1697 honos
311 1657 479 1697 habitus
511 1662 593 1705 est,
624 1658 762 1697 laudo.
814 1657 931 1705 Quae
960 1661 1006 1696 ut
1036 1654 1202 1704 fierent,
1232 1656 1388 1696 idcirco
1420 1658 1649 1708 pugnatum
1675 1664 1765 1691 esse
1787 1650 1894 1689 arbi-

147 1724 256 1768 tror,
287 1733 438 1773 meque
468 1719 511 1759 in
542 1733 591 1759 eo
624 1720 762 1759 studio
794 1719 974 1772 partium
1002 1718 1132 1758 fuisse
1153 1717 1367 1758 confiteor.
1411 1719 1484 1758 Sin
1515 1722 1654 1757 autem
1683 1715 1726 1754 id
1756 1718 1893 1753 actum

149 1787 212 1822 est
242 1786 283 1822 et
312 1781 466 1821 idcirco
497 1794 611 1821 arma
642 1787 806 1834 sumpta
836 1786 954 1829 sunt,
991 1786 1038 1820 ut
1073 1780 1265 1820 homines
1295 1780 1496 1834 postremi
1525 1778 1715 1833 pecuniis
1745 1776 1894 1816 alienis

150 1844 505 1897 locupletarentur
542 1848 583 1882 et
628 1843 672 1882 in
701 1843 890 1883 fortunas
918 1843 1044 1882 unius
1074 1843 1277 1896 cuiusque
1306 1843 1510 1895 impetum
1539 1841 1740 1887 facerent,
1782 1843 1824 1878 et
1852 1838 1894 1877 id
1908 1843 1945 1874 25

151 1920 236 1946 non
267 1906 390 1945 modo
422 1918 466 1944 re
495 1905 718 1958 prohibere
744 1919 829 1945 non
851 1905 966 1952 licet,
997 1905 1069 1944 sed
1096 1917 1147 1943 ne
1168 1903 1305 1943 verbis
1326 1904 1498 1957 quidem
1516 1903 1777 1955 vituperare,
1807 1905 1895 1940 tum

150 1981 249 2009 vero
280 1968 361 2007 isto
391 1967 502 2006 hello
534 1981 618 2007 non
648 1972 855 2007 recreatus
885 1979 1022 2020 neque
1052 1966 1287 2013 restitutus,
1319 1966 1391 2005 sed
1423 1965 1617 2005 subactus
1649 1975 1895 2016 oppressus-

152 2043 234 2084 que
263 2029 444 2083 populus
474 2029 684 2069 Romanus
716 2035 789 2069 est.
849 2026 941 2068 438.
980 2030 1134 2069 Verum
1169 2028 1291 2081 longe
1329 2028 1451 2068 aliter
1489 2032 1572 2075 est3
1612 2024 1717 2065 nihil
1744 2024 1895 2064 horum

151 2096 234 2140 est,
264 2091 435 2131 iudices.
479 2091 571 2130 Non
601 2092 725 2130 modo
747 2105 832 2131 non
853 2091 1040 2131 laedetur
1060 2104 1185 2131 causa
1205 2090 1458 2138 nobilitatis,
1489 2089 1524 2129 si
1544 2088 1635 2128 istis
1654 2086 1895 2127 hominibus

149 2153 370 2200 resistetis,
399 2166 543 2193 verum
575 2153 698 2193 etiam
729 2153 955 2193 ornabitur.
1014 2154 1197 2193 XLVIII.
1227 2153 1393 2193 Etenim
1423 2152 1497 2206 qui
1526 2151 1630 2191 haec
1659 2149 1894 2201 vituperare
1908 2156 1945 2186 30

147 2215 314 2262 volunt,
348 2214 664 2267 Chrysogonum
694 2219 854 2255 tantum
883 2228 1008 2268 posse
1031 2219 1287 2268 queruntur3
1318 2214 1390 2268 qui
1410 2214 1581 2254 laudare
1601 2211 1767 2258 volunt,
1798 2223 1897 2250 con-

149 2290 311 2317 cessum
336 2276 374 2316 ei
400 2289 485 2315 non
512 2290 603 2316 esse
635 2282 973 2317 commemorant.
1012 2278 1070 2317 Ac
1097 2277 1179 2317 iam
1200 2277 1304 2317 nihil
1335 2280 1415 2324 est,
1446 2276 1561 2330 quod
1583 2274 1805 2329 quisquam
1825 2277 1898 2313 aut

144 2344 233 2380 tam
259 2338 411 2380 stultus
438 2344 511 2379 aut
534 2344 618 2379 tam
638 2339 852 2393 improbus
874 2340 940 2387 sit,
971 2340 1043 2393 qui
1066 2339 1197 2379 dicat:
1230 2339 1416 2380 «Vellem
1437 2338 1610 2392 quidem
1631 2338 1793 2378 liceret:
1816 2336 1897 2376 hoc

151 2401 396 2444 dixissem»)
420 2401 532 2442 dicas
553 2401 662 2442 licet.
696 2402 810 2441 «Hoc
829 2401 1069 2442 fecissem:»
1102 2401 1229 2441 facias
1250 2401 1369 2450 licet3
1400 2413 1523 2441 nemo
1542 2399 1749 2453 prohibet.
1782 2398 1896 2437 «Hoc

150 2463 425 2505 decrevissem
437 2477 471 2503 z»
492 2464 682 2513 decerne,
700 2464 824 2504 modo
839 2468 971 2513 recte;
986 2477 1129 2505 omnes
1147 2464 1449 2518 approbabunt.
1468 2462 1581 2503 «Hoc
1598 2461 1893 2502 iudicassem:»
1909 2468 1946 2498 35

235 2614 267 2646 4.
292 2621 392 2654 quam
415 2620 485 2645 om.
504 2613 575 2644 Gv.
599 2627 633 2635 -
661 2620 700 2643 ac
723 2612 776 2644 M:
803 2613 839 2644 et
861 2612 1034 2644 GOvac.
1055 2629 1088 2634 —-
1110 2611 1325 2644 diversorium
1341 2611 1521 2644 GMvae.
1543 2628 1578 2633 —
1603 2610 1634 2641 2.
1661 2608 1794 2640 dilibuto
1810 2608 1894 2640 MC.

153 2681 189 2687 -—
213 2662 246 2697 4.
270 2663 368 2696 etiofm
389 2662 503 2695 videtis
523 2662 646 2694 iudices
668 2662 794 2701 MCT,
830 2663 907 2694 Par.
932 2661 963 2694 8.
990 2662 1040 2701 9.‚
1073 2662 1207 2700 Franc.‚
1234 2662 1376 2693 Lvac:
1410 2669 1479 2692 om.
1506 2659 1561 2691 ed.
1586 2659 1714 2691 Manut.
1740 2657 1835 2689 4540.
1862 2659 1897 2688 et

150 2713 264 2747 Madv.
289 2713 323 2746 in
347 2712 404 2745 ed.
429 2712 498 2751 111.⁷
523 2713 638 2751 recte,
663 2713 701 2743 ut
724 2711 879 2750 videtur3
916 2714 946 2742 et
966 2720 1068 2743 unum
1089 2711 1203 2743 videtis
1225 2713 1301 2743 Par.
1328 2711 1358 2743 4.
1384 2710 1430 2749 4.,
1455 2708 1550 2750 quod
1574 2707 1716 2739 Steinm.
1742 2707 1894 2747 recepit;

151 2766 181 2795 et
201 2762 352 2795 invidetis
379 2765 409 2795 et
435 2771 539 2794 unum
567 2762 681 2793 videtis
704 2762 748 2801 G3
784 2762 884 2793 etiam
905 2761 1019 2793 videtis
1042 2761 1121 2801 (om.
1146 2760 1277 2801 iudices)
1302 2761 1391 2793 coni.
1417 2761 1495 2791 Gar.
1521 2759 1572 2796 23
1610 2761 1640 2789 et
1660 2765 1760 2795 unus,
1784 2755 1899 2787 videtis

150 2813 206 2845 Or.
231 2813 271 2851 2;
297 2815 327 2845 et
347 2821 417 2844 una
436 2812 551 2843 videtis
572 2810 679 2844 Klotz.
698 2811 729 2844 2.
758 2829 793 2834 —
818 2814 854 2842 ut
877 2812 955 2842 ante
978 2811 1138 2842 hominem
1160 2819 1228 2842 om.
1249 2812 1286 2842 G.
1315 2828 1350 2832 —
1380 2809 1431 2841 40.
1455 2807 1634 2840 nobilitatis
1656 2814 1725 2837 om.
1751 2805 1829 2836 Sch.
1858 2822 1893 2826 -

148 2862 321 2894 existumet
344 2862 381 2894 C.
410 2879 446 2885 —
472 2862 524 2893 44.
546 2870 609 2901 pro
632 2861 692 2892 illa
714 2860 837 2893 codd:
865 2869 929 2901 pro
959 2869 1033 2892 mea
1062 2860 1175 2892 Madv.
1202 2859 1393 2891 admodum
1415 2856 1653 2900 probabiliter.
1681 2873 1716 2878 —
1743 2855 1829 2894 quod
1850 2863 1895 2887 m.

148 2911 248 2954 volui]
273 2919 374 2952 quum
395 2919 440 2943 m.
464 2911 623 2943 voluerim
645 2911 723 2943 Seh.
751 2928 785 2932 —
824 2909 876 2942 44.
909 2919 984 2941 cum
1011 2910 1167 2951 diynitate
1196 2911 1235 2942 de
1265 2910 1479 2949 amplitudine
1502 2906 1623 2939 codd.:
1658 2913 1732 2936 cum
1754 2904 1842 2944 dign.
1868 2907 1898 2935 et

150 2961 278 3002 amplit.
302 2961 462 3000 Weiske;
486 2970 564 2993 cum
586 2960 800 3001 amplitudine
821 2959 959 3000 Madvig
982 2960 1043 3000 Op.
1062 2960 1087 2992 I.
1113 2969 1145 3001 p.
1166 2959 1239 2991 440.
1265 2959 1335 2999 Ego
1360 2966 1440 2989 cum
1467 2958 1503 2989 T.
1521 2955 1674 2988 Badenio
1697 2954 1827 2995 (Archiv
1841 2955 1898 2995 fur

149 3010 260 3043 Philol.
285 3011 326 3042 11.
351 3019 385 3052 p.
403 3009 491 3052 340.)
514 3012 551 3042 et
573 3011 677 3043 Ravio
702 3009 796 3051 (Var.
820 3010 918 3041 Lectt.
945 3009 983 3040 ΙΙ.
1009 3017 1042 3050 p.
1069 3008 1156 3048 494.)
1182 3007 1284 3039 codd.
1310 3007 1495 3039 lectionem
1517 3007 1634 3044 tueor,
1661 3013 1702 3036 ex
1727 3012 1794 3044 qua
1815 3003 1898 3035 dicit

150 3061 289 3092 orator:
314 3060 457 3093 homines
479 3061 605 3102 infimos
627 3068 701 3091 cum
721 3059 803 3091 viris
825 3059 982 3100 diqnilate
1003 3059 1183 3098 conspicuis
1206 3058 1286 3099 (quo
1310 3057 1450 3089 nomine
1467 3055 1615 3087 honesto
1638 3051 1772 3085 nobiles
1796 3052 1898 3093 signi-

150 3108 308 3151 ficantur)
343 3111 382 3142 de
414 3109 550 3141 summis
574 3109 609 3140 in
635 3117 672 3141 re
702 3109 791 3148 publ.
816 3107 990 3140 honoribus
1022 3107 1160 3148 (quibus
1184 3106 1373 3148 amplitudo
1395 3104 1607 3148 pariebatur)
1629 3102 1830 3134 contendere.
1858 3119 1893 3124 —-

153 3159 204 3191 ¹25.
231 3160 277 3191 ad
297 3168 350 3192 eos
372 3160 551 3201 adiunyere
573 3160 598 3191 L
621 3158 722 3200 prob.
749 3160 826 3191 Gar.
843 3159 875 3190 2.
904 3174 938 3180 —
972 3157 1023 3189 49.
1048 3158 1085 3189 L.
1111 3166 1180 3189 om.
1207 3158 1245 3189 G.
1273 3174 1307 3178 —
1340 3156 1394 3189 27.
1425 3156 1486 3187 isto
1508 3154 1587 3186 bello
1611 3154 1654 3191 G,
1689 3153 1728 3183 ut
1750 3153 1827 3184 Gar.
1855 3152 1895 3193 (2)

154 3209 322 3242 coniecit:
347 3210 383 3242 in
404 3210 466 3241 isto
488 3209 568 3242 bello
591 3208 693 3241 codd.
712 3207 800 3249 rell.‚
826 3208 863 3240 Ο.
884 3224 921 3231 -
945 3206 1021 3248 non]
1044 3215 1148 3247 neque
1161 3216 1195 3238 v.
1216 3224 1251 3228 »-
1276 3206 1330 3238 29.
1356 3206 1504 3238 laedetur
1526 3212 1565 3236 c:
1589 3201 1731 3234 laeditur
1753 3201 1848 3234 GMv
1862 3210 1894 3241 a,

153 3258 173 3290 5
185 3257 268 3291 Oxx.
289 3276 321 3283 —
343 3259 396 3292 30.
413 3259 473 3292 hoc
486 3268 520 3292 v.
537 3275 573 3281 --
589 3259 647 3291 vit.
663 3259 777 3291 nolunt
790 3259 837 3291 Μ4
849 3283 856 3297 ,
875 3257 956 3290 C.—
973 3256 1026 3288 34.
1044 3256 1066 3288 l.
1079 3256 1185 3288 volent
1200 3257 1247 3289 Ml
1263 3265 1270 3294 3
1294 3256 1316 3288 l.
1330 3256 1446 3289 vellent
1460 3264 1493 3287 v.
1512 3269 1546 3277 —
1573 3252 1625 3284 32.
1639 3260 1706 3283 non
1721 3259 1790 3283 om.
1810 3251 1895 3292 (Ξψ.

157 3324 193 3334 -.-
217 3307 268 3349 ac]
291 3311 352 3341 aut
373 3310 412 3341 G.
441 3326 476 3333 -
500 3309 677 3350 quisquam
699 3312 769 3341 casm
790 3308 815 3341 C
830 3308 870 3340 H.
891 3324 927 3329 —
952 3305 1004 3339 33.
1030 3306 1108 3346 quid
1129 3306 1240 3338 dicunt
1262 3307 1299 3339 G.
1321 3323 1358 3330 —
1381 3305 1436 3339 35.
1459 3304 1554 3337 modo
1575 3301 1707 3335 ratione
1722 3301 1758 3334 T.
1777 3318 1813 3324 --
1839 3300 1898 3332 ad-

151 3355 338 3396 probabunt
359 3359 403 3399 G;
427 3358 613 3402 approbant
632 3367 666 3393 v.
693 3376 730 3383 —
753 3358 812 3391 hoc
832 3357 932 3390 iudic.
956 3355 1138 3390 laudabunt
1159 3364 1230 3389 om.
1254 3356 1293 3388 G.
