2143 3713
649 192 743 234 CAP-
775 190 1022 232 xi—xm.
1060 188 1134 244 §§·
1164 187 1357 230 34-36.
1794 190 1868 232 55¹

134 308 242 348 illius
267 306 539 347 adolescentis
561 302 797 358 Oppianici,
831 302 901 342 Cn.
923 303 1102 355 Magius,
1135 303 1268 355 isque,
1295 314 1388 341 cum
1410 302 1520 354 gravi
1541 303 1683 343 morbo
1704 304 1875 345 affectus

134 376 259 418 esset,
289 367 485 409 heredem
516 366 630 406 illum
659 364 808 404 sororis
846 377 944 404 suae
974 364 1106 404 filium
1138 363 1310 410 faceret,
1341 362 1538 403 adhibitis
1560 365 1728 412 amicis,
1759 379 1876 419 prae-

135 438 250 473 sente
280 436 405 472 matre
437 442 533 475 sua,
569 427 746 472 Dinaea,
784 439 955 466 uxorem
985 438 1100 466 suam
1130 424 1419 478 interrogavit,
1458 431 1620 466 essetne
1650 440 1875 480 praegnas:

134 507 240 548 quae
263 507 355 534 cum
376 506 420 532 se
441 503 530 531 esse
550 486 847 540 respondisset,
879 488 930 527 ab
952 501 1000 527 ea
1021 488 1186 541 petivit,
1217 492 1262 526 ut
1282 499 1326 526 se
1347 492 1509 526 mortuo
1532 488 1643 539 apud
1662 489 1876 538 Dinaeam,

135 569 239 609 quae
270 561 355 595 tum
386 553 423 593 ei
453 549 616 591 mulieri
647 561 789 588 socrus
821 556 927 596 erat,
969 549 1106 602 quoad
1147 553 1331 602 pareret,
1371 547 1576 589 habitaret
1605 549 1908 602 diligentiam-5

136 631 215 671 que
245 616 481 660 adhiberet,
511 616 556 652 ut
585 610 649 658 id,
681 610 791 663 quod
824 616 1093 664 conceperat,
1123 624 1287 651 servare
1319 616 1358 651 et
1378 611 1536 650 salvum
1557 623 1701 664 parere
1721 618 1876 666 posset.

137 681 278 732 ltaque
309 678 346 717 ei
375 677 618 716 testamento
650 671 759 724 legat
789 672 985 725 grandem
1014 674 1231 727 pecuniam
1261 686 1284 713 a
1303 673 1412 720 filio,
1442 673 1478 712 si
1510 672 1581 726 qui
1607 677 1726 713 natus
1749 679 1876 714 esset:

134 741 184 781 ab
226 738 405 780 secundo
446 734 600 775 herede
640 734 743 773 nihil
775 734 894 787 legat.
952 733 1018 775 34..
1051 735 1160 784 Quid
1192 734 1243 775 de
1275 734 1506 788 Oppianico
1538 734 1772 788 suspicatus
1803 735 1878 783 sit,

134 802 298 848 videtis3
340 798 439 852 quid
478 795 687 843 iudicarit,
730 796 951 837 obscurum
990 810 1074 837 non
1113 803 1186 837 est.
1246 798 1367 844 Nam,
1408 797 1526 837 cuius
1565 794 1693 837 filium
1724 797 1879 838 faceret

132 862 348 908 heredem,
390 873 483 900 eum
521 863 696 898 tutorem
734 858 872 899 liberis
903 873 987 899 non
1018 859 1249 912 adscripsit.
1300 858 1410 907 Quid
1441 858 1694 912 Oppianicus
1723 859 1927 908 fecerit,⁴0

134 922 392 977 cognoscite,
431 926 478 961 ut
516 921 632 960 illum
675 920 859 973 Magium
898 921 1137 974 intelligatis
1173 922 1292 975 longe
1323 920 1462 960 animo
1492 923 1760 974 prospexisse
1790 934 1879 962 mo-

132 986 317 1026 rientem.
378 983 494 1031 Quae
532 982 710 1037 pecunia
752 983 913 1023 mulieri
952 984 1086 1035 legata
1115 987 1204 1023 erat
1233 996 1256 1023 a
1284 981 1393 1030 filio,
1432 982 1467 1022 si
1499 983 1572 1036 qui
1602 988 1725 1024 natus
1756 987 1879 1031 esset,

133 1060 223 1087 eam
253 1051 513 1099 praesentem
545 1044 800 1097 Oppianicus
830 1058 915 1085 non
947 1045 1124 1084 debitam
1154 1045 1318 1084 mulieri
1350 1044 1494 1092 solvit,
1527 1044 1561 1085 si
1589 1044 1693 1085 haec
1723 1045 1878 1086 solutio

133 1109 362 1161 legatorum
392 1112 432 1147 et
460 1120 545 1146 non
575 1119 730 1146 merces
761 1106 986 1146 abortionis
1017 1106 1264 1160 appellanda
1295 1113 1368 1147 est.
1429 1105 1521 1154 Quo
1551 1107 1623 1148 illa
1651 1107 1786 1160 pretio
1813 1120 1880 1147 ac-

133 1175 253 1222 cepto
293 1168 518 1222 multisque
558 1174 771 1222 praeterea
811 1169 1071 1216 muneribus,
1111 1181 1217 1222 quae
1261 1173 1347 1208 tum
1387 1181 1439 1208 ex
1474 1168 1626 1209 tabulis
1658 1169 1928 1222 Oppianici&

132 1231 432 1278 recitabantur,
464 1244 579 1284 spem
609 1230 745 1277 illam,
778 1243 901 1284 quam
932 1231 974 1270 in
1004 1230 1097 1270 alvo
1119 1231 1448 1272 commendatam
1472 1243 1496 1270 a
1516 1230 1605 1271 viro
1626 1231 1881 1279 continebat,

134 1295 239 1334 victa
277 1293 446 1333 avaritia
483 1292 628 1333 sceleri
668 1292 886 1345 Oppianici
925 1292 1120 1332 vendidit.
1180 1290 1245 1331 35.
1283 1291 1396 1332 Nihil
1425 1305 1548 1346 posse
1576 1293 1660 1333 iam
1690 1293 1742 1334 ad
1771 1293 1879 1333 hanc

132 1355 438 1409 improbitatem
467 1355 563 1395 addi
594 1354 770 1394 videtur.
818 1355 1027 1394 Attendite
1059 1355 1229 1394 exitum.
1276 1354 1392 1402 Quae
1422 1355 1572 1395 mulier
1601 1356 1880 1397 obtestatione

132 1419 210 1459 viri
245 1418 387 1457 decem
427 1417 510 1457 illis
546 1417 759 1457 mensibus
798 1430 849 1456 ne
891 1416 1060 1456 domum
1101 1417 1269 1470 quidem
1308 1416 1435 1457 ullam
1479 1417 1560 1457 nisi
1599 1430 1740 1458 socrus
1779 1430 1880 1458 suae

132 1493 255 1521 nosse
286 1479 446 1527 debuit,
476 1479 577 1520 haec
609 1479 755 1533 quinto
786 1491 927 1519 mense
958 1484 1053 1532 post
1071 1479 1149 1519 viri
1170 1485 1342 1519 mortem
1368 1479 1449 1532 ipsi
1470 1478 1702 1533 Oppianico
1723 1480 1879 1533 nupsit.
1891 1494 1928 1524 20

133 1544 248 1592 Quae
278 1542 448 1596 nuptiae
479 1555 563 1581 non
585 1542 805 1582 diuturnae
835 1540 1032 1582 fuerunt:
1064 1546 1181 1582 erant
1211 1541 1321 1582 enim
1350 1555 1437 1582 non
1466 1542 1719 1584 matrimonii
1748 1543 1881 1596 digni-

134 1612 236 1654 tate,
267 1605 341 1645 sed
370 1604 537 1645 sceleris
568 1603 766 1644 societate
797 1603 1055 1644 coniunctae.

242 1667 353 1707 XIII.
385 1665 450 1705 36.
483 1665 622 1714 Quid?
653 1665 725 1705 illa
754 1665 902 1706 caedes
923 1667 1069 1707 Asuvii
1089 1665 1316 1715 Larinatis,
1347 1666 1625 1708 adolescentis
1645 1668 1881 1721 pecuniosi,

134 1744 259 1786 quam
299 1730 409 1769 clara
448 1733 533 1769 tum
570 1728 727 1768 recenti
763 1741 808 1767 re
847 1728 923 1768 fuit
962 1734 1002 1769 et
1039 1742 1162 1783 quam
1203 1729 1389 1769 omnium
1425 1743 1616 1770 sermone
1646 1731 1879 1774 celebrata!

134 1795 227 1834 Fuit
263 1791 438 1832 Avillius
478 1790 646 1844 quidam
686 1790 835 1830 Larino
876 1791 1036 1845 perdita
1064 1791 1255 1845 nequitia
1286 1796 1325 1831 et
1361 1805 1521 1833 summa
1551 1797 1756 1846 egestate,
1793 1800 1880 1836 arte
1895 1807 1932 1839 25

135 1855 313 1910 quadam
342 1853 554 1906 praeditus
585 1852 635 1892 ad
655 1853 847 1893 libidines
869 1854 1275 1894 adolescentulorum
1297 1854 1536 1895 excitandas
1557 1857 1883 1906 accommodata,

135 1918 207 1971 qui
236 1922 281 1956 ut
320 1929 363 1955 se
403 1914 617 1955 blanditiis
649 1920 687 1955 et
717 1917 1066 1956 assentationibus
1095 1916 1137 1955 in
1166 1916 1310 1957 Asuvii
1340 1918 1687 1959 consuetudinem
1715 1919 1882 1972 penitus

137 1978 360 2025 immersit,
402 1976 656 2030 Oppianicus
688 1979 883 2018 continuo
915 1992 1082 2032 sperare
1113 1979 1268 2031 coepit,
1303 1978 1385 2019 hoc
1415 1992 1460 2019 se
1488 1980 1640 2021 Avillio
1670 1984 1883 2036 tamquam

134 2040 274 2093 aliqua
306 2039 500 2079 machina
530 2039 697 2080 admota
727 2053 873 2093 capere
904 2042 1047 2081 Asuvii
1077 2040 1400 2081 adolescentiam
1421 2046 1462 2082 et
1480 2041 1670 2083 fortunas
1691 2044 1780 2084 eius
1810 2057 1884 2098 pa-

135 2103 232 2142 trias
273 2115 512 2156 expugnare
555 2115 691 2155 posse.
752 2103 871 2143 Ratio
916 2103 1149 2156 excogitata
1189 2103 1330 2143 Larini
1361 2108 1444 2151 est,
1481 2117 1546 2144 res
1577 2106 1775 2146 translata
1803 2107 1932 2152 Ilo-30

134 2179 253 2206 mam.
312 2165 420 2204 Inire
459 2164 568 2204 enim
607 2165 827 2204 consilium
865 2166 1028 2206 facilius
1069 2166 1113 2205 in
1149 2165 1395 2213 solitudine,
1440 2164 1639 2219 perficere
1675 2182 1763 2209 rem
1794 2169 1883 2210 eius

135 2227 246 2268 modi
274 2227 532 2267 commodius
562 2227 605 2267 in
633 2227 752 2267 turba
781 2241 906 2280 posse
936 2227 1122 2269 arbitrati
1152 2233 1260 2267 sunt.
1307 2228 1487 2269 Asuvius
1514 2241 1608 2269 cum
1627 2230 1780 2271 Avillio
1801 2232 1883 2272 Ro-

219 2358 249 2389 4.
276 2357 347 2399 Cn.]
369 2358 544 2389 Numerius
566 2358 586 2388 S
600 2358 635 2389 T.
667 2357 715 2389 Cf.
736 2357 833 2398 321.
856 2375 890 2380 -
916 2358 1007 2398 isque
1030 2366 1104 2389 cam
1126 2359 1168 2389 P:
1194 2358 1222 2389 is
1237 2358 1293 2397 qui
1310 2358 1389 2397 (om.
1408 2359 1490 2399 cum)
1509 2359 1553 2397 T;
1578 2360 1669 2399 isque
1690 2362 1793 2394 RAL
1807 2361 1829 2396 8
1844 2364 1881 2395 O.

136 2425 171 2429 ψ
189 2408 220 2439 2.
239 2411 317 2439 osset.
339 2406 511 2439 Halmius:
537 2410 614 2438 esset
636 2410 666 2438 et
689 2408 806 2438 ceteri.
825 2425 859 2430 —
878 2408 1008 2440 adibitis
1024 2408 1094 2448 (sic)
1120 2408 1235 2439 amieis
1258 2408 1298 2439 P:
1325 2409 1440 2440 amicis
1463 2409 1613 2441 adhibitis
1634 2412 1660 2443 R
1674 2413 1701 2443 A
1714 2412 1738 2444 L
1752 2410 1772 2444 53
1786 2413 1823 2445 O.
1844 2430 1880 2436 —

134 2458 164 2489 3.
186 2466 354 2498 ρναεφιαε
376 2458 424 2489 M:
446 2465 637 2497 praegnans
659 2457 778 2488 ceteri.
806 2474 840 2479 —
866 2458 897 2488 5.
924 2459 1009 2497 quod
1032 2459 1207 2498 adpareret
1229 2459 1252 2489 F
1265 2459 1307 2489 M.
1336 2477 1372 2481 —
1398 2458 1428 2490 6.
1454 2467 1588 2491 servare
1609 2464 1639 2492 et
1660 2462 1701 2493 P:
1738 2466 1886 2495 servaret

133 2511 169 2540 ut
198 2505 384 2539 RALQO.
418 2524 452 2529 —
490 2507 614 2538 salvom
642 2509 678 2539 P.
709 2525 743 2529 ——
776 2515 897 2547 parere
919 2511 948 2539 et
972 2511 1094 2548 posset,
1132 2516 1221 2548 quae
1245 2507 1473 2549 Palimpsesto
1497 2509 1700 2542 Taurinensi
1723 2511 1886 2544 tribuitur

135 2558 255 2596 lecim,
293 2556 443 2589 debetur
471 2558 619 2597 Peyroni
655 2558 768 2598 operis
806 2557 889 2598 (rid.
916 2557 1126 2599 Corrigenda
1155 2567 1184 2589 a.
1211 2557 1306 2590 4825.
1332 2567 1492 2590 seorsum
1527 2559 1647 2599 edita):
1684 2561 1740 2592 cui
1774 2562 1885 2593 errori

135 2607 283 2640 Klotzius
313 2609 542 2648 superstruxit
578 2608 814 2640 coniecturam
835 2615 956 2648 parere
983 2610 1019 2638 ui
1045 2611 1151 2647 posset
1172 2609 1333 2640 Prooem.
1361 2608 1416 2640 ed.
1443 2607 1501 2640 alt.
1525 2618 1560 2650 p.
1584 2610 1701 2642 XVIII.
1728 2628 1762 2633 —
1782 2612 1887 2651 possit

135 2659 168 2689 S.
195 2672 231 2679 -
264 2656 296 2688 7.
321 2657 408 2698 esset]
434 2658 494 2689 erit
517 2658 586 2689 ST.
624 2658 673 2690 Cf.
699 2667 732 2689 v,
759 2658 811 2689 42.
840 2674 872 2680 -
907 2657 938 2689 8.
963 2656 1015 2698 ab]
1040 2661 1069 2689 et
1091 2658 1116 2689 P
1138 2666 1191 2698 pr.
1216 2666 1263 2690 m.
1292 2675 1326 2680 —
1364 2658 1394 2690 9.
1419 2658 1613 2691 iudicaverit
1635 2660 1705 2692 ST.
1731 2677 1768 2682 —
1793 2662 1886 2693 cuius

134 2707 248 2739 PST:
281 2715 354 2738 cum
376 2706 444 2737 eius
466 2705 652 2739 RALQO.
684 2725 720 2730 —-
752 2707 804 2738 40.
840 2706 989 2747 tutorem]
1018 2710 1184 2739 auctorem
1212 2708 1285 2740 FA.
1317 2724 1353 2731 -
1386 2708 1439 2740 44.
1469 2709 1574 2750 lonqe]
1600 2717 1666 2741 non
1691 2709 1784 2750 lonye
1810 2709 1882 2742 ST.

138 2774 171 2777 —
198 2756 251 2787 42.
277 2755 364 2797 esset]
389 2755 449 2787 erit
471 2756 541 2787 ST.
568 2756 617 2788 Cf.
643 2766 676 2788 v.
702 2757 733 2788 7.
760 2773 795 2778 -
823 2755 874 2787 44.
900 2759 945 2787 est
968 2764 1037 2787 om.
1056 2757 1144 2788 T.—
1171 2757 1224 2788 45.
1250 2759 1330 2798 tum]
1352 2767 1428 2790 cum
1451 2759 1557 2790 STF.
1574 2777 1609 2782 —
1635 2759 1688 2791 20.
1710 2762 1784 2798 post
1804 2759 1881 2801 viri]

129 2805 294 2846 postulari
308 2806 387 2837 P.—-
405 2804 458 2836 23.
475 2805 598 2848 Asuvii]
613 2807 691 2839 Asai
706 2808 749 2845 Ρς
773 2806 862 2838 Asini
877 2806 927 2843 M;
951 2806 1055 2837 Asinii
1077 2807 1099 2838 F
1112 2808 1140 2838 A
1153 2807 1177 2838 L
1191 2804 1211 2839 2
1225 2807 1266 2845 Ο;
1299 2816 1367 2840 om.
1387 2809 1408 2840 S
1421 2808 1457 2840 T.
1484 2807 1534 2840 Cf.
1559 2817 1591 2840 V.
1610 2808 1662 2840 29.
1682 2808 1734 2840 32.
1752 2817 1787 2850 p.
1805 2809 1880 2840 552.

133 2864 165 2886 v.
191 2855 221 2886 9.
250 2871 285 2877 --
316 2855 511 2887 Larinitatis
533 2858 569 2888 P.
601 2874 635 2879 -
672 2856 726 2888 24.
752 2856 830 2897 tum]
863 2864 936 2886 cum
964 2853 1037 2888 ΑΒ.
1072 2873 1108 2878 --
1144 2857 1262 2888 recenti
1288 2866 1324 2889 re
1353 2857 1416 2898 fuit
1438 2860 1468 2889 et
1490 2867 1591 2897 quam
1611 2859 1655 2890 P:
1679 2858 1742 2898 fuit
1763 2859 1885 2890 recenti

135 2913 234 2944 quam
256 2905 277 2936 S
290 2905 330 2942 T;
356 2913 466 2937 recens
487 2906 550 2945 fuit
572 2915 671 2946 quam
693 2908 720 2938 A
733 2905 771 2943 ἒς
799 2906 917 2937 recenti
938 2914 975 2938 re
998 2915 1098 2945 quam
1113 2906 1155 2943 L;
1180 2907 1300 2939 recenti
1323 2916 1359 2939 re
1379 2907 1442 2947 fuit
1465 2915 1565 2947 quam
1581 2909 1604 2940 F
1618 2908 1651 2939 M
1663 2907 1700 2939 Ο.
1721 2924 1755 2929 -
1783 2916 1884 2947 quam

134 2955 169 2986 in
191 2955 333 2987 omnium
356 2955 426 2986 ST.
448 2972 484 2978 —
511 2956 563 2987 25.
588 2957 722 2988 Avillius
744 2959 768 2989 P
782 2958 802 2988 S
817 2957 840 2988 T
857 2956 1101 2996 (constanter):
1126 2955 1252 2988 Aialius
1274 2955 1391 2994 AL&
1416 2956 1540 2989 Avilius
1556 2958 1578 2989 F
1593 2958 1626 2989 M
1639 2957 1674 2988 O.
1696 2973 1731 2978 -
1758 2957 1882 2989 Larino

135 3004 245 3036 PST:
271 3005 413 3036 Larinas
435 3005 538 3036 RAL
552 3003 571 3037 Q
585 3006 622 3037 Ο.
657 3006 707 3038 Cf.
732 3005 951 3045 Wesenberg
975 3004 1018 3035 ad
1043 3013 1092 3036 or.
1118 3013 1151 3046 p.
1171 3006 1280 3038 Sestio
1303 3015 1337 3047 p.
1357 3006 1409 3038 33.
1436 3008 1563 3046 (Larini
1584 3008 1678 3039 homo
1701 3005 1880 3047 Halmius.)

139 3071 175 3076 ——
194 3055 323 3093 perdito
345 3063 367 3085 a
388 3054 567 3094 nequitiam
589 3056 625 3086 P.
652 3073 687 3077 —
714 3060 786 3088 arte
808 3055 952 3096 quadam
967 3071 1015 3076 --
1031 3056 1280 3086 accommodata
1294 3057 1484 3088 Arusianus
1506 3058 1654 3089 Messius
1677 3065 1710 3097 p.
1730 3057 1803 3087 242.
1824 3056 1879 3088 ed.

137 3102 292 3135 Lindem.
309 3122 344 3126 —
368 3104 422 3136 26.
439 3104 668 3136 exercitandas
683 3106 718 3136 P.
739 3123 772 3127 —
791 3105 1038 3137 accommodata
1054 3105 1077 3136 P
1097 3104 1136 3143 (si
1150 3104 1239 3137 fides
1256 3107 1307 3138 est
1321 3107 1470 3147 Peyroni
1486 3106 1650 3146 silentio),
1675 3106 1879 3146 Arusianus,

139 3153 163 3183 L
177 3149 254 3184 20:
280 3155 542 3186 accommodatus
563 3155 639 3186 ΒΑ.
661 3173 695 3177 -
721 3156 773 3187 27.
800 3154 1071 3187 absentationibus
1086 3155 1122 3186 T.
1142 3172 1177 3176 —
1203 3155 1280 3186 Asai
1302 3156 1344 3193 P;
1368 3156 1479 3188 Asuivi
1494 3157 1580 3194 TM;
1605 3156 1691 3188 Ascii
1713 3155 1753 3193 S;
1778 3155 1882 3187 Asinii

140 3200 319 3234 FALsso.
340 3221 375 3226 —
401 3204 453 3235 29.
471 3204 582 3235 Asuvii
604 3205 653 3235 M:
678 3205 755 3236 Asui
771 3207 814 3242 P;
839 3205 925 3237 Ascii
947 3206 967 3236 S
981 3205 1021 3242 T}
1046 3204 1148 3236 Asinii
1172 3202 1352 3237 FALQO.
1373 3223 1409 3228 —
1435 3206 1487 3238 30.
1506 3214 1595 3238 rome
1611 3206 1643 3237 S.
1664 3223 1700 3227 —
1725 3205 1777 3237 34.
1796 3205 1882 3237 inire

140 3250 164 3281 P
177 3250 199 3281 F
213 3250 254 3281 O:
279 3250 357 3283 iniri
378 3253 399 3284 S
412 3254 436 3285 T
448 3255 480 3286 M
492 3255 516 3285 L
530 3252 550 3286 53
564 3254 601 3285 O.
622 3272 656 3276 —
681 3256 853 3287 consiliam
875 3257 896 3286 S
910 3256 933 3287 T
947 3256 968 3287 F
981 3256 1031 3287 M:
1059 3255 1093 3285 id
1107 3254 1275 3286 consilium
1290 3255 1314 3286 P
1339 3255 1378 3295 (si
1392 3254 1480 3287 fides
1497 3257 1551 3288 est
1570 3254 1718 3295 Peyroni
1733 3252 1878 3294 silentio)

140 3300 168 3331 A
181 3301 204 3332 L
218 3297 238 3333 Ω
251 3301 287 3333 O.
308 3319 343 3325 —
363 3304 478 3345 perfici
493 3302 559 3337 [Β.
581 3321 614 3327 -
634 3313 703 3336 rem
719 3313 788 3338 om.
807 3306 850 3338 M.
868 3323 902 3327 —
929 3305 982 3336 32.
1003 3313 1096 3345 posse
1111 3313 1143 3337 se
1157 3304 1420 3338 Mommsenius.
1438 3321 1472 3329 -
1491 3305 1629 3338 Asuvius
1642 3304 1676 3336 h.
1694 3302 1716 3336 l.
1734 3303 1874 3337 PSTM.
