2143 3713
656 232 751 272 οη.
784 231 1023 271 vni-1x.
1063 228 1135 283 §5-
1167 227 1360 270 fio-21.
1812 227 1893 268 7-23

263 342 323 383 18.
358 343 655 392 «Quaesturam
688 357 768 382 una
801 344 938 395 petiit,
971 348 1011 382 et
1042 355 1131 382 sum
1163 355 1239 394 ego
1270 341 1402 381 factus
1433 343 1584 393 prior.»
1633 343 1723 382 Non
1746 347 1808 382 est
1830 355 1893 381 re-

149 406 434 460 spondendum
466 406 516 445 ad
536 405 685 445 omnia.
731 407 875 458 Neque
897 405 1006 444 enim
1029 409 1207 443 vestrum
1229 415 1481 456 quemquam
1507 403 1631 455 fugit,
1663 417 1754 443 cum
1777 403 1894 443 multi

146 480 264 520 pares
305 466 501 519 dignitate
537 466 658 512 fiant,
702 480 808 505 unus
848 472 984 506 autem
1026 467 1202 518 primum
1245 464 1357 504 sotus
1398 465 1526 516 possit
1557 465 1765 511 obtinere,
1811 478 1893 504 non

147 528 322 568 eundem
354 542 444 568 esse
476 527 661 567 ordinem
696 528 907 581 dignitatis
931 534 970 567 et
1000 525 1338 572 renuntiationis,
1370 530 1589 578 propterea
1611 527 1723 580 quod
1745 539 1895 566 renuu-

146 590 262 629 tiatio
292 590 443 642 gradus
472 589 642 635 habeat,
683 590 860 639 ‹lig-nitas
902 595 1038 629 antem
1070 589 1122 628 sit
1151 600 1352 640 persaepe
1384 587 1529 627 eadem
1559 588 1753 627 omnium.
1814 586 1927 626 Sed-‘3

146 656 368 704 quaestura
396 651 611 703 utriusque
646 665 769 704 prope
803 651 966 691 modum
997 651 1085 703 pari
1118 656 1326 689 momento
1356 650 1481 689 sortis
1511 649 1601 689 fuit.
1646 649 1799 689 Habuit
1829 649 1894 688 hic

145 712 234 765 lege
265 713 374 752 Titia
402 712 656 765 provinciam
690 714 853 752 tacitam
885 720 923 752 et
946 714 1150 766 quietam:
1183 718 1225 751 tu
1249 711 1384 759 illam,
1417 712 1504 759 cui,
1540 725 1631 751 cum
1655 718 1896 765 quaestores

144 774 389 820 sortiuntur,
422 773 544 812 etiam
568 773 790 813 adclamari
812 775 938 821 solet,
969 774 1228 819 Ostiensem,
1260 787 1343 813 non
1374 778 1457 813 tam
1489 773 1708 826 gratiosam
1733 777 1774 812 et
1802 772 1896 811 illu-

144 842 267 876 strem
298 848 421 889 quam
453 836 708 887 negotiosam
742 843 781 876 et
812 838 1038 876 molestam.
1073 835 1272 875 Consedit
1292 836 1511 888 utriusque
1533 848 1682 874 nomen
1706 834 1748 873 in
1771 846 1896 887 quae-

144 903 277 945 stura3
318 897 476 936 nullum
519 897 627 936 enim
661 898 776 937 vobis
810 912 896 937 sors
928 912 1116 950 campum
1149 897 1285 943 dedit,
1327 898 1367 936 in
1400 910 1483 950 quo
1515 909 1734 936 excurrere
1765 896 1895 935 virtus
1913 903 1946 929 40

143 959 423 1012 cognoscique
465 965 617 1011 posset.
686 957 743 998 Η).
775 960 936 1013 Reliqui
976 960 1171 1011 temporis
1204 959 1382 1011 spatium
1414 959 1456 998 in
1489 959 1794 999 contentionem
1827 973 1895 997 vo-

143 1027 282 1060 catur:
327 1021 376 1059 ab
416 1026 596 1074 utroque
639 1021 914 1060 dissimillima
956 1021 1116 1060 ratione
1147 1025 1362 1060 tractatum
1395 1026 1468 1060 est.
1529 1021 1600 1060 IX.
1632 1020 1800 1059 Servius
1829 1020 1895 1059 hic

141 1083 355 1123 nobiscum
386 1081 493 1122 hanc
526 1083 721 1122 urbanam
755 1084 940 1123 militiam
972 1081 1276 1134 respondendi,
1317 1081 1548 1128 scribendi,
1582 1083 1779 1129 cavendi,
1809 1082 1896 1135 ple-

141 1157 235 1183 nam
267 1144 561 1183 sollicitudinis
593 1158 638 1183 ac
669 1145 895 1190 stomachi,
939 1150 1105 1184 secutus
1137 1150 1218 1183 cst:
1259 1144 1323 1182 ius
1364 1144 1485 1183 civile
1517 1143 1679 1184 didicit:
1722 1144 1895 1184 multum

141 1206 326 1258 vigilavit
370 1205 591 1245 laboravit:
634 1213 799 1258 praesto
839 1206 978 1245 multis
1018 1204 1117 1244 fuit:
1161 1205 1385 1244 multorum
1425 1205 1642 1246 stultitiam
1673 1213 1946 1259 perpessus⁴5

142 1273 225 1314 est,
257 1268 533 1319 arrogantiam
564 1268 752 1320 pertulit,
785 1266 1069 1307 difficultatem
1100 1267 1339 1306 exsorbuit:
1371 1267 1475 1306 vixit
1504 1267 1554 1307 ad
1586 1267 1764 1307 aliorum
1790 1267 1897 1306 arbi-

143 1330 284 1377 trium,
325 1343 408 1369 non
451 1329 502 1368 ad
545 1343 678 1368 suum.
739 1331 887 1382 Magna
926 1329 1015 1368 laus
1048 1334 1087 1368 et
1117 1335 1231 1381 grata
1260 1328 1498 1368 hominibus
1529 1342 1657 1368 unum
1687 1329 1896 1369 hominem

142 1391 354 1431 elaborare
385 1391 428 1430 in
460 1404 507 1430 ea
539 1392 730 1437 scientia,
763 1404 869 1444 quae
902 1391 955 1430 sit
975 1391 1115 1431 multis
1135 1390 1364 1444 profutura.
1413 1388 1479 1429 ΞΟ.
1503 1390 1613 1439 Quid
1642 1393 1814 1432 Murena
1835 1393 1898 1431 in-

141 1454 279 1492 terea?
324 1452 564 1492 Fortissimo
609 1457 650 1492 et
680 1453 989 1505 sapientissimo
1020 1453 1128 1499 viro,
1171 1466 1332 1493 summo
1364 1453 1625 1505 imperatori,
1662 1453 1822 1507 legatus
1852 1455 1897 1493 L.

140 1514 314 1554 Lucullo
345 1514 449 1553 fuit:
493 1528 575 1567 qua
606 1515 647 1553 in
681 1515 888 1567 legatione
919 1514 1039 1553 (luxit
1069 1515 1318 1562 exercitum,
1350 1515 1469 1567 signa
1499 1515 1697 1562 contulit,
1728 1528 1895 1555 manum
1911 1523 1946 1552 20

142 1576 374 1623 conseruit,
417 1590 585 1629 magnas
618 1578 759 1630 copias
789 1577 974 1616 hostium
1004 1576 1130 1624 fudit,
1171 1577 1295 1616 urbes
1325 1577 1474 1631 partim
1507 1577 1568 1624 vi,
1608 1577 1755 1631 partim
1788 1577 1897 1616 obsi-

143 1637 268 1678 dione
299 1639 430 1692 cepit,
460 1639 600 1678 Asiam
632 1639 751 1678 istam
784 1638 976 1678 refertam
1008 1644 1048 1677 et
1079 1640 1252 1679 eandem
1285 1638 1504 1678 delicatam
1534 1640 1592 1679 sic
1622 1639 1749 1686 obiit,
1781 1645 1825 1679 ut
1856 1640 1895 1679 in

143 1714 191 1740 ea
220 1713 357 1754 neque
389 1701 584 1741 avaritiae
616 1715 753 1754 neque
784 1701 974 1739 luxuriae
999 1701 1218 1754 vestigium
1249 1701 1491 1754 reliquerit:
1524 1701 1704 1741 maximo
1725 1701 1768 1740 in
1788 1700 1897 1740 hello

143 1763 202 1802 sic
242 1767 304 1802 est
343 1768 552 1809 versatus,
587 1769 629 1802 ut
660 1763 727 1802 hic
759 1762 908 1802 multas
940 1775 1005 1801 res
1037 1769 1076 1801 ct
1106 1776 1276 1816 magnas
1307 1764 1395 1803 sine
1431 1763 1681 1815 imperatore
1711 1763 1898 1815 gesserit,

143 1825 297 1864 nullam
329 1825 419 1865 sine
449 1825 527 1865 hoc
560 1825 795 1878 imperator.
827 1826 963 1877 Atque
984 1824 1108 1871 haec,
1142 1838 1394 1879 quamquam
1415 1829 1635 1877 praesente
1655 1825 1700 1864 L.
1721 1823 1896 1863 Lucullo
1911 1835 1947 1863 25

142 1887 312 1939 loquor,
345 1892 503 1934 tamen,
533 1901 585 1926 ne
618 1887 668 1926 ab
701 1888 789 1940 ipso
818 1892 986 1940 propter
1015 1887 1243 1939 periculum
1275 1893 1462 1926 nostrum
1494 1899 1734 1926 concessam
1759 1886 1898 1926 videa-

144 1962 233 1988 mur
261 1948 415 1988 habere
445 1949 654 1988 licentiam
688 1947 890 2001 fingendi,
920 1949 1099 2001 publicis
1130 1949 1275 1989 litteris
1306 1954 1455 1989 testata
1486 1954 1583 1988 sunt
1613 1948 1773 1995 omnia3
1806 1949 1898 2001 qui-

142 2011 218 2051 bus
249 2011 294 2050 L.
315 2010 513 2050 Lucullus
544 2016 703 2050 tantum
733 2012 824 2050 huic
855 2010 989 2050 laudis
1021 2011 1228 2063 impertit,
1261 2016 1462 2064 quantum
1493 2023 1633 2064 neque
1654 2009 1897 2050 ambitiosus

141 2074 364 2127 imperator
392 2086 529 2126 neque
571 2073 735 2113 invidus
768 2073 949 2113 tribuere
981 2072 1098 2113 alteri
1130 2073 1172 2111 in
1204 2072 1549 2112 communicanda
1580 2072 1713 2125 gloria
1743 2071 1896 2111 debuit.

141 2132 206 2174 ⁵201.
240 2136 407 2175 Summa
437 2136 479 2174 in
510 2141 688 2188 utroque
711 2141 774 2174 est
802 2135 1021 2182 honestas,
1053 2148 1212 2174 summa
1234 2135 1436 2187 dignitas:
1468 2147 1594 2188 quam
1616 2148 1712 2187 ego,
1745 2135 1776 2174 si
1799 2133 1898 2174 mihi
1911 2146 1946 2174 30

140 2211 214 2249 per
245 2197 432 2237 Servium
465 2198 605 2244 liceat,
643 2198 730 2250 pari
762 2202 886 2250 atquc
919 2197 959 2235 in
992 2196 1136 2236 eadem
1168 2196 1292 2236 laude
1323 2210 1489 2250 ponam.
1550 2196 1632 2236 Sed
1663 2209 1748 2236 non
1778 2196 1896 2235 licet:

140 2260 268 2312 agitat
305 2273 392 2299 rem
432 2259 671 2306 militarem,
715 2260 943 2299 insectatur
973 2264 1100 2298 totam
1130 2260 1237 2298 hanc
1268 2259 1541 2311 legationem,
1571 2258 1828 2299 assiduitatis
1858 2263 1898 2296 et

139 2333 358 2374 operarum
399 2322 546 2362 harum
578 2321 915 2375 quotidianarum
950 2327 1070 2374 putat
1100 2334 1192 2362 esse
1224 2321 1498 2362 consulatum.
1564 2321 1707 2375 «Apud
1738 2321 1899 2360 exerci-

223 2545 256 2576 2.
280 2546 424 2576 vestrum
446 2551 642 2583 quemquam
666 2543 754 2574 mei:
792 2553 988 2584 quemquam
1017 2547 1161 2576 vestrum
1186 2546 1260 2576 LO.
1289 2562 1324 2566 —
1355 2543 1386 2574 3.
1407 2551 1509 2582 pares
1531 2543 1602 2575 GM
1614 2551 1656 2574 v:
1689 2542 1769 2582 pari
1793 2542 1818 2574 E
1834 2542 1858 2573 il
1873 2542 1895 2572 S

139 2598 223 2634 χψ.
252 2611 287 2616 —-
310 2595 394 2635 fiant
418 2602 487 2625 om.
514 2594 550 2624 G.
584 2611 616 2616 --
638 2593 767 2632 primus
790 2594 870 2631 TL;
892 2596 1039 2635 primum
1062 2595 1168 2626 locum
1191 2594 1454 2626 Mommsenius.
1476 2611 1510 2615 —
1533 2596 1641 2633 posset
1664 2592 1741 2630 Ev,
1766 2592 1785 2622 5
1811 2592 1892 2622 Oxx.

141 2660 175 2665 —
202 2644 279 2684 non]
302 2645 338 2675 in
361 2645 398 2675 G.
427 2661 462 2666 —
486 2644 521 2674 5.
546 2644 585 2674 sit
609 2651 677 2674 om.
705 2644 748 2674 G:
775 2643 884 2683 habet,
911 2646 999 2685 dign.
1026 2648 1135 2677 autem
1154 2653 1242 2684 pers.
1268 2644 1379 2675 eadem
1402 2653 1432 2674 o.
1458 2644 1510 2674 sit.
1537 2643 1724 2682 Quaestum
1747 2641 1896 2672 Momm-

140 2694 269 2726 senius.
304 2710 334 2716 —-
366 2693 512 2726 omnibus
534 2702 567 2724 v.
602 2711 634 2714 —
669 2693 697 2723 6.
724 2697 889 2724 momentu
912 2695 937 2725 G
962 2697 995 2725 et
1019 2695 1051 2726 M
1074 2703 1126 2735 pr.
1159 2712 1188 2715 -
1230 2694 1260 2724 7.
1287 2693 1365 2724 licia
1389 2694 1425 2723 G.
1458 2709 1491 2714 —
1531 2692 1561 2724 8.
1588 2690 1768 2723 declamari
1792 2690 1829 2720 G.
1858 2708 1892 2712 —

139 2743 193 2775 40.
218 2744 354 2774 excurri
375 2744 425 2782 M,
459 2743 567 2774 earcuti
599 2753 621 2780 χ
640 2748 680 2781 ιγ’).
711 2761 745 2764 —
780 2743 831 2773 44.
858 2745 994 2783 tempori
1018 2746 1056 2775 G.
1085 2763 1119 2765 —
1153 2744 1296 2783 spatium
1320 2743 1405 2782 quod
1427 2742 1462 2773 in
1487 2743 1531 2773 M.
1561 2759 1595 2763 -
1623 2740 1826 2772 contentione
1849 2740 1894 2773 G:

139 2792 320 2824 concionem
343 2792 416 2824 HS.
443 2809 478 2814 —
507 2793 558 2823 42.
584 2793 734 2831 utroque]
757 2793 867 2823 codem
891 2795 928 2824 G.
958 2811 991 2815 —
1019 2795 1205 2825 traductum
1228 2796 1273 2824 est
1296 2800 1393 2833 susp.
1419 2791 1593 2823 Matthiae.
1622 2809 1657 2812 —
1684 2790 1736 2821 43.
1761 2789 1898 2820 canendi

140 2843 178 2873 G.
206 2858 242 2864 -
269 2839 321 2872 ⁴4.
347 2844 376 2872 et
397 2844 488 2873 stom.
516 2842 591 2873 EG.
614 2860 647 2863 m
675 2843 727 2872 45.
751 2843 812 2882 suit
837 2843 946 2873 inultis
969 2843 1054 2883 Εψ.
1077 2861 1112 2866 —
1140 2843 1192 2874 46.
1219 2846 1262 2874 est
1287 2850 1355 2873 om.
1383 2843 1422 2872 G.
1443 2859 1477 2864 —
1504 2840 1739 2881 adrogantiam
1762 2839 1838 2870 EG.
1859 2854 1893 2859 —

139 2891 291 2923 exorbuit
312 2891 393 2923 mei.
422 2908 456 2912 —
490 2892 541 2923 47.
566 2892 679 2932 qratia
702 2901 737 2928 χ.
768 2910 800 2914 -
841 2892 892 2923 49.
917 2893 994 2932 sort.
1018 2894 1091 2924 viro
1115 2897 1142 2924 et
1166 2902 1236 2932 sap.
1263 2900 1302 2927 v;
1335 2895 1364 2922 et
1387 2892 1526 2930 sapient.
1553 2899 1621 2921 om.
1648 2890 1686 2921 E.
1714 2906 1749 2911 —
1775 2897 1900 2920 summo

140 2949 210 2972 om.
236 2940 262 2972 E
287 2942 321 2972 et
343 2939 363 2972 4
387 2940 469 2971 OxX.
498 2958 532 2962 —
560 2941 612 2972 21.
637 2941 773 2972 hostium
798 2941 910 2980 copias
933 2943 969 2973 E.
999 2960 1033 2963 -
1057 2943 1165 2981 fundit
1189 2944 1226 2972 G.
1256 2959 1291 2963 —-
1317 2941 1370 2972 ⁶22.
1397 2941 1479 2980 cepit.
1503 2948 1572 2971 om.
1599 2940 1637 2971 G.
1666 2956 1700 2960 —
1726 2938 1899 2979 referctam

141 2990 184 3029 C;
207 2993 375 3030 repertam
398 2991 548 3028 GMxv.
578 3009 613 3013 —
639 2991 703 3023 obit
727 2993 763 3022 G.
786 3009 821 3013 —-
848 2991 901 3022 ⁶25.
928 3000 1119 3031 quanquam
1142 2992 1185 3023 M.
1216 3008 1250 3012 —
1277 2990 1331 3020 ⁶26.
1358 2990 1474 3029 loquor
1496 2990 1547 3027 M,
1573 2990 1609 3019 ut
1633 2989 1712 3020 Ern.
1734 2988 1898 3019 coniecit:

140 3039 259 3080 loquar
281 3039 384 3071 codd.
410 3038 483 3070 rell.
510 3039 583 3071 noti
607 3042 641 3071 et
664 3041 700 3072 O.
742 3041 791 3072 Cf.
818 3040 1049 3080 Wesenberg.
1074 3041 1209 3071 Emend.
1239 3039 1364 3071 Tuscul.
1389 3040 1416 3070 1.
1442 3048 1475 3080 p.
1503 3040 1555 3071 40.
1589 3038 1681 3069 Bake
1705 3037 1750 3068 ad
1773 3037 1838 3069 Cic.
1865 3037 1903 3068 de

140 3089 238 3130 Leyy.
262 3099 297 3131 p.
316 3089 390 3122 606.
416 3089 532 3129 Reisig
558 3090 678 3122 Verte&
707 3091 783 3122 iiber
806 3091 862 3122 lat.
881 3090 1050 3129 Sprachw.
1077 3098 1112 3130 p.
1130 3089 1204 3121 528.
1226 3107 1258 3110 —
1281 3091 1420 3128 propter
1436 3097 1505 3120 om.
1525 3089 1562 3118 G.
1585 3105 1617 3109 —
1645 3088 1699 3119 27.
1724 3088 1839 3119 titteris
1853 3103 1870 3109 -
1885 3104 1902 3109 -

141 3141 299 3176 quantum
321 3147 391 3170 om.
418 3139 455 3169 G.
476 3155 511 3160 —
537 3138 589 3170 28.
614 3139 704 3179 huic,
732 3140 826 3180 quod
851 3139 953 3171 codd.
974 3139 1153 3176 omittunt,
1181 3146 1222 3169 ex
1246 3138 1336 3169 coni.
1363 3137 1480 3177 addidi
1502 3137 1693 3178 praeeunte
1718 3135 1899 3172 Lambino‚

141 3186 201 3226 qui
223 3190 351 3219 tantum
366 3188 525 3219 Murenae
547 3187 654 3219 laudis
677 3189 885 3230 scripserat:
910 3192 1039 3220 tantum
1062 3189 1091 3219 ei
1113 3188 1221 3219 laudis
1242 3186 1393 3220 Klotzius
1416 3188 1448 3218 Ξ.
1470 3205 1505 3209 -
1531 3186 1682 3226 impartit
1704 3184 1731 3217 E
1745 3185 1769 3216 C
1784 3184 1812 3216 H
1827 3185 1900 3221 Sv;

139 3237 297 3276 impertiit
320 3237 455 3269 Ernesti
477 3235 714 3277 probabiliter.
743 3255 777 3260 —
806 3238 857 3270 3¹.
879 3239 959 3278 pari
982 3246 1049 3270 om.
1069 3239 1115 3275 G3
1143 3238 1238 3269 liceat
1261 3245 1364 3275 aeque
1385 3237 1420 3268 in
1444 3237 1557 3268 eadem
1579 3234 1845 3267 Mommsenius.
1862 3251 1896 3256 -—

140 3286 175 3317 in
199 3286 311 3318 eadem
332 3287 419 3326 mei,
447 3285 526 3318 edd.
544 3288 646 3318 vett:
673 3288 785 3319 eadem
799 3288 833 3319 in
859 3289 880 3319 L
896 3287 932 3319 O.
951 3304 984 3309 -—
1009 3295 1131 3326 ponere
1153 3296 1189 3324 χ.
1219 3304 1253 3308 -
1280 3286 1332 3318 32.
1359 3286 1534 3318 assiduitas
1549 3285 1587 3316 G.
1606 3301 1641 3307 —
1667 3282 1720 3316 33.
1737 3283 1836 3315 cotid.
1862 3284 1900 3313 G.

145 3350 181 3357 -—
208 3335 297 3375 apud
318 3343 426 3369 eoeerc.
446 3352 493 3359 --
509 3336 684 3369 contendas
706 3336 813 3369 habet
838 3335 975 3375 Quintil.
1000 3336 1041 3368 V.
1066 3335 1129 3375 43,
1155 3335 1209 3367 ⁶27.
