2143 3713
240 229 320 270 734
788 234 986 275 ORATIO
1018 235 1120 276 PRO
1153 236 1197 276 L.
1228 238 1447 279 MURENA

239 348 280 382 et
308 342 404 382 forti
434 344 570 382 animo
601 348 641 382 et
670 356 790 396 agere
822 350 862 384 et
887 346 1022 385 dicere
1044 347 1256 395 videbam,
1288 349 1359 389 tibi
1383 350 1531 390 solitus
1554 364 1646 390 sum
1667 351 1827 400 dicere,
1859 354 1986 406 magis

238 410 275 443 te
305 404 452 443 fortem
484 410 717 444 senatorem
747 406 847 446 mihi
879 408 1008 447 videri
1041 421 1163 461 quam
1201 411 1428 462 sapientem
1470 411 1745 452 candidatum.
1806 415 1985 454 Primum

236 466 457 505 accusandi
491 472 665 507 terrores
697 473 738 507 et
768 469 929 515 minae,
962 469 1113 522 quibus
1146 475 1189 509 tu
1222 472 1409 524 quotidie
1441 475 1498 514 uti
1530 474 1713 521 solebas,
1746 483 1841 517 sunt
1870 477 1986 517 sortis

234 529 334 575 viri,
375 528 449 568 sed
489 533 528 568 et
560 529 704 582 populi
746 530 985 583 opinionem
1017 545 1040 570 a
1071 544 1142 584 spe
1173 532 1433 584 adipiscendi
1474 541 1665 575 avertunt
1696 542 1733 576 et
1763 539 1984 579 amicorum

202 591 370 630 5studia
400 590 630 630 debilitant.
690 592 839 631 Nescio
875 607 956 645 quo
989 599 1107 645 pacto
1139 607 1303 646 semper
1333 595 1409 635 hoc
1439 597 1506 644 fit,
1548 611 1686 651 neque
1718 599 1760 637 in
1803 614 1883 639 uuo
1915 607 1984 640 aut

231 654 361 692 altero
392 653 724 693 animadversum
757 660 840 699 cst,
883 654 954 694 sed
996 655 1075 694 iam
1108 656 1148 694 in
1182 656 1388 707 pluribus:
1413 659 1553 704 ‚simul
1585 665 1709 713 atque
1741 662 1984 702 candidatus

230 716 536 755 accusationem
577 716 765 756 meditari
808 717 920 755 visus
953 722 1034 763 est,
1076 724 1118 756 ut
1158 717 1354 757 honorem
1388 720 1627 774 desperasse
1659 721 1859 763 videatur.
1918 723 1983 764 44.

232 777 369 825 Quid?
402 790 499 829 ergo
531 783 741 830 acceptam
774 779 967 817 iniuriam
1000 780 1193 832 persequi
1225 793 1309 819 non
1342 781 1507 834 placet?
1557 784 1685 823 Immo
1720 785 1985 827 vehementer

229 840 383 893 placet,
415 839 486 879 sed
519 840 629 879 aliud
661 846 824 892 tempus
855 845 917 878 est
947 841 1137 893 petendi,
1170 841 1283 880 aliud
1315 845 1606 896 persequendi.
1653 846 1870 887 Petitorem
1892 862 1983 901 ego,

182 908 216 937 v¹0
230 903 471 956 praesertim
510 902 772 947 consulatus,
813 915 961 953 magna
992 915 1086 954 spe,
1128 915 1275 954 magno
1307 904 1443 944 animo
1463 936 1472 952 ,
1519 908 1676 958 magnis
1708 909 1841 961 copiis
1873 916 1912 949 ct
1942 911 1982 950 in

228 964 363 1004 forum
395 970 435 1003 et
464 964 506 1002 in
538 977 727 1015 campum
760 963 908 1002 deduci
941 964 1056 1003 volo:
1103 978 1184 1003 non
1216 965 1351 1016 placet
1384 967 1481 1006 mihi
1514 969 1728 1021 inquisitio
1761 971 1982 1019 candidati,

227 1026 472 1079 praenuntia
503 1025 712 1078 repulsae,
744 1039 826 1063 uon
861 1025 1023 1064 testium
1059 1026 1195 1078 potius
1232 1040 1355 1078 quam
1384 1029 1695 1082 suffragatorum
1719 1035 1982 1086 comparatio,

228 1101 310 1127 non
342 1088 478 1126 minae
510 1087 639 1139 magis
671 1100 794 1139 quam
826 1086 1075 1134 blanditiae,
1118 1100 1201 1126 nou
1246 1088 1491 1130 declamatio
1522 1091 1660 1143 potius
1692 1107 1812 1145 quam
1844 1108 1982 1147 persa-

228 1149 397 1196 lutatio,
429 1149 671 1201 praesertim
705 1162 796 1187 cum
829 1149 909 1188 iam
942 1148 1020 1188 boc
1052 1162 1160 1188 novo
1193 1163 1306 1189 more
1339 1165 1483 1191 omnes
1513 1153 1598 1191 sere
1631 1152 1774 1193 domos
1796 1158 1979 1196 omnium

178 1218 213 1248 ⁴5
228 1216 475 1251 concursent
506 1216 546 1250 et
577 1224 628 1250 ex
659 1211 772 1250 vultu
796 1211 1112 1250 candidatorum
1134 1212 1416 1252 coniecturam
1439 1214 1611 1261 faciant,
1644 1221 1844 1268 quantum
1866 1219 1978 1271 quis-

227 1287 309 1327 que
339 1273 467 1312 animi
498 1278 537 1312 et
566 1272 774 1312 facultatis
804 1273 956 1313 habere
987 1273 1187 1312 videatur.
1234 1271 1298 1313 415.
1336 1275 1538 1315 «Videsne
1571 1281 1613 1316 tu
1645 1277 1760 1317 illum
1792 1280 1980 1319 tristem?

226 1336 482 1375 demissum?
524 1335 651 1381 iacet,
695 1334 865 1381 diffidit,
890 1335 1047 1375 ‘abiecit
1077 1335 1255 1374 hastas.»
1319 1338 1456 1390 Serpit
1484 1337 1550 1377 hic
1582 1352 1742 1378 rumor:
1789 1341 1904 1381 «Scis
1936 1347 1979 1382 tu

225 1398 341 1437 illum
372 1397 677 1437 accusationem
710 1397 910 1449 cogitare,
943 1398 1153 1450 inquirere
1185 1398 1225 1436 in
1253 1399 1565 1451 competitores,
1598 1405 1722 1439 testes
1755 1406 1979 1454 quaerere?

224 1460 349 1499 alium
379 1459 539 1506 faciam,
572 1459 769 1512 quoniam
802 1459 878 1498 sibi
909 1459 976 1498 hic
1008 1460 1094 1512 ipse
1128 1459 1353 1513 desperat.»
1388 1461 1489 1500 Eius
1522 1461 1632 1501 modi
1665 1463 1976 1505 candidatorum

175 1522 343 1562 20amici
388 1521 522 1561 intimi
568 1521 853 1566 debilitantur,
895 1521 1033 1560 studia
1074 1521 1309 1574 (lepouunt;
1348 1527 1419 1561 aut
1459 1527 1586 1562 totam
1632 1537 1716 1563 rem
1765 1526 1976 1573 abiiciunt,

223 1589 293 1624 aut
323 1597 437 1623 suam
469 1596 637 1636 operam
670 1588 710 1622 et
740 1584 910 1633 gratiam
942 1583 1095 1622 iudicio
1130 1589 1171 1622 et
1191 1584 1445 1623 accusationi
1465 1591 1689 1624 reservant.
1735 1587 1866 1628 XXII.
1896 1590 1975 1629 Ac-

225 1647 335 1686 cedit
379 1645 525 1686 eodem
572 1652 616 1685 ut
656 1646 776 1685 etiam
822 1646 912 1698 ipse
955 1646 1197 1685 candidatus
1242 1651 1372 1685 totuin
1419 1647 1599 1685 animum
1642 1652 1766 1701 atque
1812 1663 1975 1691 omnem

223 1722 386 1755 curam,
436 1721 603 1760 operam
645 1708 989 1760 diligentiamque
1030 1721 1145 1747 suam
1188 1708 1229 1746 in
1271 1708 1473 1760 petitione
1514 1722 1596 1747 non
1636 1711 1765 1761 possit
1807 1725 1973 1764 ponere.

222 1769 470 1822 Adiungitur
511 1770 622 1808 enim
665 1770 938 1809 accusationis
979 1770 1194 1822 cogitatio,
1240 1784 1323 1810 non
1366 1783 1492 1822 parva
1538 1783 1623 1818 res,
1669 1772 1740 1811 sed
1781 1773 1973 1813 nimirum

173 1831 406 1871 25omnium
437 1832 631 1871 maxima.
690 1833 883 1884 Magnum
923 1836 985 1870 est
1024 1832 1132 1870 enim
1176 1838 1214 1871 te
1255 1845 1493 1885 comparare
1535 1846 1603 1879 ea,
1650 1834 1799 1886 quibus
1839 1836 1973 1888 possis

222 1894 435 1934 hominem
467 1908 488 1934 e
519 1894 707 1941 civitate,
738 1894 978 1948 praesertim
1009 1906 1092 1932 non
1124 1894 1289 1946 inopem
1310 1906 1445 1946 neque
1468 1894 1699 1942 infirmum,
1731 1897 1971 1943 exturbare3

222 1958 293 2010 qui
325 1962 366 1996 et
395 1969 470 2009 per
499 1970 543 1995 se
575 1961 616 1997 et
644 1970 718 2010 per
747 1970 865 2003 suos,
898 1961 938 1995 et
968 1968 1065 1995 vero
1098 1956 1221 1994 etiam
1242 1969 1314 2008 per
1333 1956 1493 1996 alienos
1517 1955 1774 1996 defendatur.
1818 1958 1971 1998 Omnes

222 2019 330 2059 enim
363 2019 413 2058 ad
445 2019 630 2072 pericula
660 2018 940 2072 propulsanda
976 2018 1282 2065 concurrimus,
1325 2023 1365 2057 et
1395 2018 1465 2070 qui
1507 2032 1590 2057 non
1633 2026 1773 2071 aperte
1813 2021 1968 2060 inimici

221 2095 382 2129 sumus,
423 2081 545 2120 etiam
584 2081 849 2121 alienissimis
891 2081 932 2118 in
963 2080 1110 2132 capitis
1141 2080 1338 2132 periculis
1378 2081 1720 2121 amicissimorum
1759 2081 1893 2122 officia
1932 2089 1968 2122 et

171 2155 207 2183 30
220 2143 355 2183 studia
383 2149 652 2196 praestamus.
711 2140 776 2181 46.
809 2143 946 2191 Quare
977 2156 1053 2194 ego
1085 2148 1281 2194 expertus
1313 2149 1351 2181 et
1380 2143 1547 2196 petendi
1579 2148 1619 2182 et
1649 2143 1899 2184 defendendi
1931 2151 1971 2185 et

219 2205 440 2246 accusandi
471 2206 701 2246 molestiam
733 2206 792 2245 sic
824 2206 1030 2253 intellexi,
1070 2206 1113 2245 in
1152 2206 1334 2259 petendo
1377 2207 1558 2246 studium
1591 2220 1680 2246 esse
1710 2207 1968 2254 acerrimum,

219 2271 261 2309 in
292 2267 553 2309 defendendo
585 2265 787 2314 officium,
828 2267 871 2306 in
902 2268 1133 2308 accusando
1165 2268 1359 2307 laborem.
1418 2270 1562 2322 Itaque
1595 2270 1652 2309 sic
1684 2274 1840 2316 statuo,
1881 2268 1966 2308 lieri

218 2333 333 2372 nullo
365 2330 489 2371 modo
521 2344 643 2383 posse
673 2336 718 2369 ut
750 2330 857 2369 idem
890 2330 1194 2370 accusationem
1234 2335 1275 2369 et
1315 2331 1555 2384 petitionem
1597 2331 1835 2371 consulatus
1877 2330 1969 2370 dili-

218 2400 363 2448 genter
391 2393 567 2432 adornet
595 2398 720 2446 atque
751 2392 939 2432 instruat.
984 2393 1118 2431 Unum
1150 2392 1354 2431 sustinere
1375 2394 1496 2446 pauci
1517 2399 1715 2446 possunt,
1746 2399 1966 2446 utrumque

167 2465 353 2497 35nemo.
413 2457 496 2502 Tu,
539 2469 630 2494 cum
672 2461 710 2494 te
742 2454 792 2493 de
825 2454 1026 2494 curriculo
1069 2454 1282 2508 petitionis
1323 2453 1565 2495 deflexisses
1607 2456 1871 2508 animumque
1916 2455 1966 2493 ad

215 2517 494 2559 accusandum
539 2517 841 2564 transtulisses,
892 2517 1135 2557 existimasti
1181 2522 1220 2556 te
1264 2517 1431 2569 utrique
1477 2519 1644 2570 negotio
1691 2518 1789 2558 satis
1833 2517 1967 2557 facere

301 2706 331 2738 st.
358 2706 467 2737 animo
492 2714 590 2745 aqere
613 2715 643 2736 v.
675 2724 709 2728 —-
736 2705 765 2736 3.
792 2705 906 2736 cotidie
930 2708 967 2736 G.
988 2723 1021 2727 —
1049 2706 1080 2736 ὅ.
1106 2709 1164 2736 aut
1187 2705 1220 2735 in
1244 2704 1348 2735 altero
1373 2705 1410 2742 (ἶ,
1438 2712 1538 2742 neque
1560 2703 1594 2734 in
1610 2703 1714 2734 allero
1738 2713 1772 2740 χ,
1804 2720 1837 2726 -
1866 2705 1895 2735 6,
1924 2707 1968 2735 cst

214 2766 283 2788 om.
310 2766 345 2794 χ.
375 2775 408 2778 —
441 2756 472 2787 8.
499 2755 608 2794 Quid?
639 2764 715 2795 er9o
745 2758 913 2794 acceptam
942 2755 1130 2786 Lambinus
1155 2754 1328 2786 distinxit:
1363 2755 1446 2793 Quid
1476 2753 1579 2794 erqo?
1608 2757 1775 2793 acceptam
1800 2756 1836 2784 0.
1865 2755 1967 2793 (quod

212 2816 289 2845 erqo
318 2814 387 2836 acc.
414 2804 466 2843 E.)
503 2822 535 2825 a
574 2807 707 2843 accepta
730 2804 855 2834 iniuria
881 2805 918 2835 11.
955 2822 988 2825 —
1018 2805 1048 2836 9.
1075 2808 1118 2835 cst
1139 2804 1265 2844 petendi
1289 2804 1380 2834 aliud
1403 2812 1471 2834 om.
1499 2806 1535 2834 G.
1570 2821 1602 2824 —
1644 2803 1692 2834 42.
1717 2804 1898 2842 pronuntia
1925 2804 1963 2835 E.

209 2855 396 2895 prouintiae
418 2863 450 2885 v.
489 2871 521 2876 —
558 2853 608 2885 43.
634 2853 750 2894 magis]
780 2855 888 2893 potius
919 2853 995 2885 cod.
1026 2855 1144 2884 Frauc.
1182 2869 1214 2875 —
1248 2853 1402 2883 salutatio
1426 2853 1570 2884 ETLv.
1601 2869 1634 2874 -
1670 2852 1720 2884 ti.
1746 2853 1804 2883 lzoc
1835 2854 1902 2883 iam
1926 2854 1963 2883 G.

215 2923 246 2928 —-
277 2906 327 2936 45.
354 2905 426 2943 quis
449 2906 485 2934 G.
516 2922 549 2924 —
586 2904 637 2934 116.
662 2904 750 2935 vides
772 2913 808 2941 χ.
840 2923 873 2926 —
905 2904 1024 2935 tristem
1051 2904 1141 2934 illum
1165 2913 1197 2934 v.
1226 2920 1262 2924 —
1297 2903 1347 2933 ⁴7.
1373 2902 1537 2932 dimissum
1562 2905 1598 2932 G.
1630 2920 1663 2923 ἤ
1697 2901 1824 2942 diffidit]
1849 2902 1966 2932 desidet

213 2965 242 2987 v.
273 2973 307 2977 ——
335 2954 434 2985 nescis
458 2953 546 2983 coni.
573 2951 693 2983 Lamb.
724 2970 756 2974 —-
790 2954 836 2984 18.
862 2953 953 2983 ittam
977 2954 1011 2984 Τ.
1042 2971 1073 2973 -—
1103 2954 1329 2983 (idcusatorcm
1353 2952 1388 2982 E.
1418 2970 1450 2973 —
1479 2952 1566 2981 testis
1589 2951 1697 2982 EGM
1714 2952 1736 2982 C
1754 2952 1825 2982 IIS.
1848 2969 1881 2973 —
1910 2952 1962 2982 49.

210 3003 376 3044 quoniam]
402 3011 496 3042 quem
518 3011 551 3033 ν.
568 3019 601 3023 —
629 3003 771 3042 desperet
795 3004 832 3034 G.
855 3017 890 3024 -
917 3004 969 3033 ΞΟ.
995 3003 1136 3033 studium
1161 3003 1243 3041 Eis).
1267 3020 1300 3024 —
1328 3005 1384 3032 aut
1406 3004 1507 3031 totam
1525 3001 1711 3033 Lambinus
1735 3003 1889 3041 (secutus
1911 3004 1963 3031 cst

213 3053 360 3085 Klotzius
385 3053 418 3083 in
442 3051 497 3083 ed.
523 3052 570 3090 11,
608 3060 686 3083 cum
718 3052 750 3083 in
783 3052 897 3092 priore
926 3056 1001 3084 ante
1024 3054 1118 3084 istam
1143 3052 1382 3091 coniecissem:
1419 3054 1477 3082 aut
1499 3055 1613 3082 testam
1637 3052 1660 3082 Ε
1676 3053 1699 3082 C
1715 3052 1790 3088 Sx,
1828 3052 1904 3081 Par.
1931 3050 1962 3085 4,

210 3105 229 3134 2
253 3102 349 3141 Pali„
374 3103 420 3134 St.
446 3102 553 3136 Vict.;
590 3104 750 3132 autestam
773 3103 849 3133 Par.
869 3102 905 3138 8;
943 3106 1001 3134 aut
1023 3106 1131 3135 testem
1156 3105 1200 3140 G;
1240 3105 1297 3133 aut
1321 3104 1470 3132 testatam
1494 3103 1568 3133 Par.
1596 3103 1631 3139 7,
1659 3100 1726 3132 Pal.
1755 3102 1789 3139 4,
1819 3101 1961 3137 Franc.,

210 3153 286 3189 0v;
312 3155 369 3182 aut
392 3154 516 3182 certam
539 3151 571 3182 M
601 3152 635 3181 et
659 3152 733 3182 Par.
760 3152 798 3187 9;
831 3154 889 3182 aut
910 3155 1060 3183 exteram
1082 3153 1124 3188 T;
1157 3156 1214 3183 aut
1238 3153 1442 3191 desperatam
1466 3151 1617 3189 Ernesu3
1650 3152 1724 3192 ipse
1749 3151 1896 3181 tentavi:
1929 3154 1964 3180 ut

210 3201 370 3231 desertam
402 3208 472 3231 rem
505 3199 673 3231 abiiciunt.
723 3217 757 3221 -<
792 3200 845 3231 22¹.
877 3202 1022 3240 gratiam
1046 3205 1074 3232 et
1097 3210 1231 3241 operam
1255 3210 1286 3231 ν.
1327 3216 1362 3222 -
1397 3204 1453 3231 aut
1475 3201 1622 3240 qratiam
1646 3201 1681 3231 L.
1713 3218 1747 3221 —
1774 3200 1826 3230 22.
1854 3200 1960 3230 eodem

210 3255 351 3290 tempore
373 3255 408 3282 ut
430 3259 503 3282 eam
526 3251 592 3290 ipsc
615 3260 646 3281 x.
682 3268 713 3273 —-
748 3253 846 3288 atque
868 3260 993 3282 omnem
1017 3260 1086 3282 om.
1113 3254 1149 3282 G.
1186 3268 1220 3272 —-
1253 3250 1305 3281 ⁶25.
1333 3250 1415 3281 enim
1440 3254 1484 3281 est
1508 3252 1545 3281 G.
1575 3268 1609 3272 —
1647 3250 1700 3281 26.
1726 3258 1783 3280 nec
1808 3259 1839 3287 v,
1866 3253 1963 3288 atque

210 3300 294 3340 Εψ.
322 3317 355 3322 —
382 3301 527 3341 infimum
552 3309 583 3331 v.
614 3318 647 3321 —
674 3301 726 3332 27.
751 3309 828 3331 vero
852 3308 921 3332 om.
947 3309 980 3331 V.
1007 3319 1040 3322 —
1067 3301 1121 3332 28.
1146 3300 1352 3331 cucurrimus
1375 3302 1411 3331 G.
1443 3317 1476 3321 -
1503 3300 1610 3338 aperti
1636 3300 1673 3331 G.
1703 3316 1738 3321 —-
1766 3299 1817 3330 33.
1844 3308 1962 3330 consu-

209 3350 295 3381 latus
316 3353 345 3381 et
364 3350 551 3389 petitionem
575 3350 617 3381 M.
648 3367 680 3372 -
708 3349 759 3381 34.
786 3350 921 3381 instruet
945 3352 981 3381 G.
1012 3367 1044 3373 q
1072 3350 1124 3381 355.
1151 3350 1189 3381 de
1211 3353 1240 3381 te
1264 3358 1298 3387 χ.
1327 3367 1359 3370 —-
1389 3350 1441 3381 36.
1466 3349 1632 3382 extimasti
1657 3350 1694 3380 G.
