2143 3713
528 224 622 266 Cu».
644 223 848 265 lx-XI,
879 221 952 277 §§.
976 221 1169 265 sto—23.
1204 222 1398 279 [v—V11.
1422 222 1588 280 9—43.]
1848 221 1927 265 469

293 339 354 379 DE
394 351 562 380 canum:
600 349 778 379 VINARIO.
833 336 894 375 DE
928 350 1060 377 nmmo
1091 338 1405 377 Vocozsnonvn.
1458 337 1521 376 DE
1553 351 1832 379 DISPOSITIONE
1863 351 1928 379 111-

183 414 416 444 BEnNonvM.

293 464 344 503 X.
366 461 432 503 21.
457 461 538 517 [VI.
561 458 642 514 ik]
672 461 725 500 At
744 459 822 500 hoc
844 461 951 501 Galli
974 467 1196 515 negant.—
1212 461 1265 499 At
1284 460 1386 501 ratio
1406 473 1543 501 rerum
1566 466 1607 502 et
1627 463 1688 502 vis
1710 475 1928 515 argumen-

181 531 314 567 torum
347 525 542 578 coarguit.
565 546 618 553 —
646 524 786 562 Potest
815 524 940 576 igitur
970 524 1144 563 testibus
1174 522 1301 562 iudex
1331 536 1416 562 non
1448 522 1643 563 credere?
1675 546 1727 553 —
1760 524 1927 577 Cupidis

180 594 220 629 et
249 588 361 628 iratis
393 591 433 627 et
463 585 680 625 coniuratis
712 589 752 624 et
781 586 831 624 ab
862 586 1058 638 religione
1081 585 1246 624 remotis
1269 598 1351 624 non
1374 584 1504 624 solum
1526 589 1679 637 potest,
1711 586 1783 625 sed
1805 587 1958 627 etiam5

179 651 314 691 debet.
359 649 520 689 Etenim
551 647 606 694 si,
638 647 734 699 quia
767 647 872 687 Galli
905 648 1065 694 dicunt,
1102 647 1255 685 idcirco
1288 647 1341 685 M.
1372 647 1569 686 Fonteius
1599 661 1754 688 nocens
1786 648 1929 687 existi-

179 712 353 753 mandus
385 716 466 757 est,
498 709 596 762 quid
628 708 726 748 mihi
758 723 861 762 opus
892 714 953 749 est
974 710 1159 762 sapiente
1183 708 1352 747 iudice?
1385 708 1486 761 quid
1508 722 1643 762 aequo
1666 710 1928 763 quaesitore?

180 774 280 828 quid
312 778 469 812 oratore
501 783 585 810 non
608 770 772 809 stulto?
804 771 949 810 dicunt
980 771 1090 811 enim
1122 769 1254 809 Galli:
1287 783 1436 822 negare
1468 784 1551 810 non
1581 784 1811 824 possumus.
1852 772 1929 811 Hic

178 838 210 876 si
250 833 455 888 ingeniosi
497 837 538 872 et
576 832 693 884 periti
735 837 774 872 et
809 833 932 886 aequi
974 832 1123 872 iudicis
1166 832 1239 871 has
1270 838 1405 885 partes
1438 846 1528 872 esse
1560 833 1826 881 existimatis,
1864 838 1928 881 ut,

178 897 371 951 quoniam
405 894 571 948 quidem
602 898 730 933 testes
763 895 921 942 dicunt,
955 895 1043 933 sine
1075 893 1159 933 ulla
1191 893 1448 934 dubitatione
1471 894 1722 935 credendum
1753 896 1824 943 sit,
1856 896 1977 936 Sa-io

175 960 237 999 lus
274 958 361 1011 ipsa
400 957 581 997 virorum
623 956 787 996 fortium
825 956 1101 996 innocentiam
1144 956 1247 995 tueri
1287 970 1370 996 non
1413 962 1574 1010 potest:
1614 957 1678 997 sin
1719 961 1855 997 autem
1886 958 1929 996 in

174 1021 295 1061 rebus
338 1018 568 1059 iudicandis
608 1032 692 1058 non
737 1018 949 1059 minimam
980 1024 1139 1071 partem
1171 1019 1222 1058 ad
1251 1032 1374 1058 unam
1414 1033 1622 1073 quamque
1659 1033 1745 1059 rem
1787 1019 1929 1060 existi-

174 1082 364 1123 mandam
404 1086 696 1134 momentoque
736 1095 807 1121 suo
849 1081 1157 1135 ponderandam
1198 1081 1444 1134 sapientiam
1477 1082 1652 1130 iudicis,
1696 1081 1831 1121 videte
1876 1094 1928 1121 ne

177 1144 307 1184 multo
338 1148 496 1184 vestrae
527 1143 703 1183 maiores
734 1145 1031 1198 gravioresque
1071 1148 1208 1196 partes
1239 1144 1321 1183 sint
1350 1143 1400 1183 ad
1433 1144 1692 1197 cogitandum
1723 1156 1845 1196 quam
1877 1143 1927 1183 ad

182 1205 400 1247 dicendum
442 1218 571 1245 meae.
631 1203 696 1245 22.
731 1203 828 1260 [112]
861 1207 963 1246 Mihi
996 1206 1104 1245 enim
1136 1218 1299 1258 semper
1327 1219 1409 1246 una
1440 1219 1608 1259 quaque
1647 1206 1698 1246 de
1738 1219 1781 1245 re
1813 1206 1977 1248 testisu,

175 1282 259 1310 non
289 1268 423 1308 solum
453 1268 605 1315 semel,
647 1282 790 1308 verum
823 1269 946 1308 etiam
976 1268 1154 1308 breviter
1184 1267 1498 1320 interrogandus
1529 1273 1609 1316 est,
1651 1281 1773 1321 saepe
1803 1268 1928 1308 etiam

176 1344 259 1371 non
301 1329 638 1382 interrogandus,
679 1343 731 1370 ne
772 1335 841 1370 aut
877 1331 982 1370 irato
1013 1330 1186 1370 facultas
1217 1329 1268 1369 ad
1300 1329 1520 1369 dicendum
1552 1330 1646 1370 data
1675 1336 1747 1371 aut
1775 1330 1927 1383 cupido

175 1391 397 1433 auctoritas
440 1392 632 1431 attributa
672 1405 763 1432 esse
802 1392 1001 1432 videatur.
1059 1393 1144 1432 Vos
1184 1398 1223 1432 et
1263 1393 1429 1444 saepius
1460 1392 1633 1432 eandem
1664 1406 1750 1432 rem
1779 1391 1928 1432 animis

175 1455 326 1508 agitare
366 1458 405 1493 et
445 1453 601 1494 diutius
632 1468 716 1494 uno
749 1455 799 1494 de
832 1460 935 1495 teste
967 1455 1146 1508 cogitare
1177 1455 1351 1508 potestis
1383 1459 1444 1502 et,
1480 1455 1513 1494 si
1544 1468 1668 1508 quem
1698 1469 1773 1496 nos
1803 1456 1929 1496 inter-

173 1529 318 1569 rogare
359 1515 589 1564 noluimus,
636 1530 741 1571 quae
785 1531 906 1557 causa
946 1518 1066 1557 nobis
1105 1517 1268 1557 tacendi
1298 1516 1441 1564 fuerit,
1482 1517 1717 1558 existimare
1758 1518 1976 1560 debetis.20

176 1578 309 1626 Quam
341 1578 393 1617 ob
424 1592 534 1626 rem,
565 1579 598 1618 si
628 1580 705 1620 hoc
736 1580 861 1619 iudici
893 1579 1186 1633 praescriptum
1220 1579 1309 1632 lege
1341 1584 1410 1619 aut
1440 1576 1574 1618 officio
1605 1581 1780 1632 putatis,
1815 1579 1930 1620 testi—

175 1641 252 1681 bus
283 1639 474 1687 credere,
513 1641 617 1680 nihil
650 1646 710 1681 est
742 1656 811 1681 cur
840 1642 946 1682 alius
977 1642 1056 1681 alio
1091 1641 1228 1681 iudice
1259 1642 1405 1681 melior
1435 1646 1504 1682 aut
1534 1642 1759 1695 sapientior
1789 1642 1929 1682 existi-

176 1707 339 1743 metur:
370 1716 498 1742 unum
530 1709 592 1743 est
622 1705 730 1743 enim
762 1709 802 1744 et
833 1704 1011 1757 simplex
1032 1704 1190 1744 aurium
1212 1704 1437 1752 iudicium,
1469 1708 1510 1744 et
1529 1704 1735 1756 promisce
1757 1709 1798 1744 et
1818 1717 1928 1744 com-

176 1765 363 1805 muniter.
384 1765 518 1804 stultis
550 1779 596 1805 ac
628 1766 884 1818 sapientibus
916 1767 966 1805 ab
997 1770 1141 1806 natura
1163 1766 1317 1806 datum.
1358 1763 1424 1805 ⁶23.
1450 1763 1546 1819 [13]
1581 1766 1693 1814 Quid
1713 1771 1774 1806 est
1794 1766 1927 1819 igitur,

176 1828 247 1867 ubi
280 1827 440 1867 elucere
471 1828 599 1880 possit
628 1827 878 1880 prudentia?
909 1829 978 1868 ubi
1011 1828 1189 1867 discerni
1220 1829 1367 1868 stultus
1398 1828 1564 1868 auditor
1594 1833 1634 1868 et
1654 1828 1845 1869 credulus
1876 1829 1976 1873 ah25

177 1889 374 1942 religioso
407 1894 447 1929 et
476 1890 651 1941 sapienti
682 1890 851 1930 iudice?
897 1890 1099 1930 Nimirum
1131 1890 1255 1938 illud,
1287 1891 1329 1930 in
1353 1904 1435 1944 quo
1467 1903 1516 1930 ea
1547 1903 1652 1945 quae
1683 1891 1875 1931 dicuntur
1903 1905 1928 1932 a

176 1951 348 1992 testibus
381 1952 640 1991 coniecturae
672 1957 712 1992 et
744 1953 980 2005 cogitationi
1015 1952 1249 2000 traduntur,
1289 1957 1443 2006 quanta
1473 1953 1736 2001 auctoritate,
1776 1959 1928 2008 quanta

176 2013 302 2054 animi
332 2013 559 2066 aequitate,
599 2019 752 2067 quanto
783 2014 962 2068 pudore,
1007 2020 1163 2069 quanta
1192 2012 1292 2062 fide,
1335 2020 1488 2069 quanta
1517 2015 1739 2068 religione,
1771 2022 1926 2069 quanto

179 2075 314 2116 studio
356 2075 668 2115 existimationis
708 2077 867 2124 bonae,
907 2083 1060 2130 quanta
1091 2090 1205 2125 cura,
1247 2083 1402 2130 quanto
1433 2077 1578 2117 timore
1609 2077 1809 2118 dicantur.
1852 2078 1925 2118 XI.

178 2134 297 2192 [VIL]
344 2138 407 2177 An
448 2151 545 2177 vero
588 2152 659 2178 vos
697 2139 739 2178 id
781 2139 822 2178 in
855 2139 1098 2179 testimoniis
1128 2138 1343 2179 hominum
1372 2139 1639 2179 barbarorum
1671 2140 1973 2188 dubitabitis‚30

177 2200 289 2254 quod
331 2213 531 2253 persaepe
574 2205 614 2240 et
654 2205 794 2241 nostra
836 2207 876 2241 e't
915 2194 1077 2256 patrum
1116 2202 1314 2241 memoria
1350 2201 1644 2255 sapientissimi
1680 2201 1840 2242 iudices
1873 2202 1924 2241 de

259 2344 289 2374 l.
315 2343 376 2375 DE
399 2342 576 2375 CRIMINE
598 2343 678 2384 cet.]
709 2344 807 2375 «Hoc
832 2343 1008 2384 quomodo
1034 2343 1276 2384 accipiendum
1301 2343 1360 2381 sit,
1395 2343 1497 2375 docet
1520 2343 1619 2376 Nieb.
1646 2352 1680 2385 p.
1707 2344 1758 2376 41.
1786 2353 1804 2376 e
1828 2343 1925 2376 Plinii

173 2393 274 2433 Epist.
299 2393 323 2424 Ι,
350 2392 402 2430 20,
429 2392 459 2424 7.
497 2394 608 2426 Unum
636 2394 753 2425 tamen
778 2394 923 2426 dubium
950 2394 1033 2426 mihi
1059 2395 1177 2425 movet
1204 2393 1435 2433 fragmentum
1459 2393 1540 2425 illud
1565 2394 1607 2426 ab
1632 2396 1815 2426 Ammiano
1838 2395 1926 2427 Mar-

173 2441 294 2475 cellino
325 2443 521 2481 servatum,
555 2443 648 2483 quod
680 2452 698 2475 e
722 2442 798 2475 loco
823 2444 879 2475 hic
903 2443 1084 2484 deperdito
1109 2443 1152 2474 de
1177 2443 1321 2474 crimine
1345 2443 1478 2474 vinario
1503 2443 1729 2485 desumptum
1752 2453 1830 2476 esse
1855 2445 1925 2477 iam

172 2494 365 2533 Wagnerus
389 2492 557 2524 censuit.»
584 2493 714 2524 ORELLI.
751 2495 791 2525 At
822 2496 958 2534 poterat
987 2493 1095 2525 breve
1128 2492 1209 2524 illud
1234 2492 1464 2533 fragmentum
1489 2494 1592 2525 etiam
1617 2494 1651 2525 in
1674 2493 1738 2525 alia
1761 2495 1925 2526 orationis

171 2543 270 2583 parte
294 2540 410 2572 locum
432 2540 575 2573 habere.
594 2559 628 2564 -
648 2544 709 2574 DE
730 2544 867 2575 BELLO
891 2543 1134 2576 CONTIOIH‘JI
1147 2543 1186 2574 V.
1214 2542 1287 2583 (DE
1308 2543 1445 2574 BELLO
1470 2544 1549 2574 ΝΟ.
1569 2543 1812 2575 ΟΟΝΙἹΟΗΙἯΙ
1826 2544 1871 2584 S.)
1886 2562 1921 2566 —

173 2591 203 2623 3.
229 2591 273 2622 ad
295 2591 353 2622 hoc
376 2591 415 2622 V.
444 2609 478 2612 —
506 2594 541 2622 at
563 2592 661 2633 ratio]
687 2593 773 2624 atrio
797 2594 825 2623 V
848 2595 937 2625 teste
962 2595 1074 2625 Garat.
1101 2611 1135 2614 —
1163 2592 1194 2624 4.
1221 2593 1358 2633 com-9112·
1378 2596 1492 2632 polest.
1530 2593 1633 2633 Igitur
1655 2593 1782 2624 testibus
1804 2593 1925 2625 iudices

173 2641 212 2679 S,
239 2641 297 2681 qui
322 2639 447 2672 deinde
473 2640 596 2674 habet:
623 2652 687 2673 non
711 2643 813 2674 solani
832 2644 964 2682 potestis
986 2644 1039 2674 sed
1062 2643 1159 2674 ctiam
1176 2641 1302 2673 (lebetis.
1324 2659 1358 2663 -
1386 2642 1417 2673 6.
1436 2643 1513 2681 quia
1530 2645 1568 2673 5:
1596 2651 1660 2682 qua
1678 2643 1716 2673 V.
1738 2660 1773 2664 —-
1799 2643 1830 2674 7.
1849 2651 1925 2681 que-

171 2690 269 2721 sitore
291 2690 330 2729 S,
356 2691 553 2730 quaestam-e
576 2692 615 2722 V.
645 2710 679 2714 —
706 2693 736 2723 9.
762 2693 883 2724 indices
905 2693 945 2724 V.
975 2711 1009 2714 —
1035 2695 1070 2723 vt
1093 2701 1124 2731 q.
1151 2692 1289 2731 quidem]
1313 2695 1349 2723 ut
1373 2692 1507 2731 qnidam
1530 2693 1563 2723 S.
1593 2710 1627 2714 -—
1655 2693 1705 2724 40.
1733 2692 1828 2724 Salus
1852 2693 1924 2723 Ho-

172 2740 349 2771 tomanus:
382 2740 470 2770 salus
494 2740 572 2771 edd.
599 2742 744 2781 priores.
775 2760 809 2764 —
843 2743 896 2773 42.
922 2750 1178 2782 vnanzquanque
1201 2742 1234 2773 S.
1262 2759 1298 2764 —
1325 2742 1580 2773 eoeislimandazn
1604 2742 1650 2772 V:
1684 2742 1923 2773 aestimandam

172 2790 205 2821 S.
236 2790 369 2821 Locum
391 2797 461 2821 non
485 2791 595 2829 tetigit
618 2791 702 2823 Rud.
722 2792 937 2832 Diels-chius,
964 2793 1022 2833 qui
1046 2793 1079 2823 in
1097 2792 1246 2823 observa.
1272 2792 1358 2823 critt.
1385 2793 1418 2823 in
1434 2792 1504 2823 Sat.
1522 2793 1591 2832 laq.
1621 2791 1919 2831 (Grimmaef1845.

170 2848 205 2881 p.
231 2839 271 2871 28
296 2839 386 2880 sqq.)
419 2839 462 2871 de
495 2840 688 2873 differentia
711 2842 903 2874 verborum
927 2843 1123 2874 aestimandi
1147 2843 1181 2873 et.
1207 2842 1417 2873 eatistimancli
1440 2840 1633 2873 luculenter
1657 2840 1853 2881 disputavit.
1883 2859 1918 2863 —

171 2889 223 2920 43.
249 2889 444 2928 sapientiam
466 2889 581 2921 iudicis
601 2891 703 2923 videte
726 2892 775 2932 ne]
799 2893 994 2931 sapientiam
1017 2892 1133 2922 indicis
1155 2899 1194 2922 ne
1209 2891 1257 2927 V;
1282 2892 1445 2931 sapientia
1467 2891 1583 2922 iudicis
1606 2894 1687 2922 tenet
1710 2899 1748 2921 ne
1764 2891 1784 2920 S
1799 2890 1822 2920 O
1849 2889 1922 2929 (sed

172 2938 228 2970 hic
250 2938 344 2979 nae);
369 2939 532 2979 sapientia
554 2940 669 2972 iudicis
691 2945 794 2973 tenet:
818 2943 920 2974 videte
939 2950 979 2973 ne
995 2942 1082 2972 coni.
1101 2941 1265 2972 Faernus.
1290 2942 1333 2972 At
1356 2940 1482 2972 sufficit
1504 2939 1785 2981 supplementum
1803 2938 1920 2977 z·idete;

173 2987 218 3019 ad
238 2988 347 3020 verba
369 2990 419 3021 sin
435 3007 483 3012 --
497 2998 562 3020 non
585 2991 755 3023 minimam
772 2995 904 3031 partein
928 2992 971 3022 ad
994 2999 1095 3022 unam
1119 2998 1280 3029 quamque
1304 2998 1372 3021 rem
1388 2990 1698 3029 --ponderandam
1728 2988 1922 3028 sapientiam

173 3037 288 3068 iudicis
316 3047 358 3070 ex
386 3038 625 3079 superioribus
647 3049 711 3073 esse
734 3042 927 3073 existimatis
950 3039 1180 3081 repetendum
1205 3040 1269 3070 est.
1298 3057 1334 3061 -
1359 3039 1422 3070 sint
1448 3040 1489 3070 V:
1516 3042 1590 3070 sunt
1612 3040 1632 3070 S
1647 3039 1684 3070 O.
1710 3038 1758 3069 Ex
1782 3038 1847 3069 hac
1870 3036 1921 3069 le-

175 3087 286 3118 ctione
310 3088 461 3120 Fae'rnus
484 3092 711 3130 perspexerat
732 3092 835 3123 videte
857 3092 890 3122 in
915 3090 1017 3123 codd.
1044 3089 1273 3121 intercidisse.
1302 3104 1337 3110 —
1365 3089 1417 3120 46.
1443 3091 1487 3120 est
1509 3097 1606 3128 saepe
1630 3087 1741 3119 Klotz:
1776 3090 1805 3118 et
1827 3096 1922 3127 saepe

174 3136 286 3168 VSO.
311 3137 370 3178 (est
390 3140 504 3170 interr.
530 3141 559 3170 et
581 3147 676 3179 saepe
699 3141 722 3172 L
747 3149 791 3172 ex
814 3142 954 3172 Hotom.
975 3140 1078 3179 coni.)
1106 3157 1140 3161 —
1167 3138 1220 3170 48,
1246 3137 1416 3169 adtributa
1438 3139 1477 3169 V.
1498 3155 1534 3160 —
1561 3138 1613 3169 49.
1639 3147 1703 3168 uno
1727 3137 1810 3167 VS:
1836 3146 1921 3168 uno-

176 3192 300 3224 ‘WOQue
322 3186 377 3218 ed.
404 3187 549 3227 Hervag.
577 3205 611 3209 —
638 3189 690 3221 ⁶2¹.
716 3190 837 3222 iudices
860 3192 893 3223 S.
918 3207 952 3212 —
980 3190 1031 3221 ⁵22.
1057 3189 1220 3228 sapienter
1241 3188 1318 3226 VS,
1345 3188 1439 3228 quod
1462 3187 1556 3220 idem
1579 3188 1700 3219 vitium
1725 3189 1778 3219 est
1800 3187 1834 3218 in
1858 3188 1921 3219 Ra-

175 3232 307 3265 biriana
324 3234 354 3275 g.
373 3235 424 3267 3⁶2.
446 3255 479 3260 —
498 3237 551 3269 23.
568 3239 681 3280 imum]
705 3240 753 3271 his
775 3250 876 3272 unam
891 3240 931 3271 V.
957 3238 1041 3270 Vide
1065 3247 1108 3270 ne
1124 3238 1326 3269 existimetur
1344 3246 1427 3269 esse:
1450 3247 1552 3269 unum
1574 3237 1799 3270 scribendum
1821 3238 1918 3269 sit.—

172 3283 332 3322 promisce
352 3284 433 3317 VS:
453 3287 639 3326 promiscue
662 3289 698 3319 O.
727 3306 761 3310 —-
787 3289 839 3320 ⁶26.
865 3288 980 3329 iudice]
1005 3289 1072 3320 iud.
1099 3288 1169 3327 (sie)
1187 3288 1226 3319 V.
1248 3305 1282 3310 —
1308 3288 1360 3319 ⁶27.
1386 3288 1591 3319 coniecturae
1606 3287 1654 3318 V:
1681 3286 1868 3317 coniectura
1884 3288 1917 3318 S.

180 3348 214 3354 -
239 3333 431 3375 cogitatione
451 3335 480 3368 V
494 3337 532 3376 S;
559 3338 707 3370 correxit
730 3339 954 3371 Hotomanus.
983 3354 1017 3361 —
1047 3338 1098 3370 30.
1124 3337 1310 3370 dubitabitis
1332 3337 1366 3369 in
1389 3338 1417 3369 V
1441 3346 1560 3370 errore
1583 3337 1638 3370 bis
1661 3337 1829 3378 seriptum
1853 3338 1916 3368 est.
