2143 3713
1790 217 1872 260 235

808 447 1170 486 ACCUSATIONIS

973 549 1016 581 IN

629 638 1600 697 VERREM

773 765 939 797 LIBER
974 764 1225 796 TERTIUS.

398 643 475 699 C.

509 871 820 927 [ORATIO
884 868 1479 924 FRUMENTARIA.]

207 1119 256 1150 De
281 1114 476 1154 codicibus,
503 1112 630 1154 quibus
653 1111 711 1144 lib.
738 1113 792 1144 III.
820 1113 1034 1150 continetur,
1061 1113 1130 1144 iam
1155 1120 1260 1154 supra
1285 1111 1327 1143 ad
1352 1110 1411 1143 lib.
1437 1112 1476 1142 II.
1503 1110 1635 1143 dictum
1660 1113 1723 1143 est.
1763 1112 1878 1144 Metel-

123 1169 228 1200 lianus
256 1166 379 1198 desinit
409 1173 484 1206 cap.
510 1163 594 1195 XVI.
630 1162 832 1203 Erfurlensis
857 1163 1090 1202 fragmentum
1116 1163 1268 1194 continet
1301 1170 1375 1203 cap.
1402 1162 1470 1192 1—-
1491 1162 1530 1192 V.
1563 1161 1593 1201 3¹.
1622 1161 1672 1192 42.
1700 1161 1876 1201 deprecati.

123 1216 315 1250 Melchioris
339 1214 492 1254 Hittorpii
507 1212 674 1249 schedae,
703 1221 792 1253 quae
810 1215 980 1244 vocantur
995 1221 1012 1243 a
1033 1214 1196 1250 Grutero‚
1224 1214 1389 1252 excerpta
1407 1213 1488 1242 sunt
1505 1211 1636 1242 codicis
1653 1211 1874 1243 Erfurtensis.

126 1269 152 1299 Α
177 1266 295 1298 codice
319 1266 400 1305 Lay.
421 1268 449 1295 6.
475 1262 574 1294 abest
597 1262 685 1293 haec
710 1262 830 1293 orati0.
880 1262 997 1293 Codex
1027 1262 1204 1292 Vaticanus
1226 1261 1313 1292 haee
1339 1260 1493 1292 continet
1516 1260 1731 1302 fragmenta:

209 1317 237 1354 4)
264 1322 337 1354 cap.
365 1314 388 1344 l.
415 1313 446 1354 g.
473 1313 502 1343 4.
529 1335 565 1340 -
589 1311 619 1351 g.
647 1312 676 1342 2.
704 1311 818 1351 officii,
845 1311 900 1342 sed
924 1311 1033 1342 etiam.

206 1365 235 1403 23)
262 1372 335 1404 (zap.
361 1363 443 1393 VIII.
472 1361 502 1402 g.
528 1362 581 1393 ΞΟ.
606 1363 642 1391 ut
663 1368 766 1398 neque
788 1360 823 1390 in
845 1360 1002 1400 seyetibus
1023 1383 1060 1389 -
1082 1361 1136 1392 IX.
1171 1360 1202 1401 g.
1229 1360 1281 1392 23.
1306 1363 1342 1392 ut
1365 1360 1432 1400 ipse
1453 1368 1519 1391 non
1543 1360 1658 1391 solum.

204 1414 234 1452 3)
259 1421 334 1454 cap.
360 1412 400 1443 X.
427 1411 457 1452 S.
484 1410 536 1443 24.
565 1410 830 1450 diripiendasque
851 1433 888 1438 -
911 1410 980 1441 XII.
1007 1410 1038 1451 g.
1065 1411 1117 1442 ΞΕ).
1145 1413 1212 1441 ext.
1238 1418 1341 1449 neque
1363 1413 1484 1440 tamen.

207 1462 236 1503 4)
262 1470 338 1503 cap.

206 1512 236 1551 ὅ)
262 1519 337 1552 cap.

207 1561 236 1600 6)
263 1569 339 1601 cap.

202 1611 232 1649 7)
258 1619 335 1650 cap.

257 1668 333 1700 cap.

258 1717 333 1748 cap.

259 1765 334 1798 cap.

184 1810 233 1848 44)
260 1816 338 1847 cap.

201 1660 220 1692 8

203 1709 221 1737 q

224 1662 231 1700 )

205 1711 232 1748 ι)

183 1760 232 1797 1ο)

183 1859 195 1888 4
206 1858 233 1896 2)
262 1865 322 1897 cap

184 1906 234 1946 43)
259 1914 335 1946 cap.

363 1462 446 1493 XVI.
473 1460 503 1502 g.
530 1460 582 1493 40.
607 1458 805 1491 vendidisti?
829 1463 864 1491 tu
880 1462 997 1499 partes
1022 1477 1058 1482 —
1085 1460 1199 1492 XVIII.
1227 1459 1257 1500 g.
1285 1458 1336 1491 47.
1364 1467 1516 1490 annonae
1540 1459 1725 1491 caritatem.

363 1511 432 1542 XX.
460 1510 491 1551 ἓ.
517 1511 569 1541 52.
590 1510 756 1550 proseclo,
785 1518 989 1549 quamquam
1013 1531 1050 1537 -.
1072 1510 1171 1541 XXV.
1198 1509 1228 1550 g.
1255 1510 1307 1541 62.
1333 1509 1367 1539 in.
1390 1509 1527 1548 Apronii
1550 1510 1709 1541 convivio.

365 1560 478 1592 XXVI.
506 1561 574 1591 ext.
602 1559 774 1591 insolentia
796 1562 969 1590 consecula
993 1582 1028 1588 -
1052 1560 1165 1591 XXIX.
1193 1559 1224 1600 g.
1251 1559 1304 1591 70.
1332 1561 1399 1590 ext.
1424 1559 1529 1600 viryis
1551 1562 1592 1590 te.

361 1610 474 1641 XXXI.
501 1610 531 1650 ἓ.
558 1609 611 1641 74.
639 1610 705 1641 ext.
732 1612 843 1640 tantus
866 1609 958 1640 dolor
981 1633 1016 1638 -
1039 1610 1184 1641 XXXIV.
1212 1609 1242 1650 g.
1270 1610 1321 1641 78.
1350 1610 1417 1640 ext.
1440 1613 1656 1649 posteaquam
1677 1611 1818 1640 ventum.

358 1659 502 1690 XXXVI.
531 1660 562 1699 g.
588 1658 640 1690 83.
667 1659 704 1689 de
725 1667 802 1698 pop.
828 1659 865 1690 R.
890 1659 978 1690 victu
999 1683 1036 1687 -
1059 1659 1234 1691 XXXVIII.
1262 1659 1292 1701 S.
1319 1659 1372 1691 86.
1398 1659 1491 1691 Anno
1515 1661 1654 1691 secundo
1680 1660 1843 1690 Tissenses.

360 1708 442 1739 LVI.
461 1708 492 1748 g.
513 1708 584 1739 429.
608 1707 791 1748 periculum
809 1708 1017 1747 pertinebant
1034 1730 1070 1735 -
1085 1708 1183 1740 LVII.
1205 1709 1236 1750 g.
1255 1709 1328 1741 430.
1349 1709 1566 1748 loquebantur
1586 1710 1671 1741 enim
1693 1708 1876 1741 decuma-ni.

362 1758 426 1789 LX.
455 1756 484 1797 S.
513 1757 585 1788 437.
613 1760 716 1788 lotam
739 1757 888 1797 iniquam
910 1758 939 1789 ei
962 1761 1034 1789 erat
1056 1781 1091 1787 -
1115 1759 1211 1790 LXII.
1239 1759 1268 1799 g.
1298 1758 1370 1792 444.
1397 1760 1424 1791 si
1448 1768 1542 1799 quem
1565 1762 1750 1791 aratorum.

364 1807 458 1838 LXV.
487 1806 516 1847 S.
545 1807 617 1838 452.
646 1808 781 1839 Tenetur
804 1808 907 1848 igilur
928 1830 964 1835 -
987 1808 1128 1839 wafl.
1157 1808 1187 1848 g.
1215 1809 1288 1839 457.
1319 1809 1457 1847 Videtis,
1483 1812 1530 1839 ul.

328 1881 334 1887 .
361 1856 486 1887 LXXII.
513 1855 543 1896 g.
572 1856 644 1887 468.
671 1857 744 1896 quis
767 1858 902 1897 denique
925 1861 1061 1889 conatus
1084 1879 1118 1884 —
1146 1858 1273 1890 LXXV.
1300 1858 1330 1899 ἓ.
1359 1859 1432 1890 473.
1459 1858 1578 1890 Siculis
1601 1866 1707 1890 emere
1729 1858 1833 1889 iussit.

361 1905 485 1936 LXXV.
512 1905 542 1946 g.
571 1906 643 1937 475.
670 1907 850 1946 cognoscite
873 1915 915 1938 ex
938 1907 1053 1939 litteris
1075 1907 1215 1947 publicis
1237 1908 1422 1939 civitatium
1444 1931 1481 1938 ....
1505 1907 1647 1940 LXXVI.
1674 1908 1704 1948 ξ.
1731 1907 1804 1938 477.
1831 1910 1879 1939 le·-

419 1957 523 1985 nelur.
567 1954 720 1985 Vidimus.

363 2004 531 2036 Lxxvm.
558 2003 588 2044 g.
609 2004 681 2036 482.
701 2006 887 2045 oppuqnari
908 2005 985 2037 iura
1000 2006 1081 2037 dicet
1097 2030 1132 2035 -
1148 2007 1274 2038 LXXX.
1294 2007 1325 2048 S.
1346 2007 1398 2039 48.
1417 2008 1648 2047 Syracusanus
1660 2008 1877 2048 praedonum.

361 2053 516 2085 LXXXII.
549 2055 615 2084 ext.
649 2055 855 2086 meminimus
885 2058 944 2086 aul
977 2056 1163 2087 audivimus
1185 2080 1220 2085 -
1244 2057 1416 2088 LXXXIV.
1453 2057 1483 2097 g.
1511 2057 1584 2089 493.
1617 2060 1714 2098 atque
1742 2057 1775 2089 in
1805 2065 1880 2089 mea

417 2103 558 2133 cirilalc.

362 2152 531 2183 LXXXIV.
559 2153 690 2192 51495.
719 2154 798 2185 Cum
823 2153 879 2184 tibi
902 2157 1035 2184 senalus
1054 2179 1090 2182 -
1116 2155 1273 2186 LXXXV.
1301 2155 1330 2195 S.
1358 2155 1431 2187 495.
1465 2156 1533 2188 Hoc
1556 2157 1646 2195 quid.

360 2201 529 2233 LXXXVI.
556 2201 586 2241 5.
615 2201 687 2233 499.
714 2206 749 2233 ul
773 2203 866 2234 daret
889 2206 1026 2241 arator,
1056 2212 1135 2242 quos
1156 2230 1192 2233 -
1218 2204 1417 2236 LXXXVIII.
1445 2206 1475 2246 g.
1502 2205 1577 2238 204.
1604 2207 1660 2246 qui
1683 2207 1832 2238 aderant.

362 2250 559 2282 LXXXVIII.
588 2252 618 2291 5¹.
645 2251 718 2282 205.
745 2261 810 2283 non
833 2261 875 2284 ea:
898 2261 951 2291 eo,
980 2253 1066 2291 quod
1088 2253 1215 2285 licuerit
1238 2275 1273 2281 -
1296 2255 1365 2286 XC.
1393 2254 1423 2296 g.
1450 2255 1523 2287 209.
1557 2257 1685 2297 Mayna
1708 2259 1753 2288 est
1774 2255 1880 2287 homi-

419 2308 496 2330 num
521 2301 714 2331 auctoritas.

180 2351 229 2390 49)
256 2359 331 2391 cap.
356 2349 439 2381 XCI.
467 2348 498 2390 S.
527 2350 598 2381 2¹2.
625 2351 793 2391 adflictam
817 2354 846 2383 et
863 2352 1032 2391 perditam
1054 2372 1090 2378 -
1115 2353 1214 2385 XCII.
1241 2353 1271 2394 g.
1298 2353 1373 2386 ⁵244.
1401 2357 1470 2386 ext.
1496 2355 1530 2386 in
1553 2355 1620 2386 illo.

179 2402 230 2439 20)
257 2409 332 2441 cap.
358 2400 471 2431 XCIV.
499 2400 530 2441 g.
558 2401 631 2432 220.
658 2406 775 2440 quotus
798 2403 858 2434 erit
881 2404 940 2434 isle
961 2425 997 2432 -
1021 2404 1149 2436 XCVII.
1182 2403 1212 2444 g.
1239 2403 1313 2435 225.
1341 2405 1410 2435 ext.
1436 2405 1463 2436 si
1486 2405 1671 2437 aestimavit
1693 2406 1788 2437 tanti.

178 2451 229 2489 24)
255 2458 330 2490 cap.
356 2449 499 2481 XCVIII.
528 2451 558 2491 g.
584 2450 659 2482 228.
687 2453 753 2482 ext.
780 2452 868 2483 nullo
893 2453 987 2484 modo
1007 2456 1187 2492 potuerunt
1211 2471 1246 2475 —
1270 2457 1490 2485 revertantur.

203 2504 268 2545 (Ab
299 2505 366 2536 boo
395 2505 474 2537 inde
505 2505 592 2537 libro
627 2516 714 2538 nova
741 2506 924 2540 collatione
949 2508 1165 2550 Palimpsesti
1191 2510 1346 2541 Vaticani
1371 2510 1416 2542 ab
1441 2512 1562 2543 Henr.
1589 2512 1774 2544 Brunnio
1800 2511 1878 2544 dili-

114 2557 312 2597 gentissime
338 2556 425 2587 facta
451 2555 551 2588 nobis
575 2557 622 2588 uti
646 2556 758 2595 licuit,
786 2566 891 2598 quam
915 2558 1070 2591 Halmius
1094 2560 1333 2592 munificentia
1358 2570 1499 2599 eorum,
1526 2563 1585 2603 qui
1608 2562 1716 2595 rebus
1739 2562 1878 2595 schola-

115 2606 207 2638 sticis
231 2607 265 2637 in
287 2606 430 2637 Bavaria
455 2608 640 2647 praesunt,
667 2607 804 2640 adiutus
830 2608 1025 2640 faciendam
1049 2611 1193 2641 curavit.
1229 2610 1324 2648 Quae
1349 2610 1520 2642 Brunnius
1545 2610 1588 2642 de
1612 2611 1698 2644 Iocis
1722 2613 1879 2653 superio-

114 2655 210 2687 ribus
234 2655 292 2696 qui
315 2656 349 2686 in
372 2655 600 2697 Palimpsesto
633 2659 823 2698 supersunt
850 2659 1048 2690 accurat-ius
1073 2668 1179 2700 quam
1203 2661 1311 2692 Maius
1334 2660 1480 2701 rettulit,
1518 2662 1552 2693 in
1574 2660 1753 2694 Addendis
1778 2661 1877 2694 exhi-

113 2704 287 2737 bebimus.
324 2705 429 2745 ΒΑιτ.)

184 2003 234 2044 44)
260 2013 335 2044 cap.

183 2055 232 2094 45)
259 2062 335 2095 cap.

184 2153 232 2192 46)
259 2161 336 2193 cap.

182 2203 231 2241 47)
258 2210 334 2242 cap.

183 2252 233 2291 48)
259 2259 334 2292 cap.

199 2886 287 2917 Cum
319 2884 459 2918 codices
487 2887 780 2928 Lagomarsiniani
814 2896 909 2919 num.
936 2887 977 2920 42
1002 2890 1036 2920 et
1059 2889 1100 2920 29
1123 2890 1157 2921 in
1180 2888 1269 2922 libro
1293 2891 1333 2922 11.
1360 2892 1394 2922 et
1416 2891 1471 2923 111.
1497 2891 1724 2924 Verrinarum
1749 2893 1876 2925 ceteris

114 2935 171 2975 qui
206 2935 308 2967 hodie
344 2937 481 2968 exstant
514 2940 574 2969 aut
604 2938 674 2970 noti
705 2938 848 2978 quidem
873 2940 954 2969 sunt
984 2937 1084 2979 longe
1117 2942 1312 2980 praestent.
1350 2950 1480 2982 operae
1505 2942 1658 2982 pretIum
1682 2942 1876 2975 existimavi

114 2986 228 3026 ipsum
251 2985 493 3027 apographum
509 2987 782 3020 NIebuhrianum
807 2988 1000 3029 Inspicere,
1027 2990 1193 3029 quoniam
1213 2991 1392 3032 ZumptIus
1417 2991 1619 3032 exemplum
1636 2992 1796 3024 editi0nis
1814 2993 1875 3024 Ga—

114 3035 332 3073 ratonianae‚
367 3035 401 3067 in
427 3037 524 3068 cuius
549 3038 763 3078 marginibus
786 3038 999 3070 Niebuhrius
1022 3037 1190 3071 lectiones
1214 3040 1376 3072 codicum
1399 3041 1788 3081 Lagomarsinianorum
1811 3041 1876 3074 de-

115 3083 266 3124 scripsit,
304 3093 373 3116 non
402 3086 476 3126 ipse
509 3087 553 3118 ad
584 3096 709 3121 manus
734 3087 870 3127 nabun,
908 3088 972 3120 sed
997 3089 1197 3130 apographo
1220 3090 1361 3121 Bonnae
1386 3090 1477 3122 Iacto
1506 3100 1591 3123 usus
1621 3094 1692 3128 est3
1729 3091 1772 3123 cf.
1799 3092 1874 3124 eius

118 3132 260 3164 Praefat.
286 3142 320 3174 p.
339 3134 454 3166 XXXI.
503 3137 577 3174 Quo
601 3138 795 3169 accedebat
819 3137 913 3178 quod
936 3146 1016 3177 ego,
1043 3139 1102 3179 qui
1127 3148 1169 3170 ex
1192 3138 1265 3170 aliis
1281 3138 1516 3173 voluminibus
1541 3141 1698 3173 eiusdem
1723 3141 1874 3182 exempli

117 3179 280 3214 lectiones
309 3191 328 3214 a
359 3183 548 3217 Niebuhrio
581 3195 662 3218 cum
691 3187 888 3219 admirabili
917 3187 1036 3219 labore
1069 3191 1253 3229 congestas
1284 3191 1587 3232 transcripserim.
1619 3199 1685 3222 usu
1709 3192 1874 3231 expertus

118 3237 210 3269 sum,
247 3240 352 3272 quam
387 3231 524 3267 difficile
553 3239 697 3278 propter
725 3246 888 3278 magnam
918 3239 1079 3270 notarum
1108 3239 1179 3270 vim
1210 3241 1460 3282 ingentemque
1483 3240 1673 3273 lectionum
1696 3241 1873 3273 variarum

118 3279 254 3319 copiam
275 3281 342 3314 hoc
364 3286 539 3325 negotIum
563 3286 657 3318 haud
680 3288 801 3328 paucis
826 3288 859 3319 In
883 3287 967 3319 locis
989 3287 1149 3319 videatur
1173 3298 1350 3330 quamque
1375 3290 1475 3323 IaciIe
1499 3290 1630 3322 homini
1653 3289 1709 3322 vel
1733 3289 1874 3331 diligen-

118 3329 248 3363 tissimo
271 3333 431 3366 accidere
454 3336 583 3376 possit,
608 3339 646 3368 ut
669 3337 846 3378 quaedam
867 3338 1124 3379 praetermittat
1146 3340 1206 3371 aut
1229 3337 1293 3372 alia
1317 3348 1399 3375 eum
1422 3339 1496 3374 aliis
1521 3339 1720 3373 confundat.
1763 3340 1872 3374 Petivi
