2143 3713
669 209 763 249 CM’·
795 207 977 261 ,Ιχ-Χ·
1015 205 1086 259 §§·
1118 203 1311 246 22—28.
1789 201 1870 242 525

135 326 212 365 hoc
242 324 327 364 sere
357 324 416 363 sic
445 321 531 362 fieri
557 321 689 360 solere
710 319 963 371 accepimus,
995 325 1039 358 ut
1059 332 1200 371 regum
1221 317 1395 357 afflictae
1415 315 1605 355 fortunae
1626 315 1746 355 facile
1768 316 1872 354 mul-

135 393 267 427 torum
299 399 400 438 opes
431 384 610 424 alliciant
639 380 689 421 ad
721 381 1044 420 miscricordiam
1077 380 1338 431 maximeque
1361 391 1523 424 eorum,
1555 377 1623 431 qui
1656 384 1727 417 aut
1755 391 1872 430 reges

134 455 230 489 sunt
258 454 327 488 aut
356 448 498 487 vivunt
529 445 569 483 in
599 456 750 495 regno:
784 447 827 481 ut
858 443 905 481 iis
938 456 1087 482 nomen
1119 440 1256 493 regale
1283 453 1475 491 inagnum
1507 446 1547 478 et
1573 445 1759 479 sanctum
1781 453 1872 480 esse

133 511 332 551 videatur.
390 506 454 546 ⁶255.
494 507 637 558 Itaque
678 508 837 543 tantum
876 506 1006 544 victus
1038 503 1201 544 efficere
1232 502 1385 555 potuit,
1427 507 1624 554 quantum
1655 502 1872 542 incolumis

133 586 357 625 numquam
397 575 459 610 est
495 580 618 607 ausus
659 571 814 619 optare.
873 568 973 605 Nam
1006 579 1098 604 cum
1130 578 1173 604 se
1205 564 1247 602 in
1278 577 1451 615 regnum
1482 578 1602 603 suum
1634 565 1905 616 recepissem)

132 648 215 674 non
245 633 323 673 suit
352 646 399 672 eo
431 632 669 674 contentus,
702 627 814 680 quod
841 628 876 666 ei
903 633 1066 680 praeter
1087 640 1202 679 spem
1223 625 1451 672 acciderat,
1482 625 1680 672 millam,
1711 632 1873 678 postea-

132 710 256 750 quam
287 694 430 747 pulsus
461 695 569 737 erat,
601 695 748 729 terram
780 704 975 743 umquam
1008 690 1248 740 attingeret,
1281 687 1415 727 sedin
1439 687 1665 727 exercitum
1687 693 1872 726 nostrum

132 759 286 797 clarum
326 762 448 808 atque
478 753 678 792 victorem
709 752 907 803 impetum
938 752 1045 791 secit.
1094 750 1224 790 Sinite
1254 750 1333 789 hoc
1366 749 1480 797 loco,
1522 749 1727 797 Quirites,
1770 751 1875 789 sicut

133 824 276 872 poetae
308 817 462 862 solent,
494 814 565 867 qui
597 827 661 853 res
691 814 897 853 Romanas
929 813 1134 859 scribunt,
1166 812 1388 865 praeterire
1416 825 1480 850 me
1502 817 1685 850 nostram
1707 810 1874 850 calami-

133 885 276 927 tatem,
322 890 428 932 quae
469 881 581 916 tanta
619 875 716 922 suit,
763 880 807 914 ut
848 889 937 915 eam
967 876 1017 915 ad
1051 888 1170 914 aures
1212 874 1472 926 imperatoris
1508 887 1590 913 non
1626 886 1679 912 ex
1714 873 1872 925 proelio
1892 886 1923 915 ιο

130 942 321 988 nuntius,
352 938 426 978 sed
458 951 510 977 ex
540 950 730 977 sermone
762 952 901 977 rumor
932 938 1107 977 afferret.
1153 934 1218 975 26.
1252 937 1328 975 llic
1359 936 1401 974 in
1431 936 1501 976 illo
1532 936 1623 988 ipso
1654 935 1762 975 malo
1785 948 1874 987 gra-

129 1004 377 1055 vissimaque
417 1000 516 1039 belli
557 1000 788 1039 offensione
819 1001 863 1039 L.
896 1000 1111 1047 Lucullus,
1153 999 1224 1052 qui
1259 1004 1392 1038 tamen
1424 998 1564 1052 aliqua
1596 1011 1648 1038 ex
1678 1003 1794 1051 parte
1824 998 1874 1038 iis

128 1063 399 1104 incommodis
430 1061 585 1102 mederi
615 1061 790 1101 fortasse
817 1062 1041 1114 potuisset,
1073 1066 1209 1101 vestro
1246 1061 1362 1100 iussu
1394 1066 1581 1108 coactus,
1613 1061 1683 1114 qui
1713 1060 1875 1113 imperii

128 1126 388 1167 diuturnitati
417 1124 586 1164 modum
616 1124 878 1163 statuendum
909 1129 1046 1163 vetere
1079 1123 1269 1176 exemplo
1301 1123 1540 1175 putavistis,
1578 1128 1737 1175 partem
1767 1123 1875 1162 mili-

131 1193 235 1236 tum,
268 1187 339 1241 qui
360 1188 443 1227 iam
464 1186 682 1239 stipendiis
704 1185 882 1225 confecti
906 1190 1045 1233 erant,
1077 1185 1252 1232 dimisit,
1283 1190 1443 1238 partem
1463 1185 1527 1224 Μ’.
1551 1185 1762 1224 Glabrioni
1794 1191 1925 1226 tra-⁴5

128 1249 244 1290 didit.
291 1249 422 1289 Multa
450 1253 664 1302 praetereo
696 1248 914 1287 consulto:
945 1248 1019 1287 sed
1042 1261 1090 1287 ea
1110 1260 1184 1287 vos
1208 1247 1446 1287 coniectura
1465 1247 1711 1300 perspicite,
1743 1261 1876 1300 quan-

128 1317 213 1351 tum
257 1311 361 1351 illud
402 1310 559 1350 bellum
598 1309 748 1349 factum
791 1310 964 1362 putetis,
1008 1309 1121 1363 quod
1153 1310 1405 1367 coniungant
1433 1322 1551 1361 reges
1582 1309 1875 1361 potentissimi,

127 1378 329 1414 renovent
358 1374 534 1426 agitatae
564 1372 775 1419 nationes,
817 1372 1046 1425 suscipiant
1076 1372 1259 1424 integrae
1289 1376 1452 1424 gentes,
1491 1384 1622 1410 novus
1651 1371 1877 1424 imperator

129 1441 269 1476 noster
307 1435 481 1488 accipiat
518 1439 657 1474 vetere
698 1435 883 1474 exercitu
924 1434 1059 1487 pulso.
1120 1434 1227 1473 Satis
1267 1433 1367 1473 mihi
1407 1433 1534 1473 multa
1564 1433 1689 1472 verba
1727 1432 1876 1473 fecisse

127 1497 291 1545 videor,
333 1510 461 1551 quare
501 1501 609 1537 esset
645 1496 725 1536 hoc
755 1497 910 1536 bellum
942 1509 1092 1549 genere
1127 1496 1220 1549 ipso
1251 1496 1553 1542 necessarium,
1592 1494 1926 1547 magnitudinem

127 1559 432 1612 periculosum:
476 1564 620 1606 restat,
651 1564 698 1598 ut
728 1559 778 1598 de
808 1559 1054 1611 imperatore
1085 1558 1136 1598 ad
1168 1558 1208 1598 id
1238 1558 1392 1598 bellum
1425 1556 1646 1610 deligendo
1677 1570 1724 1596 ac
1754 1559 1877 1597 tantis

127 1621 248 1661 rebus
278 1619 556 1674 praeficiendo
588 1621 810 1661 dicendum
839 1634 929 1660 esse
960 1621 1160 1660 videatur.

240 1683 291 1722 X.
323 1681 388 1722 27.
419 1683 603 1729 Utinam,
635 1683 840 1730 Quirites,
872 1683 1055 1722 virorum
1075 1683 1242 1722 sortium
1263 1688 1389 1735 atque
1409 1682 1693 1722 innocentium
1715 1682 1876 1735 copiam

131 1750 283 1784 tantam
313 1745 540 1791 haberetis,
570 1750 616 1784 ut
643 1745 745 1784 haec
776 1744 893 1785 vohis
925 1745 1166 1785 deliberatio
1199 1742 1379 1784 difficilis
1401 1750 1530 1791 esset,
1562 1757 1784 1797 quemnam
1804 1758 1878 1797 po-

131 1807 334 1846 tissimum
364 1807 490 1847 tantis
520 1807 643 1846 rebus
674 1820 720 1847 ac
751 1812 863 1846 tanto
894 1807 1004 1846 bello
1035 1805 1356 1860 praeficiendum
1385 1806 1609 1859 putaretis!
1640 1807 1758 1846 Nunc
1779 1820 1875 1847 vero
1891 1817 1929 1847 25

133 1882 227 1908 cum
258 1869 310 1908 sit
338 1882 445 1908 unus
477 1868 549 1908 Cn.
580 1869 820 1921 Pompeius,
853 1871 923 1923 qui
955 1883 1038 1909 non
1069 1870 1192 1910 modo
1224 1883 1366 1909 eorum
1397 1868 1633 1916 hominum,
1665 1870 1736 1922 qui
1768 1883 1878 1909 nunc

131 1935 247 1978 sunt,
278 1931 471 1983 gloriam,
516 1931 586 1970 sed
618 1930 741 1970 etiam
772 1932 1026 1983 antiquitatis
1057 1932 1297 1971 memoriam
1328 1931 1478 1971 virtute
1508 1931 1737 1982 superarit,
1770 1943 1877 1985 quae

131 2006 195 2032 res
235 1998 317 2040 est,
359 2005 465 2047 quae
504 1994 748 2046 cuiusquam
786 1993 971 2033 animum
1011 1995 1053 2033 in
1082 1994 1158 2033 hac
1190 2007 1314 2033 causa
1345 1994 1514 2033 dubium
1545 1993 1681 2032 facere
1711 1995 1875 2046 possit?

135 2053 197 2094 ¹28.
228 2056 314 2108 Ego
347 2056 458 2095 enim
489 2057 546 2095 sic
578 2056 794 2102 existimo,
835 2056 876 2095 in
916 2070 1077 2096 summo
1109 2057 1357 2109 imperatore
1389 2061 1585 2109 quattuor
1613 2055 1688 2096 has
1718 2070 1783 2096 res
1814 2057 1878 2096 in-

131 2130 221 2156 esse
251 2122 464 2170 oportere,
496 2117 707 2157 scientiam
728 2118 785 2157 rei
808 2119 1014 2166 militaris,
1047 2119 1252 2165 virtutem,
1285 2118 1592 2165 auctoritatem,
1623 2117 1926 2159 felicitatem.30

132 2178 234 2226 Quis
264 2178 386 2231 igitur
414 2179 492 2219 hoc
522 2179 688 2219 homine
719 2180 914 2220 scientior
945 2194 1137 2234 umquam
1171 2185 1243 2220 aut
1271 2180 1350 2220 fuit
1379 2185 1450 2220 aut
1480 2193 1571 2220 esse
1602 2180 1774 2220 debuit?
1805 2181 1877 2234 qui

130 2253 152 2279 e
181 2239 280 2280 ludo
310 2246 434 2294 atque
465 2254 487 2280 e
516 2241 718 2294 pueritiae
750 2241 981 2294 disciplinis
1011 2242 1121 2282 hello
1152 2242 1334 2282 maximo
1366 2247 1491 2295 atque
1512 2242 1725 2282 acerrimis
1746 2241 1878 2282 hosti-

215 2417 244 2449 3.
270 2421 306 2449 ut
328 2418 368 2449 iis
389 2427 505 2450 nomen
526 2418 647 2460 reyale]
672 2422 708 2450 ut
730 2419 790 2451 hiis
812 2428 928 2451 nomen
950 2420 1061 2461 reyale
1083 2420 1130 2458 V;
1166 2422 1202 2451 ut
1223 2419 1271 2451 his
1293 2428 1409 2451 nomen
1431 2419 1543 2460 regale
1566 2419 1612 2457 E;
1648 2423 1684 2451 ul
1705 2420 1818 2460 *reyale
1839 2420 1879 2452 iis

128 2475 244 2498 nomen
266 2465 354 2506 ⁵BA:
385 2471 421 2499 ul
447 2469 559 2509 reyale
586 2469 635 2499 his
664 2478 778 2500 nomen
803 2470 880 2507 FB;
913 2471 997 2510 quod
1025 2470 1135 2511 reyale
1157 2470 1198 2501 iis
1220 2478 1336 2501 nomen
1360 2478 1440 2501 cum
1457 2469 1512 2501 ed.
1541 2470 1677 2500 Iuntina
1698 2468 1808 2502 Lsso.
1839 2486 1875 2493 —s

129 2517 160 2548 5.
184 2517 351 2556 recepisset
373 2526 468 2548 suzim
491 2526 572 2549 cum
597 2518 651 2549 ed.
679 2518 907 2550 Cratandrina
931 2520 968 2551 Ο.
995 2536 1031 2541 -
1066 2520 1095 2551 6.
1118 2523 1234 2559 postea
1257 2529 1323 2559 qua
1344 2520 1421 2551 BA.
1458 2538 1493 2542 —-
1527 2520 1558 2550 7.
1584 2528 1754 2558 nunquam
1777 2519 1811 2550 F.
1839 2535 1875 2540 —-

129 2569 275 2597 nostrum
297 2565 531 2605 EV‘BFBL:
567 2571 709 2599 vestrum
730 2567 842 2601 Asso.
870 2586 906 2591 —
942 2569 973 2601 8.
997 2569 1090 2610 sieut]
1121 2572 1157 2600 ut
1179 2567 1294 2601 Schol.
1322 2587 1358 2591 —
1384 2569 1414 2600 9.
1437 2570 1554 2608 poe'lae
1576 2570 1734 2610 spurium
1758 2569 1879 2600 censet

129 2615 390 2648 Mommsenius.
410 2634 444 2638 —
470 2617 522 2648 110.
548 2617 631 2658 eam]
649 2617 740 2648 illam
758 2618 791 2649 L.
810 2635 846 2640 —
873 2617 916 2648 ad
939 2626 1036 2649 aures
1057 2618 1265 2658 imperatoris
1280 2617 1469 2658 Madvigius
1486 2628 1492 2648 2
1519 2619 1563 2649 ad
1586 2627 1683 2650 aures
1698 2619 1733 2650 L.
1752 2618 1879 2649 Luculli

128 2665 334 2704 imperatoris
357 2663 405 2705 Ἐς
438 2667 481 2697 ad
504 2675 602 2698 aures
623 2667 748 2698 Luculli
770 2667 979 2707 imperatoris
1002 2667 1083 2707 (om.
1110 2668 1146 2699 L.
1173 2668 1214 2700 cf.
1241 2668 1272 2709 g.
1298 2668 1365 2708 ⁶23.)
1390 2669 1477 2707 EV;
1503 2670 1548 2700 ad
1571 2677 1668 2701 aures
1690 2669 1727 2700 L.
1751 2667 1878 2700 Luculli

129 2715 212 2755 (om.
230 2715 449 2756 imperatoris)
465 2717 490 2748 R
503 2717 529 2748 A
542 2718 566 2748 L
580 2715 602 2750 a
615 2717 652 2747 O.
675 2735 710 2739 —
738 2718 788 2748 Η.
806 2719 939 2749 manlius
961 2718 1025 2759 sed]
1049 2720 1227 2751 nuntiasset
1248 2720 1358 2761 (nunc.
1376 2720 1418 2759 V)
1442 2723 1471 2751 et
1488 2720 1512 2751 E
1525 2720 1564 2751 V.
1581 2737 1615 2742 —
1640 2719 1710 2758 ipso
1726 2718 1779 2750 illo
1796 2727 1877 2750 cum

129 2762 183 2794 ed.
202 2762 323 2795 Aldina
347 2763 418 2798 80.
441 2783 474 2787 —
502 2766 553 2797 ⁴2.
579 2767 701 2806 offensa
723 2765 763 2805 Τ).
794 2785 828 2790 —-
862 2769 897 2799 L.
925 2777 993 2800 om.
1019 2769 1096 2801 EV.
1124 2769 1174 2801 Cf.
1200 2769 1230 2811 g.
1256 2770 1308 2802 23.
1337 2787 1371 2792 —
1401 2769 1520 2811 tamen]
1545 2773 1613 2800 lum
1636 2772 1734 2807 alque
1756 2769 1797 2803 F;
1823 2771 1877 2799 ta-

128 2821 201 2844 men
217 2817 314 2852 alque
331 2815 367 2845 B.
390 2832 423 2837 —
451 2823 494 2846 ea:
516 2815 630 2854 aliqua
648 2820 746 2856 parte
762 2814 802 2855 (Β.
820 2835 854 2838 -
881 2818 941 2849 hiis
958 2818 1000 2853 V;
1025 2818 1074 2849 his
1089 2819 1123 2850 F.
1144 2837 1179 2841 —
1206 2819 1257 2850 13.
1276 2822 1386 2851 nostro
1402 2820 1436 2850 F.
1454 2837 1488 2841 —
1516 2820 1571 2859 qui
1587 2820 1611 2851 C
1633 2818 1758 2859 (Modio
1775 2816 1876 2855 teste)

129 2860 215 2901 ⁵]3F:
242 2864 327 2902 quod
349 2864 451 2895 RAL
466 2863 487 2898 2
502 2865 539 2895 O.
560 2882 594 2887 —
622 2865 674 2897 ¹¹4.
698 2869 803 2898 vetere
826 2867 907 2897 EV:
935 2868 1035 2898 veleri
1058 2867 1244 2901 RALQO.
1272 2868 1321 2900 Cf.
1347 2877 1380 2899 V.
1407 2868 1457 2899 49.
1486 2886 1521 2890 ——
1542 2868 1683 2908 putastis
1705 2868 1739 2898 F.
1761 2884 1795 2888 -
1822 2867 1875 2897 45.

129 2911 277 2952 confectis
300 2921 379 2944 cum
405 2912 460 2944 ed.
486 2913 606 2946 Aldina
630 2915 687 2949 1.ss
703 2917 738 2947 O.
775 2934 810 2939 -—-
842 2918 967 2955 parlim
992 2917 1042 2948 Ch
1069 2918 1156 2948 teste
1182 2916 1372 2949 Gulielmio.
1400 2935 1434 2939 —
1469 2919 1528 2949 Μ’.
1555 2917 1723 2950 Glabrioni
1745 2916 1876 2947 Krause

131 2958 262 3001 Fraqm.
279 2965 340 2993 vel.
358 2962 469 2993 histor.
488 2963 578 2994 Rom.
602 2973 638 3004 p.
655 2964 717 2995 ⁵223
733 2975 739 2995 :
767 2965 936 2997 Glabrioni
959 2967 1088 2998 omisso
1112 2967 1336 3007 praenomine
1357 2965 1425 2999 ³219.
1438 2968 1462 2998 L
1476 2966 1497 3000 ἓ
1512 2967 1548 2998 O.
1570 2985 1606 2989 —-
1632 2967 1683 2998 116.
1706 2965 1879 3005 perspicile

130 3008 175 3040 W
187 3008 236 3041 Cb
252 3009 378 3051 EV⁵Bz
401 3013 583 3052 perspicitis
605 3013 741 3048 RALss
755 3015 791 3046 O.
814 3033 849 3037 -
876 3017 927 3047 47.
946 3017 1026 3047 illud
1042 3025 1111 3047 om.
1132 3017 1193 3048 Ch.
1214 3034 1249 3038 —
1274 3016 1411 3057 saelum]
1433 3016 1582 3056 saturum
1605 3016 1666 3048 BL
1680 3014 1713 3049 Β.
1740 3014 1877 3055 (saelum

132 3057 235 3090 etiam
254 3060 298 3092 W
310 3060 413 3101 Chh.)
440 3080 474 3084 —
500 3062 553 3094 49.
577 3067 685 3096 noster
706 3065 867 3097 EVFB:
894 3070 997 3098 vester
1019 3067 1082 3098 AL
1097 3065 1167 3100 20.
1197 3083 1234 3089 —
1258 3066 1405 3097 exercit-u
1422 3065 1517 3104 pulso
1539 3066 1584 3097 W
1597 3061 1788 3103 ChEV‘Js:
1814 3072 1876 3095 ex-

127 3106 220 3145 pulso
242 3111 387 3142 exercitu
409 3112 431 3143 F
444 3111 598 3150 BAL&
620 3113 714 3153 pulso
734 3115 882 3146 exter-eila
904 3123 972 3155 mg.
991 3114 1029 3154 8,
1057 3115 1094 3147 Ο.
1122 3134 1157 3138 —-
1183 3114 1237 3146 ⁶20.
1262 3115 1375 3156 quare]
1401 3115 1497 3154 quale
1520 3115 1582 3147 Ch.
1604 3132 1639 3137 —
1664 3116 1742 3145 esset
1763 3113 1821 3144 hoc
1844 3113 1874 3145 b.

131 3164 163 3194 9.
180 3155 248 3195 ipso
270 3157 356 3190 EV:
381 3160 439 3192 hoc
462 3160 490 3192 b.
508 3171 541 3202 9.
558 3163 627 3202 ipso
649 3167 727 3196 esset
750 3163 794 3204 ⁵B;
821 3165 880 3196 lioc
903 3164 931 3195 b.
957 3168 1033 3196 essel
1055 3174 1090 3205 9.
1112 3165 1181 3204 ipso
1205 3164 1304 3196 ΕΒΑ
1318 3165 1341 3196 L
1355 3164 1374 3198 ἕ
1390 3165 1427 3196 Ο.
1447 3182 1483 3188 -
1509 3165 1562 3197 2⁴.
1588 3163 1753 3204 deligendo
1776 3163 1821 3194 ad
1842 3163 1878 3194 id

133 3203 247 3236 bellum
270 3207 304 3238 F.
324 3225 358 3230 —
384 3209 438 3242 24.
463 3210 553 3242 nobis
574 3212 602 3243 V
616 3212 649 3244 F.
678 3229 713 3236 —-
735 3214 899 3254 potissime
922 3214 959 3245 B.
980 3231 1016 3237 —
1042 3213 1094 3245 31.
1112 3213 1273 3255 scientior]
1297 3214 1448 3245 scientior
1462 3214 1510 3246 rei
1533 3213 1686 3245 militaris
1701 3212 1748 3253 ‘Bi
1776 3211 1873 3244 «fort.

133 3253 181 3284 rei
202 3254 353 3288 militaris
373 3259 542 3291 scientior»
566 3269 635 3301 mg.
661 3260 696 3295 2.
721 3280 763 3286 —
786 3263 838 3295 32.
865 3266 962 3302 alque
984 3272 1001 3297 e
1026 3263 1168 3296 WCL:
1205 3266 1303 3303 atque
1328 3264 1410 3304 (om.
1440 3262 1467 3303 e)
1502 3260 1638 3297 RALQ
1653 3262 1689 3294 Ο·
1717 3279 1752 3285 “““
1779 3261 1877 3294 ‘5⁸⁶³‘

131 3301 230 3343 plinis
250 3304 466 3349 WCEVSB:
492 3310 663 3354 disciplina
685 3311 819 3347 RALQ
833 3313 869 3345 O.
