2143 3713
218 214 299 256 582
749 214 946 256 ORATIO
977 214 1080 254 PRO
1112 213 1159 253 A.
1192 213 1455 255 CLUENTIO

218 343 293 369 sua
321 327 592 382 tranquillum
623 328 695 375 sit,
725 333 942 367 ventorum
973 327 1012 365 vi
1042 325 1187 377 agitari
1218 331 1343 378 atque
1372 324 1552 371 turbari,
1584 325 1643 365 sic
1662 324 1864 377 populum
1883 324 1964 364 Ro-

218 404 383 431 manum
414 403 488 430 sua
516 395 664 442 sponte
694 402 784 430 esse
811 390 1039 443 placatum,
1067 387 1284 427 hominum
1305 387 1598 427 seditiosorum
1618 386 1790 426 vocibus
1811 390 1858 426 ut
1877 386 1965 426 vio·-

217 452 456 493 lentissimis
486 453 799 504 tempestatibus
830 450 1042 490 concitari.

328 516 373 554 L.
402 515 478 554 Est
505 514 628 554 etiam
656 514 817 566 reliqua
846 524 1072 566 permagna
1100 511 1343 559 auctoritas,
1376 524 1500 564 quam
1526 522 1600 562 ego
1630 510 1804 563 turpiter
1833 525 1965 564 paene

185 577 437 632 spraeterii:
467 589 561 616 mea
590 576 700 616 enim
732 588 822 615 esse
854 574 1016 614 dicitur.
1066 573 1269 613 Recitavit
1298 586 1349 612 ex
1386 573 1570 612 oratione
1610 572 1750 612 nescio
1783 586 1866 627 qua
1894 574 1967 613 At-

214 641 320 687 tius,
352 652 476 693 quam
506 651 640 678 meam
671 651 761 678 esse
793 637 974 682 dicebat,
1006 636 1331 675 cohortationem
1352 635 1560 688 quandam
1591 634 1777 674 iudicum
1810 635 1862 675 ad
1890 635 1967 676 ho-

216 708 333 743 neste
370 700 638 741 iudicandum
678 705 718 739 et
748 699 1180 739 commemorationem
1212 711 1305 736 cum
1337 697 1511 737 aliorum
1542 696 1812 745 iudiciorum,
1857 711 1965 751 quae

216 765 385 819 probata
413 776 499 803 non
529 767 688 809 essent,
719 767 806 801 tum
836 761 948 800 illius
979 760 1108 813 ipsius
1139 759 1281 798 iudicii
1313 758 1502 799 Iuniani:
1534 758 1708 812 proinde
1741 760 1859 812 quasi
1891 774 1966 813 ego

216 840 300 867 non
329 826 380 866 ab
411 825 529 864 initio
556 824 680 863 huius
710 823 965 863 defensionis
996 822 1171 860 dixerim
1201 820 1453 861 invidiosum
1484 821 1587 860 illud
1610 820 1805 861 iudicium
1824 821 1967 870 fuisse,

166 893 308 935 want,
339 901 431 927 cum
461 886 511 925 de
542 885 710 925 infamia
741 885 989 924 iudiciorum
1022 883 1300 935 disputarem,
1341 884 1546 936 potuerim
1578 883 1706 931 illud,
1739 884 1853 937 quod
1885 889 1967 924 tam

215 950 414 1005 populare
454 952 584 994 esset,
626 947 697 987 illo
734 952 921 999 tempore
960 946 1197 998 praeterire.
1258 942 1351 984 ⁴39.
1391 946 1478 999 Ego
1512 959 1634 993 vero,
1681 946 1714 985 si
1746 946 1847 999 quid
1879 946 1968 986 eius

216 1012 325 1052 modi
356 1010 465 1057 dixi,
495 1022 634 1062 neque
665 1010 871 1061 cognitum
895 1007 1213 1047 commemoravi
1243 1020 1380 1060 neque
1410 1020 1485 1060 pro
1517 1009 1753 1047 testimonio
1787 1008 1895 1055 dixi,
1928 1012 1969 1047 et

214 1075 285 1113 illa
316 1073 446 1113 oratio
486 1072 622 1125 potius
664 1072 862 1123 temporis
902 1070 982 1110 mei
1029 1083 1151 1123 quam
1181 1069 1324 1109 iudicii
1356 1074 1399 1109 et
1429 1069 1684 1109 auctoritatis
1714 1068 1805 1109 fuit.
1866 1068 1966 1108 Cum

214 1136 325 1176 enim
355 1146 590 1174 accusarem
623 1133 784 1173 etmihi
811 1132 930 1172 initio
954 1133 1290 1185 proposuissem,
1321 1136 1366 1170 ut
1389 1132 1546 1171 animos
1569 1136 1609 1170 ct
1631 1131 1774 1184 populi
1795 1131 1967 1170 Romani

163 1208 200 1236 1¹5
214 1204 254 1239 et
284 1197 467 1237 iudicum
499 1208 827 1242 commoverem,
859 1208 1038 1248 cumque
1070 1208 1212 1233 omnes
1244 1193 1493 1233 offensiones
1524 1193 1771 1232 iudiciorum
1802 1205 1885 1231 non
1916 1205 1968 1232 ex

214 1274 305 1301 mea
335 1258 553 1312 opinione,
585 1258 659 1297 sed
691 1271 743 1297 ex
772 1257 987 1297 hominum
1007 1271 1170 1296 rumore
1196 1255 1440 1310 proferrem,
1473 1256 1593 1295 istam
1614 1268 1725 1301 rem,
1758 1267 1864 1307 quae
1887 1258 1965 1294 tam

211 1322 464 1376 populariter
493 1326 602 1360 esset
631 1320 805 1372 agitata,
835 1319 1060 1372 praeterire
1090 1331 1175 1358 non
1206 1317 1336 1371 potui.
1383 1317 1462 1356 Sed
1494 1322 1600 1356 errat
1621 1316 1902 1362 vehementer,
1933 1315 1966 1354 si

212 1385 304 1438 quis
330 1384 372 1423 in
393 1382 650 1422 orationibus
672 1382 837 1428 nostris,
869 1394 970 1434 quas
1002 1380 1044 1419 in
1074 1380 1239 1420 iudiciis
1261 1380 1496 1427 habuimus,
1518 1379 1782 1418 auctoritates
1804 1382 1967 1417 nostras

212 1443 479 1498 consignatas
502 1457 545 1483 se
578 1443 730 1483 habere
763 1443 994 1482 arbitratur.
1041 1442 1194 1482 Omnes
1227 1443 1337 1481 enim
1370 1441 1465 1481 illae
1497 1454 1712 1480 causarum
1733 1453 1780 1480 ac
1811 1445 1968 1493 tempo-

162 1518 196 1546 ‘20
210 1521 302 1547 rum
332 1511 450 1551 sunt,
481 1518 566 1545 non
597 1505 808 1545 hominum
842 1505 1024 1557 ipsorum
1049 1510 1119 1544 aut
1140 1510 1424 1556 patronorum.
1469 1504 1594 1549 Nam,
1627 1503 1660 1542 si
1682 1515 1829 1542 causac
1853 1502 1966 1555 ipsae

210 1583 284 1622 pro
325 1583 369 1609 se
406 1568 524 1621 loqui
560 1573 753 1620 possent,
794 1581 915 1607 nemo
947 1567 1166 1606 adhiberet
1196 1572 1424 1605 oratorem:
1472 1578 1580 1604 nunc
1611 1564 1876 1611 adhibemur,
1922 1568 1968 1603 ut

210 1644 258 1671 ea
290 1630 494 1676 dicamus,
539 1643 622 1669 non
657 1644 763 1682 quae
794 1629 1038 1669 auctoritate
1069 1633 1210 1668 nostra
1242 1629 1567 1673 constituantur,
1600 1626 1672 1666 sed
1703 1639 1809 1678 quae
1841 1639 1894 1665 ex
1923 1639 1966 1665 re

210 1695 298 1746 ipsa
329 1706 539 1745 causaque
562 1692 778 1732 ducantur.
832 1689 922 1731 140.
953 1692 1175 1731 Hominem
1198 1690 1472 1743 ingeniosum,
1502 1689 1556 1728 M.
1577 1689 1819 1735 Antonium,
1850 1688 1967 1728 aiunt

209 1755 378 1795 solitum
418 1768 507 1794 esse
547 1754 708 1802 dicere,
750 1755 898 1794 idcirco
929 1768 968 1793 se
996 1755 1147 1793 nullam
1177 1765 1361 1805 umquam
1390 1752 1608 1791 orationem
1637 1750 1861 1802 scripsisse,
1904 1756 1965 1797 ut,

159 1830 195 1859 25
211 1819 246 1858 si
275 1818 368 1870 quid
397 1818 610 1869 aliquando
640 1830 718 1857 nou
747 1831 843 1869 opus
873 1823 967 1857 esset
996 1817 1043 1856 ab
1074 1830 1111 1855 se
1142 1829 1220 1855 csse
1250 1816 1417 1860 clictwu,
1457 1819 1588 1865 posset
1617 1825 1758 1865 neqare
1787 1813 1966 1853 dimisse:

207 1879 383 1933 proinde
424 1881 571 1932 quasi,
617 1880 651 1920 si
692 1880 792 1934 quid
831 1893 855 1920 a
894 1879 1015 1919 nobis
1055 1880 1209 1919 dictum
1248 1883 1318 1917 aut
1348 1882 1484 1917 actum
1516 1876 1592 1922 sit,
1635 1875 1677 1914 id
1707 1875 1788 1915 nisi
1817 1875 1966 1916 litteris

208 1942 514 1989 mandarimus,
545 1942 762 1983 hominum
793 1943 991 1982 memoria
1021 1955 1105 1981 non
1136 1938 1525 1993 comprehendatur.
1585 1938 1648 1977 LI.
1679 1938 1767 1990 Ego
1796 1950 1894 1976 vero
1925 1937 1966 1977 iu

208 2005 285 2044 isto
316 2017 468 2056 genere
499 2005 697 2044 libentius
729 2019 820 2044 cum
851 2005 1098 2050 multorum,
1139 2010 1225 2043 tum
1256 2002 1435 2041 hominis
1467 1999 1799 2054 eloquentissimi
1833 2004 1872 2039 et
1903 2013 1966 2039 sa-

208 2066 480 2118 pientissimi,
512 2068 556 2106 L.
590 2067 745 2113 Crassi,
777 2067 1064 2107 auctoritatem
1096 2079 1267 2119 sequor,
1299 2065 1369 2117 qui
1401 2078 1493 2103 cum
1526 2063 1568 2102 C.
1594 2063 1791 2102 Plancum
1822 2060 1965 2101 defenu

158 2142 193 2170 3ο
209 2129 324 2168 deret
353 2134 575 2169 accusante
607 2130 660 2169 M.
692 2130 837 2175 Bruto,
868 2129 1038 2168 homine
1068 2129 1111 2168 in
1142 2127 1319 2167 dicendo
1343 2126 1577 2166 vehementi
1600 2130 1641 2164 et
1666 2124 1838 2171 callido,
1870 2136 1964 2163 cum

209 2192 356 2229 Brutus
388 2190 550 2230 duobus
582 2191 870 2231 recitatoribus
902 2191 1136 2230 constitutis
1168 2203 1219 2229 ex
1251 2189 1410 2228 duabus
1443 2188 1530 2227 cius
1554 2186 1809 2227 orationibus
1831 2186 1966 2239 capita

208 2252 385 2299 alterna,
416 2252 524 2292 inter
553 2266 597 2292 se
628 2254 856 2299 contraria,
896 2253 1108 2292 recitanda
1139 2256 1345 2298 curasset,
1392 2250 1502 2302 quod
1533 2251 1576 2290 in
1607 2248 1871 2289 dissuasione
1901 2261 1965 2288 ro-

209 2315 384 2367 gationis
422 2315 535 2361 eius,
578 2328 683 2368 quac
725 2321 867 2354 contra
907 2315 1111 2354 coloniam
1154 2314 1468 2354 Narbonensem
1499 2312 1725 2358 serebatur,
1767 2315 1965 2364 quantum

210 2383 367 2430 potest,
400 2377 450 2416 de
481 2377 726 2417 auctoritate
759 2382 925 2416 senatus
957 2376 1156 2423 detrahit,
1188 2377 1228 2415 in
1263 2377 1457 2416 suasione
1489 2375 1593 2427 legis
1626 2373 1824 2414 Serviliae
1856 2386 1966 2412 sum—

160 2454 195 2482 35
212 2440 288 2480 mis
329 2445 448 2479 ornat
487 2444 674 2479 senatum
717 2439 929 2486 laudibus,
971 2444 1011 2479 et
1049 2439 1179 2480 multa
1210 2440 1251 2478 in
1282 2438 1442 2491 equites
1473 2439 1680 2477 Romanos
1712 2449 1804 2475 cum
1835 2448 1886 2475 ex
1917 2447 1966 2475 ea

297 2586 326 2616 st.
351 2585 396 2615 sic
419 2583 477 2614 ST
503 2584 537 2613 et
560 2582 784 2613 Rufinianus:
811 2582 856 2612 sic
880 2586 908 2613 ct
932 2583 996 2613 ΒΑ
1014 2583 1034 2613 L
1050 2581 1071 2615 {²
1086 2582 1121 2612 O.
1143 2599 1177 2602 —
1205 2582 1235 2613 ἱ).
1259 2584 1418 2621 pacatum
1442 2582 1474 2612 F.
1497 2599 1531 2602 —
1558 2581 1588 2611 7.
1615 2589 1688 2611 cum
1711 2580 1792 2611 SM:
1819 2583 1888 2611 tum
1906 2581 1965 2611 FA

210 2635 323 2672 L1303
360 2642 430 2665 om.
456 2634 492 2664 T.
520 2650 554 2654 —
592 2632 735 2662 aliorum
769 2640 849 2662 cum
878 2632 1034 2663 Ernestio
1060 2632 1099 2662 0:
1138 2631 1271 2662 illorum
1295 2630 1322 2663 -21
1336 2633 1361 2662 A
1380 2632 1402 2662 L
1418 2630 1451 2664 9.
1481 2647 1515 2652 -
1551 2630 1581 2661 8.
1602 2630 1742 2669 proinde
1766 2630 1824 2661 ST
1839 2630 1963 2662 FML:

204 2685 340 2724 perinde
362 2682 422 2716 Ass
437 2683 474 2714 Ο,
497 2699 532 2704 —-
557 2682 588 2713 9.
612 2682 770 2713 iudicium
791 2682 888 2721 fuisse
911 2683 931 2712 S
946 2682 987 2713 T:
1013 2682 1110 2721 fuisse
1133 2681 1290 2712 iudicium
1313 2681 1337 2711 R
1351 2681 1377 2711 A
1394 2681 1415 2711 L
1430 2679 1451 2713 ἓ
1466 2680 1502 2710 O.
1526 2696 1559 2700 —
1589 2679 1640 2709 40.
1668 2680 1747 2710 Post
1770 2688 1802 2710 v.
1827 2679 1966 2710 iudicio-

209 2743 285 2765 rum
308 2742 349 2764 ex
372 2740 477 2764 versu
499 2732 529 2763 7.
556 2741 610 2763 vv.
636 2740 719 2771 quae
739 2732 882 2771 probata
905 2741 969 2762 non
992 2735 1092 2763 essent
1117 2730 1206 2763 male
1230 2731 1393 2771 repetunt
1418 2732 1442 2760 Α
1457 2730 1493 2760 L.
1523 2746 1557 2750 —
1587 2729 1637 2760 Μ.
1664 2729 1718 2759 illo
1743 2729 1818 2760 ST:
1855 2729 1889 2760 in
1911 2729 1965 2760 illo

212 2786 233 2815 R
248 2785 271 2814 A
288 2784 311 2814 L
326 2782 347 2816 (ἐ
361 2783 397 2813 O.
427 2798 461 2803 —
489 2781 541 2813 tili.
567 2784 791 2812 accusatorem
814 2781 857 2812 M.
879 2799 914 2802 —
942 2781 992 2812 118.
1018 2784 1148 2812 nostras
1171 2789 1242 2812 0111.
1261 2781 1296 2811 T.
1318 2798 1352 2801 —
1380 2779 1432 2810 49.
1460 2787 1569 2810 omnes
1592 2778 1676 2809 enim
1699 2778 1775 2809 illae
1791 2780 1831 2809 S:
1859 2788 1965 2810 omnes

209 2834 294 2864 onim
317 2834 360 2867 T;
397 2840 505 2863 omncs
527 2831 612 2863 enim
636 2831 711 2862 illae
734 2831 897 2862 orationes
920 2830 1108 2864 RALSSO.
1138 2846 1172 2853 —-
1200 2840 1239 2862 ac
1263 2831 1282 2861 S
1298 2829 1383 2861 TM:
1417 2832 1445 2859 et
1471 2829 1491 2859 1³
1505 2830 1531 2859 Α
1546 2827 1654 2861 LssO.
1682 2845 1716 2849 —
1745 2828 1798 2860 ΞΟ.
1825 2831 1883 2859 auc
1906 2829 1964 2860 ST

211 2883 251 2913 L:
277 2890 317 2912 ac
341 2882 362 2912 F
375 2879 531 2914 MAssO.
559 2897 593 2901 —
620 2880 673 2911 22.
700 2880 895 2911 auctoritate
926 2884 1038 2912 nostra
1062 2882 1144 2912 SM:
1182 2884 1296 2912 nostra
1326 2880 1521 2911 auctoritate
1543 2877 1732 2912 RALssO.
1761 2895 1795 2899 ——
1833 2878 1884 2910 23.
1911 2879 1964 2910 cli-

211 2935 330 2962 vancur
352 2931 376 2961 T
401 2932 435 2961 et
459 2932 584 2961 «vetus
607 2929 715 2961 liber»
740 2929 908 2961 Lambini.
936 2948 970 2952 —
1007 2930 1059 2962 ⁶24.
1085 2940 1268 2970 numquam
1290 2930 1392 2961 ullam
1415 2930 1435 2959 S
1451 2930 1485 2960 Ι..
1510 2946 1553 2951 —-
1576 2929 1629 2960 25.
1656 2928 1853 2966 aliquando,
1880 2930 1965 2967 quod

214 2990 277 3012 non
299 2988 380 3019 opus
401 2984 495 3017 essct,
532 2980 572 3010 ab
595 2989 626 3011 se
649 2983 727 3012 esset
749 2980 870 3011 dictum
893 2988 973 3011 cum
997 2980 1053 3011 ed.
1080 2981 1212 3012 Iuntina
1236 2978 1308 3013 ΒΟ.
1337 2996 1371 3001 -
1410 2987 1530 3019 negare
1553 2979 1573 3009 S
1587 2980 1630 3010 T:
1663 2986 1695 3008 se
1717 2986 1839 3018 neyare
1862 2978 1924 3009 ΒΑ
1941 2980 1964 3010 L

216 3030 233 3063 Q
249 3031 285 3061 O.
314 3046 348 3051 -
375 3030 427 3060 26.
449 3029 588 3068 proinde
618 3028 742 3061 *JtALz
774 3030 911 3069 perinde
936 3038 1015 3061 cum
1040 3029 1095 3061 ed.
1121 3030 1254 3060 Iuntina
1278 3028 1350 3062 ΒΟ.
1384 3047 1418 3051 -
1453 3028 1547 3067 quasi
1571 3036 1641 3059 om.
1673 3027 1747 3058 ΓΑ.
1777 3045 1811 3049 -
1837 3028 1865 3057 εἰ
1888 3028 1965 3067 quid

215 3080 287 3110 ST:
325 3080 402 3118 quid
426 3080 506 3119 (om.
531 3079 568 3118 si)
595 3078 751 3116 RAQQ
789 3080 874 3118 quod
897 3080 933 3110 L.
963 3096 995 3102 —-
1031 3079 1084 3109 27.
1111 3078 1337 3110 mandarimus
1367 3078 1443 3108 ST:
1481 3076 1746 3108 mandaverimus
1768 3076 1833 3107 ΒΑ
1847 3075 1905 3110 [8
1925 3077 1962 3107 0.

219 3147 252 3150 —
279 3130 330 3160 ⁶28.
358 3129 427 3170 islo]
452 3130 520 3168 ipso
544 3129 612 3159 ST.
633 3146 666 3150 —
693 3138 767 3160 cum
789 3129 927 3160 hominis
949 3129 991 3165 T·.
1016 3129 1181 3159 hominum
1204 3132 1272 3159 lum
1288 3129 1321 3159 1³.
1343 3146 1377 3149 ——
1404 3128 1456 3159 29.
1482 3129 1518 3159 L.
1538 3127 1647 3159 Crassi
1671 3127 1753 3165 eet]
1785 3126 1833 3157 Cs.
1861 3127 1963 3164 Quin-

217 3178 263 3209 til.
294 3179 348 3210 Vl.
380 3180 415 3218 3,
447 3178 486 3210 43
511 3187 563 3218 sq.
603 3196 637 3200 —
673 3178 706 3210 C.
733 3179 791 3209 ST
823 3180 857 3210 et
891 3177 1086 3217 Quintiliani
1116 3177 1254 3209 codices
1285 3177 1422 3217 optimi:
1461 3177 1494 3207 L.
1525 3174 1715 3212 RALQQ
1754 3175 1810 3207 Cn.
1845 3176 1956 3207 Schu-

218 3228 302 3258 tzius
326 3228 401 3260 coll.
429 3229 499 3260 Cic.
525 3228 568 3260 de
592 3229 678 3259 orat.
705 3229 744 3259 11.
770 3227 828 3267 51,
854 3228 928 3259 ⁵220.
964 3246 998 3250 —-
1030 3229 1184 3258 Plancum
1207 3227 1264 3257 ST
1279 3227 1300 3257 1⁴*
1314 3227 1343 3257 M
1358 3228 1401 3257 A:
1439 3226 1605 3257 Plancium
1628 3223 1739 3258 Lsso.
1769 3242 1803 3246 —-
1831 3224 1882 3256 30.
1908 3234 1964 3256 ca-

218 3277 281 3306 lido
305 3278 488 3310 Victorius.
517 3296 551 3300 —
582 3278 635 3310 31.
661 3278 729 3310 eius
751 3286 820 3309 om.
847 3278 915 3309 ST.
946 3295 980 3300 --
1015 3277 1067 3308 32.
1094 3277 1200 3308 altera
1223 3276 1258 3308 T.
1289 3294 1322 3298 -
1357 3279 1500 3308 curasset
1523 3278 1553 3307 et
1576 3274 1660 3317 quod
1683 3274 1753 3305 ST.
1783 3292 1816 3296 —
1843 3274 1896 3306 35.
1921 3282 1963 3308 ex

221 3333 288 3357 om.
315 3326 351 3356 T.
