2127 3708
607 239 701 279 οη.
732 237 1096 278 xxm—XXIV.
1134 235 1206 290 55.
1238 234 1282 277 64
1303 236 1433 278 -67,
1838 236 1891 277 47

263 352 415 391 XXIII.
454 347 520 390 64.
564 351 657 390 Non
696 350 753 389 ita
794 350 934 389 multis
974 355 1068 389 ante
1099 350 1219 390 annis
1249 350 1364 390 aiunt
1393 351 1438 389 T.
1471 348 1653 389 Caelium
1685 350 1891 403 quendam

154 414 512 460 Tarracinensem,
541 412 752 452 hominem
785 425 869 451 non
901 412 1142 459 obscurum,
1173 426 1266 451 cum
1297 417 1465 452 cenatus
1495 412 1679 452 cubitum
1709 414 1751 452 in
1782 414 1893 453 idem

153 476 348 516 conclave
378 489 470 514 cum
501 474 662 514 duobus
693 474 1028 514 adolescentibus
1061 472 1154 513 liliis
1186 475 1304 522 isset,
1335 475 1549 514 inventum
1580 488 1669 515 esse
1691 489 1809 515 mane
1832 476 1893 515 iu-

154 538 351 589 gulatum.
393 537 493 576 Cum
524 549 661 589 neque
692 550 835 575 servus
868 537 1089 590 quisquam
1112 538 1365 590 reperiretur
1385 551 1521 591 neque
1542 537 1666 585 liber,
1698 538 1748 576 ad
1771 551 1894 591 quem

155 614 203 640 ea
238 600 419 653 suspicio
459 599 703 651 pertineret,
746 599 787 637 id
826 599 971 639 aetatis
1012 604 1149 638 autem
1188 600 1269 639 (luo
1310 598 1383 638 filii
1414 605 1585 653 propter
1615 600 1812 639 cubantes
1843 613 1894 639 ne
1928 610 1945 637 5

155 663 334 703 sensisse
365 661 533 715 quidem
564 675 607 701 se
638 662 844 708 dicerent,
877 662 1046 701 nomina
1075 660 1255 702 filiorum
1284 662 1335 702 de
1366 662 1589 715 parricidio
1621 663 1757 702 delata
1788 669 1895 703 sunt.

157 724 267 774 Quid
298 728 460 777 poterat
489 729 570 763 tam
602 737 692 763 esse
723 724 1032 776 suspiciosum?
1063 730 1312 764 neutrumne
1344 726 1552 764 sensisse?
1582 738 1728 765 ausum
1759 731 1896 765 autem

155 800 245 828 esse
277 799 530 840 quemquam
572 800 614 826 se
653 787 695 825 in
727 785 768 824 id
800 786 994 825 conclave
1026 786 1285 826 committere
1317 799 1366 826 eo
1397 787 1661 840 potissimum
1691 793 1896 841 tempore,

155 863 248 889 cum
292 848 444 888 ibidem
483 853 623 889 essent
663 848 745 887 duo
788 848 1074 887 adolescentes
1105 846 1201 895 filii,
1247 848 1319 902 qui
1351 853 1392 888 et
1421 849 1572 888 sentire
1604 854 1644 889 et
1673 849 1897 890 defendere

154 910 274 950 facile
318 913 524 963 possent?
580 912 681 951 Erat
723 923 848 963 porro
892 923 1036 957 nemo,
1082 911 1124 949 in
1165 925 1288 963 quem
1332 924 1380 950 ea
1418 911 1602 964 suspicio
1643 912 1896 952 conveniret.
1913 920 1946 950 40

156 971 221 1011 65.
252 974 429 1020 Tamen,
461 986 554 1013 cum
586 973 756 1026 planum
786 972 994 1011 iudicibus
1025 977 1134 1012 esset
1160 972 1314 1012 sactum
1346 978 1490 1026 aperto
1513 974 1620 1013 ostio
1644 975 1897 1014 dormientes

157 1046 228 1073 eos
258 1039 445 1087 repertos
475 1049 587 1083 esse,
618 1035 773 1075 iudicio
804 1034 985 1074 absoluti
1005 1034 1293 1074 adolescentes
1325 1040 1364 1075 et
1394 1036 1635 1088 suspicione
1656 1037 1768 1077 omni
1798 1037 1900 1077 libe-

158 1096 234 1135 rati
263 1101 370 1136 sunt.
414 1099 544 1137 Nemo
577 1097 685 1137 enim
717 1097 889 1150 putabat
919 1110 1174 1150 quemquam
1205 1110 1317 1145 esse,
1351 1098 1442 1151 qui,
1474 1112 1568 1138 cum
1599 1100 1740 1139 omnia
1760 1099 1901 1139 divina

158 1163 282 1211 atque
320 1158 500 1199 humana
539 1160 629 1199 iura
669 1159 824 1199 scelere
863 1158 1022 1198 nefario
1062 1159 1305 1211 polluisset,
1345 1173 1536 1200 somnum
1575 1162 1713 1201 statim
1753 1175 1900 1214 capere

157 1220 385 1274 potuisset,
415 1226 636 1275 propterea
667 1221 801 1275 quod,
834 1221 905 1274 qui
935 1225 1095 1260 tantum
1124 1221 1286 1261 facinus
1317 1223 1634 1271 commiserunt,
1666 1237 1751 1264 non
1776 1224 1952 1263 m0d0115

160 1283 248 1323 sine
278 1297 375 1324 cura
406 1284 642 1337 quiescere,
675 1284 748 1324 sed
779 1297 831 1324 ne
862 1283 1018 1336 spirare
1050 1283 1219 1337 quidem
1251 1284 1340 1324 sine
1371 1289 1483 1325 metu
1513 1291 1702 1338 possunt.
1751 1286 1902 1325 XXIV.

161 1344 225 1384 66.
265 1345 502 1394 Videtisne,
548 1359 653 1399 quos
698 1346 819 1385 nobis
862 1349 1011 1399 po‘etae
1053 1346 1315 1386 tradiderunt
1352 1348 1480 1400 patris
1519 1348 1749 1388 ulciscendi
1780 1361 1905 1389 causa

161 1407 411 1461 supplicium
450 1408 501 1448 de
540 1413 669 1448 matre
709 1408 957 1461 sumpsisse,
999 1421 1092 1447 cum
1128 1410 1373 1460 praesertim
1403 1410 1576 1451 deorum
1606 1411 1904 1451 immortalium

161 1469 285 1510 iussis
324 1475 449 1524 atque
489 1471 669 1510 oraculis
708 1470 749 1509 id
786 1470 935 1510 secisse
975 1470 1187 1518 dicantur,
1225 1475 1362 1512 tamen
1392 1478 1438 1513 ut
1468 1487 1540 1513 eos
1570 1474 1729 1527 agitent
1757 1474 1904 1514 Furiae

162 1544 299 1586 neque
337 1533 562 1573 consistere
599 1546 798 1587 umquam
836 1533 1068 1586 patiantur,
1112 1533 1225 1588 quod
1254 1548 1306 1574 ne
1336 1535 1395 1588 pii
1427 1536 1597 1590 quidem
1628 1537 1719 1576 sine
1749 1536 1954 1577 scelere20

163 1608 252 1635 esse
283 1597 538 1648 potuerunt?
585 1595 652 1635 Sic
683 1609 727 1635 se
757 1609 823 1635 res
853 1596 999 1643 habet,
1030 1595 1211 1636 iudices:
1243 1611 1434 1650 magnam
1464 1599 1569 1647 vim,
1608 1612 1799 1652 magnam
1833 1613 1905 1639 ne-

163 1658 414 1705 cessitatem,
445 1671 636 1711 magnam
666 1658 856 1711 possidet
884 1658 1129 1711 religionem
1160 1664 1357 1712 paternus
1388 1666 1684 1716 maternusque
1715 1663 1905 1716 sanguis;

165 1734 216 1760 ex
245 1733 327 1774 quo
360 1721 394 1760 si
426 1734 509 1774 qua
538 1721 701 1761 macula
730 1725 933 1773 concepta
963 1725 1045 1768 est,
1077 1734 1163 1760 non
1192 1722 1317 1761 modo
1343 1723 1427 1763 elui
1457 1737 1543 1764 non
1572 1730 1730 1778 potest,
1761 1739 1907 1766 verum

163 1795 297 1835 usque
327 1795 376 1822 eo
407 1787 622 1835 permanat
651 1783 703 1822 ad
733 1782 939 1830 animum,
968 1787 1015 1822 ut
1044 1797 1229 1824 summus
1258 1784 1375 1825 furor
1404 1790 1529 1840 atque
1551 1788 1733 1828 amentia
1763 1801 1908 1828 conse-

166 1852 328 1897 quatur.
387 1843 452 1883 67.
482 1845 621 1884 Nolite
651 1844 761 1884 enim
790 1849 960 1897 putare,
991 1846 1342 1898 quemadmodum
1368 1848 1411 1888 in
1431 1848 1583 1889 fabulis
1605 1863 1906 1903 saepenumero
1920 1854 1961 1903 25·

166 1905 335 1953 videtis,
366 1918 460 1953 eos,
492 1906 565 1959 qui
595 1906 754 1958 aliquid
784 1906 910 1959 impie
932 1908 1215 1962 scelerateque
1237 1911 1555 1959 commiserunt,
1585 1912 1732 1965 agitari
1755 1918 1794 1953 et
1815 1926 1908 1966 per·

176 1980 1899 1994 Ἣ

254 2016 283 2047 4.
309 2019 384 2047 ante
407 2024 475 2047 om.
503 2016 580 2048 Sch.
611 2034 645 2038 -
672 2016 825 2057 Caelium]
856 2017 905 2049 sic
929 2017 1030 2049 codd.
1057 2017 1181 2050 Valerii
1205 2019 1341 2051 Maximi
1367 2020 1459 2060 (VIII.
1487 2022 1517 2053 4.
1543 2021 1618 2054 abs.
1638 2022 1721 2063 43.),
1747 2024 1806 2063 qui
1830 2032 1910 2055 ean*

168 2064 249 2097 dem
272 2065 504 2098 narrationem
529 2075 570 2097 ex
599 2066 665 2097 hoc
690 2066 759 2098 Cic.
784 2065 860 2098 loco
891 2067 1029 2108 petivit:
1062 2068 1215 2100 Cloelium
1239 2070 1347 2108 GMi,
1374 2070 1450 2108 003
1483 2071 1629 2103 Clodium
1660 2071 1678 2104 4
1700 2073 1797 2111 Oxx.,
1830 2082 1851 2105 v
1868 2082 1906 2112 εις

168 2115 334 2147 Claedium
357 2115 388 2145 S.
426 2115 511 2146 Cum
542 2124 582 2146 ex
611 2115 712 2147 variis
743 2114 949 2148 lectionibus
973 2117 1073 2148 codd.
1106 2117 1337 2150 Tullianorum
1367 2122 1461 2152 certe
1490 2122 1653 2161 cognosci
1682 2131 1751 2153 non
1782 2124 1908 2163 possit,

168 2163 268 2204 quale
293 2172 420 2195 nomen
444 2163 560 2203 fuerit,
587 2173 606 2195 a
630 2164 765 2196 Valerio
789 2166 954 2204 Maximo,
981 2167 1077 2198 cuius
1101 2166 1240 2199 codices
1265 2167 1373 2200 multo
1390 2170 1603 2210 antiquiores
1626 2170 1812 2210 habemus,
1839 2174 1911 2203 tra-

168 2213 278 2245 ditum
310 2213 549 2254 recipiendum
580 2215 715 2255 putavi,
752 2215 937 2256 praecipue
967 2225 1049 2248 cum
1077 2217 1182 2249 etiam
1206 2217 1414 2251 scholiastes
1438 2228 1566 2252 nomen
1590 2221 1747 2253 Caecilius
1769 2222 1909 2262 habeat,

168 2261 262 2303 quod
285 2270 365 2294 cum
389 2262 515 2294 Caelius
538 2263 700 2295 confundi
724 2264 837 2297 solere
862 2266 1005 2297 constat.
1043 2266 1090 2306 (In
1113 2265 1188 2298 loco
1212 2266 1284 2298 Val.
1303 2269 1390 2299 Max.
1416 2269 1526 2301 codex
1550 2271 1700 2311 optimus
1724 2273 1910 2313 apparatus

167 2311 375 2353 Remmiam,
401 2313 598 2351 Bernensis,
624 2313 731 2345 habet
752 2315 874 2355 fratres
895 2316 989 2347 caelii
1013 2317 1047 2347 et
1063 2316 1189 2348 deinde
1208 2321 1308 2357 pater
1330 2319 1406 2350 titus
1427 2320 1563 2359 coelius3
1590 2322 1696 2353 ceteri
1721 2321 1822 2354 codd.
1841 2322 1912 2354 celii

169 2363 203 2394 et
224 2362 338 2399 celiu83
365 2361 440 2394 cod.
467 2363 571 2395 Paris.
599 2364 631 2395 in
656 2364 742 2405 Epit.
768 2367 916 2406 utroque
941 2365 1016 2397 loco
1039 2367 1183 2407 caelius.)
1210 2385 1247 2390 —
1273 2369 1445 2408 quemdam
1468 2371 1505 2402 G.
1527 2388 1562 2393 —
1588 2371 1617 2403 2.
1646 2372 1913 2404 Tarracinensem

168 2413 252 2445 Ma:
280 2413 539 2444 Terracinensem
562 2414 713 2453 GRTv,
743 2416 819 2447 Par.
840 2416 870 2447 4.
889 2415 920 2447 4.
939 2416 984 2454 7.,
1017 2416 1130 2448 Schol.
1171 2418 1386 2459 Scripturam
1412 2421 1506 2452 Tarr.
1534 2422 1637 2453 etiam
1661 2422 1816 2455 Valerius
1840 2424 1913 2456 Ma-

167 2462 280 2495 ximus
305 2463 496 2495 confirmat.
524 2480 560 2486 --
586 2472 660 2495 cum
682 2468 813 2496 senatus
836 2467 873 2497 G.
902 2483 936 2488 ἡ
963 2466 994 2498 3.
1020 2467 1273 2499 adulescentibus
1296 2470 1332 2500 G.
1362 2488 1397 2492 —
1423 2469 1453 2502 4.
1478 2472 1678 2511 reperiretur
1701 2481 1740 2504 c:
1768 2474 1914 2513 reperie-

169 2512 265 2544 batur
287 2512 403 2552 codd.‚
428 2522 495 2544 va.
532 2513 580 2545 Cf.
607 2513 679 2545 Val.
705 2515 792 2546 Max.
819 2514 840 2546 l.
867 2524 896 2546 c.
925 2517 958 2547 et
980 2525 1012 2547 ν.
1039 2517 1151 2549 Madv.
1177 2518 1221 2549 ad
1246 2519 1309 2551 Cic.
1335 2520 1373 2551 de
1395 2521 1489 2551 Finn.
1516 2529 1549 2562 p.
1568 2521 1641 2554 249.
1678 2521 1793 2554 Simile
1810 2531 1913 2555 men—-

170 2561 254 2594 dum
276 2564 329 2594 est
351 2563 384 2594 in
409 2561 510 2594 codd.
536 2562 622 2594 infra
648 2563 678 2604 ἓ.
705 2564 758 2596 84.
785 2565 818 2596 et
836 2566 1026 2606 profitearis
1050 2566 1080 2606 g.
1106 2566 1158 2599 84.
1187 2586 1222 2590 —
1252 2569 1283 2600 6.
1309 2572 1383 2601 sunt
1406 2579 1475 2602 om.
1502 2572 1538 2602 G.
1569 2589 1603 2594 —
1629 2573 1660 2604 7.
1688 2573 1765 2612 quid
1783 2576 1914 2613 poterat

169 2615 238 2644 tam
260 2621 323 2644 esse
345 2612 581 2652 suspiciosum?
603 2614 806 2655 neutrumne]
831 2615 881 2646 sic
904 2615 1102 2655 Madviqus.
1139 2619 1203 2649 Pro
1226 2621 1294 2650 tam
1317 2628 1382 2651 esse
1403 2619 1491 2652 haec
1515 2620 1647 2653 habent
1662 2622 1820 2655 codices:
1844 2623 1913 2654 iam

169 2670 233 2693 esse
255 2663 304 2699 M;
330 2659 404 2693 εᾶῖ
427 2663 470 2696 G:
498 2671 560 2694 sa.
583 2688 589 2694 .
610 2686 617 2693 .
637 2666 681 2694 est
706 2663 795 2703 (sici)
829 2666 904 2696 Par.
925 2665 955 2696 4.
974 2664 1025 2703 4.;
1057 2675 1135 2698 sane
1157 2668 1182 2699 R
1197 2669 1289 2706 Τχν
1316 2669 1384 2708 (Τν
1408 2670 1512 2702 etiam
1536 2672 1622 2711 quod
1643 2680 1706 2713 pro
1731 2673 1808 2713 quid
1832 2674 1866 2705 et
1888 2674 1913 2705 T

170 2711 412 2753 suspicionem);
447 2713 525 2743 satis
547 2715 592 2744 est
615 2713 659 2750 H;
696 2714 782 2753 quod
800 2723 833 2754 p.
860 2715 938 2745 satis
959 2724 1023 2746 esse
1045 2724 1081 2754 ag
1118 2718 1196 2757 quid
1215 2718 1374 2758 poterat?
1407 2728 1486 2751 sane
1509 2729 1539 2752 c.
1576 2721 1709 2753 Deinde
1732 2721 1856 2762 legitur
1879 2724 1913 2755 in

172 2761 334 2795 omnibus
358 2762 459 2795 codd.
485 2763 695 2802 suspiciosum
718 2767 827 2795 autem
856 2763 934 2804 (soli
958 2765 1037 2796 Tv:
1072 2775 1155 2806 susp.
1192 2767 1263 2808 aut)
1296 2777 1359 2809 pro
1394 2770 1620 2809 suspiciosum,
1655 2771 1748 2804 unde
1773 2773 1857 2805 mihi
1879 2774 1914 2805 in

172 2813 326 2844 mentem
348 2813 458 2851 venit,
485 2813 691 2844 Ciceronem
714 2812 906 2844 iuveniliter
930 2813 1182 2847 exuberantem
1205 2816 1350 2849 fortasse
1375 2818 1423 2850 sic
1448 2819 1651 2860 scripsisse:
1683 2822 1766 2861 Quid
1784 2826 1915 2862 poterat

172 2864 240 2893 tam
263 2870 326 2892 esse
346 2861 586 2901 suspiciosum?
621 2863 834 2902 suspiciosum
856 2862 994 2894 autem?
1025 2865 1226 2897 Neutrumne
1248 2868 1380 2899 sensisse
1402 2869 1469 2900 etc.
1507 2869 1556 2900 Cf.
1583 2870 1691 2902 Hand.
1717 2871 1861 2904 Turseli.
1886 2874 1912 2906 I.

172 2920 207 2952 p.
233 2910 306 2942 576.
339 2910 437 2951 (Quid
455 2911 599 2951 postea?
621 2915 692 2943 erat
714 2921 791 2943 sane
813 2913 1047 2952 suspiciosum:
1070 2918 1223 2946 neutrum
1247 2917 1270 2947 L
1285 2916 1308 2947 O
1333 2925 1375 2947 ex
1399 2917 1486 2948 coni.
1513 2919 1667 2958 Manutii;
1705 2922 1788 2961 Quid
1810 2924 1916 2964 magis

171 2963 300 3001 poterat
322 2969 386 2992 esse
407 2969 492 3000 susp.
508 2960 524 2990 P
558 2961 732 2994 Ferrettus
757 2963 790 2993 in
815 2961 869 2993 ed.
897 2962 1026 3004 Gryph.
1045 2964 1158 3002 4550.;
1185 2966 1263 3004 quid
1281 2969 1411 3005 poterat
1433 2976 1511 2999 sane
1533 2971 1602 3000 tam
1624 2978 1688 3001 esse
1710 2969 1764 3001 s?
1787 2972 1913 3014 Garat.)

176 3027 211 3032 —
237 3010 439 3051 neutrumne]
463 3013 616 3042 neutrum
638 3019 671 3042 se
686 3012 728 3049 G;
753 3015 906 3044 neutrum
927 3021 984 3043 nec
1007 3021 1043 3051 a;
1068 3022 1108 3045 ne
1124 3014 1151 3045 H
1176 3015 1259 3053 (om.
1277 3016 1453 3057 neutrum).
1474 3035 1509 3039 —
1537 3018 1587 3049 44.
1613 3019 1731 3060 tamen]
1756 3024 1785 3052 et
1807 3024 1915 3054 tamen

174 3058 216 3098 1.;
242 3062 310 3090 tum
331 3068 364 3090 v.
394 3075 428 3082 —-
461 3060 561 3091 hostio
584 3061 631 3092 Mi
649 3069 682 3092 v.
711 3079 746 3084 —
778 3061 829 3093 42.
856 3064 885 3093 et
908 3070 977 3093 om.
1004 3063 1040 3093 G.
1070 3081 1105 3086 -
1131 3064 1183 3095 45.
1205 3065 1348 3104 potuisse
1371 3067 1412 3104 G3
1444 3071 1553 3107 posset
1574 3068 1653 3100 Ern.
1681 3070 1792 3109 coni.;
1823 3073 1858 3103 at
1879 3081 1912 3105 v.

174 3109 309 3149 Reisigii
332 3109 436 3141 Schol.
462 3110 500 3141 de
542 3110 578 3141 L.
603 3110 639 3141 L.
664 3119 697 3151 p.
716 3110 790 3143 504.
820 3129 854 3133 -
882 3112 1076 3143 commiserit
1099 3121 1129 3145 a.
1159 3131 1193 3136 -—
1220 3114 1272 3146 46.
1296 3115 1462 3155 respirare
1484 3118 1554 3149 Lv.
1582 3135 1617 3141 —
1646 3119 1713 3150 sine
1734 3123 1821 3152 metu
1843 3131 1912 3154 om.

175 3159 212 3190 G.
240 3176 275 3182 —-
297 3161 430 3198 possunt
445 3160 515 3192 GM
529 3168 550 3191 v
563 3168 604 3191 c:
626 3160 750 3200 possint
766 3162 790 3193 C
804 3162 832 3193 H
845 3163 865 3193 S
879 3162 922 3199 O;
943 3162 1045 3201 possit
1061 3171 1092 3194 a.
1114 3179 1148 3185 —
1169 3164 1222 3195 47.
1241 3165 1330 3206 quos]
1355 3174 1408 3197 eos
1426 3175 1505 3206 quos
1520 3167 1618 3206 Sch.;
1644 3169 1730 3207 quod
1745 3170 1769 3202 C
1784 3170 1811 3202 H
1825 3171 1858 3203 S.
1876 3190 1912 3195 —

173 3207 264 3239 uobis
287 3209 324 3239 G.
353 3226 387 3231 —-
412 3209 465 3240 20.
490 3218 649 3249 umquam
672 3211 780 3243 GMC
797 3221 837 3250 χ,
864 3211 966 3243 codd.
992 3211 1132 3244 Lamb.:
1157 3222 1297 3253 usquam
1319 3223 1421 3254 vac,
1449 3217 1486 3248 O.
1507 3234 1542 3239 —
1567 3217 1619 3250 23.
1645 3218 1708 3249 elui
1722 3219 1912 3254 Victorius:

176 3255 238 3289 leui
262 3257 384 3297 GMx,
409 3258 485 3290 Par.
513 3259 541 3291 4.
561 3258 613 3298 4.;
640 3259 702 3291 leni
726 3261 798 3298 Sa;
825 3261 895 3292 laui
917 3259 985 3292 Pal.
1005 3262 1049 3301 4.,
1076 3270 1095 3293 c
1118 3262 1195 3304 (leui
1216 3263 1270 3295 vel
1288 3264 1382 3296 leniri
1397 3264 1478 3297 Pali.
1496 3265 1647 3307 reliqui);
1673 3267 1767 3300 leniri
1782 3270 1912 3311 50xx.‚

175 3314 216 3346 v,
243 3307 333 3339 Crat.
358 3315 489 3348 margo.
518 3326 553 3331 —
577 3308 630 3341 24.
651 3313 824 3351 permanet
846 3319 878 3343 v.
905 3327 942 3334 -
966 3310 1119 3351 furorum
1142 3314 1179 3345 G.
1205 3330 1242 3338 -
1268 3314 1320 3347 26.
1345 3316 1573 3349 commiserunt
1596 3317 1720 3351 GMv:
1745 3320 1916 3353 commise-

175 3357 244 3390 rint
264 3365 313 3389 ac
334 3358 368 3390 et
390 3356 464 3390 rell.
489 3357 584 3391 editt.
