2143 3713
648 246 744 288 CAP.
773 246 985 288 xxxvn.
1025 243 1099 299 §§·
1129 241 1349 284 99—403.
1786 236 1866 280 639

122 365 207 405 lare
237 362 410 404 debetis.
470 360 602 409 Quem
633 357 684 398 ad
714 358 903 406 modum,
935 371 1027 398 cum
1057 356 1270 410 petebam,
1302 353 1404 394 nulli
1438 366 1502 393 me
1531 353 1649 393 vobis
1679 357 1867 393 auctores

122 425 286 480 generis
316 425 397 464 mei
419 419 780 467 commendarunt,
811 421 891 468 sie,
923 421 955 460 si
980 420 1080 474 quid
1103 418 1344 470 deliquero,
1376 416 1516 456 nullae
1537 419 1635 455 sunt
1652 415 1868 467 imagines,

125 501 231 542 quae
271 499 335 526 me
381 499 405 526 a
441 484 559 525 vobis
601 482 888 534 deprecentur.
948 481 1158 522 XXXVII.
1198 479 1336 528 Quare
1377 477 1501 517 modo
1541 478 1624 517 vita
1654 482 1868 529 suppetat,

125 563 246 604 quam
278 561 353 601 ego
385 547 553 587 summis
634 548 641 556 ’
670 543 685 563 i
724 544 773 583 ab
806 545 980 584 istorum
1011 543 1167 583 scelere
1197 540 1443 592 insidiisque
1474 538 1720 586 defendere,
1750 538 1870 592 polli-

124 625 220 652 ceor
249 611 329 650 hoc
360 609 498 655 vobis,
530 606 735 655 Quirites,
765 606 1000 646 bonafide:
1033 618 1117 644 rem
1138 602 1349 656 publicam
1369 600 1557 653 vigilanti
1577 600 1757 647 homini,
1786 604 1902 640 non5

126 673 292 720 timido,
337 669 547 722 diligenti,
597 680 676 707 non
718 669 858 719 ignaro
904 666 1181 708 commisistis.
1250 661 1342 703 2101.
1387 664 1474 715 Ego
1514 663 1548 702 is
1588 662 1751 709 consul,
1798 662 1870 715 qui

124 734 361 775 contionem
391 732 599 772 metuam?
630 731 700 783 qui
723 730 930 769 tribunum
952 729 1086 783 plebis
1108 726 1446 781 perhorrescam?
1478 725 1550 778 qui
1576 737 1699 776 saepe
1721 729 1762 763 et
1782 724 1871 763 sine

125 810 250 837 causa
289 793 546 835 tumultuer‘t
591 791 661 845 qui
701 792 892 841 timeam,
931 806 983 832 ne
1026 791 1126 831 mihi
1158 791 1199 830 in
1232 801 1392 829 carcere
1422 786 1691 827 habitandum
1722 786 1797 832 sit,
1838 786 1872 825 si

126 859 312 899 tribunus
350 855 482 908 plebis
520 854 614 894 duci
646 854 846 893 iusserit?
901 856 987 907 Ego
1018 854 1126 893 enim
1157 852 1304 892 vestris
1334 850 1460 890 armis
1491 854 1670 888 armatus
1701 848 1874 900 insigni-

125 921 284 974 busque
314 916 578 970 amplissimis
602 922 853 964 exornatus,
885 916 1073 969 imperio,
1104 915 1362 960 auctoritate,
1393 925 1478 952 non
1508 911 1658 950 horreo
1690 910 1734 950 in
1762 911 1922 951 huncio

125 984 260 1022 locum
298 978 491 1033 progredi
528 978 728 1031 vobisque
767 980 1004 1019 auctoribus
1046 976 1298 1032 improbitati
1328 974 1510 1015 hominis
1541 974 1755 1020 resistere,
1795 986 1874 1012 neo

125 1056 289 1090 vereor,
319 1055 371 1081 ne
402 1054 468 1081 res
498 1040 665 1094 publica
697 1041 820 1080 tantis
849 1042 1003 1081 munita
1034 1039 1251 1095 praesidiis
1282 1039 1332 1078 ab
1359 1038 1449 1078 istis
1472 1036 1579 1077 vinci
1601 1040 1671 1074 aut
1693 1034 1871 1088 opprimi

123 1104 264 1158 possit.
316 1104 357 1143 Si
389 1107 509 1143 antea
539 1103 792 1150 timuissem,
836 1109 971 1142 tamen
1001 1103 1079 1143 hac
1110 1102 1325 1148 contione,
1356 1100 1434 1140 hoo
1464 1098 1618 1152 populo
1650 1101 1760 1136 certe
1791 1109 1873 1135 non

122 1180 298 1206 vererer.
343 1166 446 1214 Quis
477 1166 587 1206 enim
616 1179 815 1219 umquam
846 1170 927 1205 tani
959 1164 1142 1205 secunda
1173 1164 1366 1203 contione
1397 1161 1531 1214 legem
1554 1159 1756 1212 agrariam
1781 1169 1875 1197 sua-

123 1228 177 1268 sit
214 1241 337 1281 quam
378 1241 454 1281 ego
495 1227 702 1268 dissuasi?
745 1229 779 1268 si
817 1228 896 1267 hoc
929 1227 1169 1267 dissuadere
1201 1231 1263 1265 est
1293 1239 1340 1265 ac
1371 1237 1455 1264 non
1486 1221 1719 1262 disturbare
1749 1225 1874 1272 atque
1890 1226 1925 1255 *¹5

122 1296 370 1343 pervertere.
430 1287 523 1330 402.
552 1291 617 1329 Ex
648 1303 730 1342 quo
763 1289 961 1342 intelligi,
993 1288 1198 1337 Quirites,
1229 1292 1366 1340 potest
1395 1284 1497 1325 nihil
1529 1297 1620 1325 esse
1642 1288 1724 1323 tam
1744 1295 1877 1336 popu-

123 1352 208 1392 lare
247 1365 371 1406 quam
407 1353 470 1401 id,
510 1352 620 1406 quod
662 1366 738 1406 ego
770 1352 886 1393 vobis
917 1352 959 1391 in
989 1351 1099 1390 hunc
1129 1362 1283 1390 annum
1314 1348 1458 1389 consul
1490 1346 1703 1400 popularis
1733 1345 1875 1391 affero,

123 1427 286 1468 paoem,
325 1415 690 1469 tranquillitatem,
722 1414 865 1455 otium.
916 1414 1034 1462 Quae
1065 1412 1186 1452 nobis
1218 1410 1442 1463 designatis
1474 1408 1705 1455 timebatis,
1744 1419 1794 1447 ea
1822 1420 1876 1447 ne

123 1475 313 1516 accidere
340 1483 534 1530 possent,
573 1477 751 1518 consilio
783 1490 875 1516 mco
906 1489 952 1516 ac
982 1475 1142 1515 ratione
1172 1473 1341 1528 provisa
1371 1477 1480 1513 sunt.
1528 1471 1621 1510 Non
1650 1468 1775 1509 modo
1801 1482 1876 1509 vos

124 1539 238 1578 eritis
274 1538 318 1578 in
358 1540 467 1587 otio,
507 1540 579 1593 qui
619 1550 784 1591 semper
821 1551 911 1578 esse
943 1537 1191 1584 volueratis,
1233 1549 1375 1575 verum
1407 1534 1529 1575 etiam
1563 1534 1686 1579 istos,
1726 1531 1926 1585 quibuseo

125 1601 222 1642 odio
253 1606 317 1642 est
347 1602 499 1650 otium,
530 1615 664 1656 aeque
695 1602 850 1641 otiosos
880 1600 1065 1640 reddam.
1110 1599 1274 1639 Etenim
1301 1597 1384 1637 illis
1404 1597 1608 1642 honores,
1637 1597 1878 1646 potestates,

125 1663 294 1704 divitiae
336 1677 388 1704 ex
426 1664 604 1704 tumultu
645 1668 773 1717 atque
814 1675 866 1702 ex
907 1660 1237 1702 dissensionibus
1277 1659 1426 1700 civium
1465 1655 1692 1711 comparari
1721 1654 1877 1695 solent:

125 1739 220 1773 VOS,
251 1739 428 1780 quorum
459 1727 591 1780 gratia
621 1728 664 1767 in
696 1724 903 1777 suffragiis
935 1724 1143 1771 consistit,
1184 1722 1353 1762 libertas
1383 1722 1426 1761 in
1457 1718 1640 1772 legibus,
1669 1716 1805 1757 honos
1834 1717 1879 1756 in

125 1788 291 1828 iudiciis
322 1794 363 1829 et
392 1789 600 1842 aequitate
631 1788 966 1840 magistratuum,
1006 1800 1071 1827 res
1101 1784 1316 1825 familiaris
1347 1784 1390 1823 in
1420 1795 1545 1836 pace,
1577 1779 1688 1820 omni
1718 1779 1879 1820 ratione

127 1850 257 1890 otium
296 1850 474 1890 retinere
516 1850 688 1890 dehetis.
748 1845 841 1887 4033.
874 1849 974 1888 Nam
1016 1849 1049 1889 si
1086 1848 1140 1895 ii,
1182 1847 1254 1901 qui
1284 1849 1455 1899 propter
1486 1843 1687 1883 desidiam
1717 1842 1760 1881 in
1792 1842 1878 1882 otio
1893 1851 1928 1881 25

127 1914 291 1962 vivunt,
322 1919 459 1954 tamen
490 1914 533 1953 in
565 1927 638 1954 sua
659 1913 769 1967 turpi
798 1910 948 1952 inertia
969 1910 1137 1963 capiunt
1156 1909 1412 1961 voluptatem
1433 1920 1486 1947 ex
1504 1906 1595 1960 ipso
1617 1904 1723 1952 otio,
1755 1917 1880 1957 quam

216 2162 246 2194 l.
271 2160 382 2193 debent
404 2161 512 2192 EFP.
540 2176 576 2182 —
605 2161 635 2192 2.
660 2160 704 2190 sic
729 2168 797 2191 om.
825 2159 848 2191 Ε
863 2160 884 2190 Ι·’
899 2160 934 2190 P.
964 2175 998 2180 —
1029 2158 1055 2189 si
1079 2157 1157 2196 quid
1173 2174 1220 2179 --
1238 2157 1449 2196 deprecentur
1472 2155 1510 2185 A.
1538 2152 1664 2186 Gellius
1687 2155 1742 2186 VI.
1769 2154 1820 2191 ⁴6,
1848 2153 1879 2187 7.

132 2230 166 2234 -
192 2211 222 2243 3.
250 2210 369 2252 Quare]
395 2211 501 2250 Quam
525 2218 592 2241 rem
616 2209 640 2240 E
656 2210 725 2240 FP.
755 2227 789 2231 —
824 2210 917 2241 morlo
941 2217 1022 2240 nos:
1056 2208 1150 2239 modo
1172 2207 1199 2238 si
1222 2207 1338 2243 EFP;
1364 2205 1459 2237 modo
1481 2208 1517 2235 ut
1540 2205 1566 2235 G
1583 2202 1735 2236 ALssO.
1762 2221 1799 2226 —
1825 2212 1882 2235 su-

124 2265 223 2302 perat
246 2262 279 2293 F.
309 2280 342 2284 —
368 2260 399 2293 4.
425 2268 526 2299 quam
550 2267 607 2299 ego
631 2258 764 2289 summis
786 2258 811 2289 Ε
826 2260 868 2290 P:
901 2267 1001 2297 quam
1024 2266 1082 2299 ego
1103 2265 1248 2288 summus
1271 2257 1310 2293 F;
1343 2264 1444 2294 quam
1474 2263 1532 2295 ego
1556 2261 1628 2285 sum
1650 2253 1678 2284 is
1701 2253 1744 2291 G;
1782 2263 1881 2293 quam

128 2320 186 2352 ego
208 2320 280 2343 sum
301 2311 328 2342 is
351 2310 407 2350 qui
428 2311 473 2347 A3
500 2318 600 2348 quam
622 2317 680 2350 ego
702 2317 773 2339 sum
795 2308 823 2339 is
847 2308 902 2347 qui
921 2308 1043 2348 possim
1065 2308 1108 2345 L;
1141 2314 1344 2346 quamquam
1366 2314 1423 2346 ego
1446 2313 1517 2335 sum
1539 2303 1568 2334 is
1591 2303 1646 2342 qui
1668 2311 1742 2334 eam
1759 2304 1883 2343 possim

130 2370 212 2394 cum
243 2360 298 2392 ed.
325 2359 540 2399 Hervagiana
564 2357 604 2395 Q
638 2366 738 2396 quam
765 2366 823 2398 ego
852 2358 880 2389 si
911 2358 1043 2397 quivero
1075 2365 1155 2388 cum
1180 2356 1237 2388 ed.
1263 2355 1396 2387 Iuntina
1421 2355 1465 2393 O;
1499 2361 1600 2392 quam
1623 2361 1680 2393 ego
1703 2353 1731 2384 si
1750 2362 1883 2393 possum

128 2409 290 2442 Klotzius.
306 2427 340 2431 —
367 2408 537 2448 defendam
560 2406 603 2438 de
622 2415 684 2439 sua
703 2407 903 2439 coniectura
921 2407 994 2438 O.—
1022 2405 1184 2446 pollicear
1200 2406 1224 2437 E
1239 2406 1272 2437 F.
1292 2423 1327 2428 -
1348 2404 1378 2435 5.
1398 2403 1500 2434 bonae
1521 2402 1596 2443 fidei
1618 2402 1644 2433 E
1659 2403 1732 2434 ΡΑ.
1759 2403 1884 2435 Emen-

130 2459 224 2491 davit
240 2458 441 2498 Hervagius.
462 2476 498 2480 —
517 2457 548 2488 6.
566 2466 631 2488 non
646 2456 767 2497 ignavo
783 2465 853 2488 om.
872 2457 897 2488 E
912 2457 934 2488 F
946 2457 971 2487 P
983 2457 1021 2487 A.
1040 2454 1180 2487 Addidit
1195 2455 1397 2495 Hervagius.
1425 2454 1499 2494 (non
1514 2452 1688 2493 negligenti
1703 2452 1882 2493 Halmius.)

133 2526 168 2530 —
185 2508 267 2550 Ego]
289 2509 379 2550 Ergo
402 2507 444 2543 F;
468 2507 558 2548 Ergo
581 2515 636 2538 ero
660 2506 697 2537 E.
718 2523 753 2527 —-
778 2505 816 2546 is]
840 2506 888 2537 his
911 2508 953 2543 P;
979 2506 1039 2537 hiis
1062 2506 1096 2538 F.
1118 2524 1152 2528 —-
1178 2506 1210 2537 7.
1234 2504 1390 2546 metuam]
1416 2513 1481 2535 non
1495 2506 1640 2534 metuam
1655 2501 1692 2533 E.
1715 2519 1749 2524 —
1775 2501 1882 2533 tribu-

129 2567 209 2590 num
228 2558 273 2598 pl.
293 2559 337 2589 G:
363 2561 405 2589 tr.
418 2557 466 2597 pl.
486 2557 526 2594 F;
552 2556 697 2587 tribunos
714 2555 761 2595 pl.
781 2555 805 2587 E
818 2557 845 2587 A
859 2556 883 2586 L
897 2554 918 2589 ἓ
933 2555 970 2586 Ο.
991 2572 1025 2576 -
1053 2555 1085 2587 9.
1103 2555 1233 2587 iusserit
1254 2555 1298 2586 E:
1324 2554 1465 2585 iussisset
1488 2553 1510 2584 F
1523 2548 1661 2583 ALQO.
1682 2567 1716 2574 -
1735 2552 1821 2583 enim
1837 2553 1878 2583 G:

130 2616 205 2640 eum
226 2607 381 2644 EFPA3
417 2606 562 2638 nondum
585 2614 665 2637 cum
690 2605 746 2637 ed.
771 2606 905 2637 Iuntina
929 2604 1000 2639 Lss.
1027 2621 1064 2627 —
1103 2605 1156 2636 slO.
1182 2606 1363 2637 exornatus
1385 2603 1410 2635 E
1425 2603 1465 2634 F:
1503 2604 1640 2633 ornatus
1667 2601 1732 2632 AL
1747 2598 1817 2634 ΕΟ.
1846 2619 1882 2624 -

131 2658 247 2689 horreo
269 2657 294 2688 E
308 2657 330 2688 F
343 2658 430 2688 GA:
455 2656 571 2688 horrui
594 2664 674 2687 cum
699 2654 755 2686 ed.
781 2656 914 2687 Iuntina
938 2653 995 2687 1.ss
1009 2655 1046 2687 Ο.
1068 2673 1103 2677 -
1130 2655 1182 2686 Η.
1202 2654 1361 2696 progredi
1384 2651 1594 2685 Lambinus:
1616 2650 1775 2690 progredi
1793 2659 1886 2690 posse

132 2707 157 2738 E
171 2707 244 2737 FA.
272 2723 308 2728 -
332 2714 372 2737 ne
392 2714 509 2738 uereor
531 2705 576 2743 Ε;
600 2713 641 2736 ue
662 2713 780 2736 uereor
804 2705 841 2741 F}
868 2709 936 2737 tene
957 2714 1072 2737 vereor
1094 2706 1136 2743 P;
1162 2713 1249 2736 rmmo
1269 2712 1388 2735 verear
1411 2710 1491 2734 oum
1515 2700 1571 2733 ed.
1597 2700 1729 2731 Iuntina
1755 2698 1826 2734 Lss.
1846 2717 1880 2722 —-

133 2756 184 2787 42.
210 2763 262 2787 res
278 2755 329 2796 μ]
350 2764 385 2795 p.
410 2764 440 2786 r.
466 2756 502 2786 F.
530 2772 566 2777 —
593 2754 645 2786 43.
667 2757 774 2794 posset
797 2755 821 2786 E
838 2756 870 2786 F.
900 2773 934 2778 —
961 2758 1070 2787 tamen
1093 2762 1175 2786 cum
1196 2755 1232 2785 P.
1259 2753 1410 2786 Manutio
1433 2760 1503 2783 om.
1530 2748 1599 2782 Lss.
1628 2766 1664 2771 —
1688 2748 1750 2780 hae
1771 2749 1886 2780 condi-

132 2805 217 2836 tione
239 2804 264 2836 E
278 2805 350 2836 FP.
379 2823 414 2826 —
441 2803 493 2836 44.
519 2804 630 2845 legem]
655 2804 766 2845 legata·
789 2805 813 2836 E
827 2805 849 2835 F
863 2806 898 2835 P.
928 2823 962 2827 —
990 2806 1042 2837 45.
1068 2802 1262 2844 disturbare]
1283 2802 1481 2843 perturbare
1502 2801 1540 2832 E.
1560 2816 1594 2821 —
1622 2801 1720 2837 atque
1742 2798 1819 2830 EF:
1845 2807 1886 2830 ac

133 2852 206 2888 ΑΕ.
235 2872 270 2876 -
296 2854 350 2885 ⁶20.
374 2854 540 2885 volueritis
563 2854 644 2891 GO3
671 2854 814 2885 voluistis
830 2854 962 2894 Ussing.
984 2872 1018 2877 -
1044 2853 1159 2893 quibus
1181 2852 1254 2884 odio
1278 2855 1323 2883 est
1346 2852 1463 2890 otium,
1488 2857 1591 2889 aeque
1613 2847 1730 2879 otiosos
1744 2847 1882 2887 Ussing:

133 2904 248 2944 quibus
270 2904 366 2936 ociosi
389 2904 495 2935 ocium
515 2904 699 2943 fecissemus
722 2904 919 2944 (sucessimus
941 2903 975 2943 P)
1001 2907 1099 2943 atque
1121 2903 1243 2934 ociosos
1265 2902 1290 2933 E
1305 2902 1326 2933 F
1341 2903 1423 2939 GP3
1450 2899 1564 2940 quibus
1586 2898 1684 2929 ociosi
1706 2898 1814 2928 ocium
1835 2898 1886 2937 fe·-

133 2954 300 2986 cissemus:
326 2957 424 2993 atque
446 2953 658 2985 ociosissimos
672 2955 716 2986 A:
743 2953 857 2993 quibus
880 2953 972 2983 otiosi
995 2953 1159 2994 negotium
1180 2952 1389 2992 fecissemus,
1408 2948 1614 2981 otiosissimos
1631 2954 1711 2978 cum
1729 2946 1783 2977 ed.
1802 2947 1886 2978 Her-

134 3004 279 3043 vagiana
302 3001 341 3040 Q
368 3001 482 3042 quibus
504 3002 597 3033 otiosi
619 3003 782 3043 'negotium
805 3003 1010 3043 faccssimus,
1037 3001 1243 3033 otiosissimos
1264 3002 1289 3032 L
1303 3001 1345 3037 O;
1382 2999 1497 3039 quibus
1519 2997 1612 3030 otiosi
1635 2996 1737 3026 otium
1757 2997 1886 3037 fecisse-

135 3061 222 3091 mus,
254 3060 356 3091 aeque
378 3052 495 3083 otiosos
517 3050 684 3090 Klotzius;
719 3052 834 3092 quibus
856 3053 928 3083 odio
950 3055 994 3083 est
1017 3052 1136 3089 otium,
1171 3051 1383 3091 quietissimos
1406 3053 1503 3090 atque
1525 3046 1732 3079 otiosissimos
1753 3047 1886 3079 Madvi-

137 3102 212 3142 gius
233 3101 343 3134 Philol.
369 3101 566 3133 Schneidew.
591 3102 631 3133 11.
656 3110 690 3143 p.
709 3101 782 3134 442.
803 3120 839 3124 —-
864 3102 916 3133 ⁶23.
942 3101 1051 3142 honos]
1075 3101 1131 3132 hos
1152 3101 1213 3132 EF
1227 3102 1301 3131 GP.
1328 3117 1361 3120 —
1388 3099 1441 3132 24.
1467 3098 1734 3139 magistratuum,
1759 3105 1811 3128 res
1830 3098 1887 3138 fa-

137 3150 277 3181 miliaris
308 3151 550 3184 Lauredanus:
587 3160 724 3193 magnos
752 3153 882 3184 timores
908 3151 1090 3191 familiares
1115 3150 1175 3182 EF
1190 3150 1274 3186 GA;
1310 3157 1446 3190 magnos
1475 3149 1612 3180 honores
1638 3144 1821 3184 familiares
1843 3149 1885 3186 P;

138 3199 351 3240 magistratus
372 3205 403 3233 et
423 3210 476 3234 res
497 3201 680 3242 familiares
703 3210 783 3233 eum
807 3200 862 3233 ed.
889 3200 1104 3241 Hervagiana
1127 3197 1165 3237 83
1195 3199 1470 3239 magistratuum,
1499 3205 1551 3229 res
1576 3193 1762 3236 familiares
1783 3195 1821 3228 Ο.
1847 3214 1882 3219 -

139 3250 193 3281 25.
217 3250 355 3283 retinere
377 3252 498 3284 EFP:
534 3254 640 3283 tenere
662 3252 725 3284 AL
739 3250 810 3284 ΒΟ.
840 3269 875 3273 -
899 3251 987 3282 Nam
1009 3250 1036 3281 si
1058 3250 1083 3281 ii
1104 3247 1316 3281 Lambinus:
1345 3248 1423 3280 Tam
1445 3248 1503 3280 etsi
1525 3247 1549 3278 ii
1571 3244 1615 3281 E;
1640 3245 1768 3277 tametsi
1789 3246 1819 3278 ei
1841 3247 1884 3285 P;

143 3298 221 3330 Tam
243 3302 273 3331 et
293 3299 339 3331 hii
360 3300 387 3332 si
409 3301 452 3340 F;
476 3301 565 3333 Nam
587 3301 646 3332 etsi
667 3301 696 3333 ei
719 3302 761 3340 G3
786 3301 876 3333 Nam
898 3300 955 3333 etsi
977 3300 1001 3331 ii
1023 3300 1069 3337 A;
1095 3308 1174 3331 nam
1195 3299 1223 3330 si
1245 3299 1278 3330 hi
1302 3298 1358 3331 ed.
1385 3298 1531 3330 Iuntina.
1552 3314 1587 3320 -
1613 3292 1666 3326 26.
1690 3295 1727 3327 in
1749 3297 1828 3328 ante
1850 3305 1886 3329 v,

140 3355 201 3380 sua
223 3355 292 3381 om.
316 3349 390 3383 EF.
418 3367 453 3375 —
478 3358 522 3385 ex
543 3349 732 3392 Madvigius
756 3350 877 3392 (Philol.
894 3349 1092 3385 Schneidew.
1109 3349 1151 3382 11.
1173 3356 1209 3391 p.
1227 3346 1334 3389 ⁴42·)²
1358 3346 1413 3381 sed
1434 3346 1551 3387 EFP;
1575 3344 1633 3379 sub
1654 3343 1775 3386 Azo;
1799 3345 1828 3378 si
1847 3345 1886 3379 L.
