2143 3713
695 204 790 245 Cn.
821 204 1008 244 Ix—x.
1052 202 1125 258 §§.
1156 201 1345 245 24-30.
1807 199 1888 242 549

149 322 226 363 sibi
273 319 555 375 quaerendum
595 315 822 358 remedium
867 317 1115 357 existimavit
1152 316 1203 356 ad
1243 329 1332 356 eam
1372 329 1549 364 moram,
1596 330 1700 371 quae
1730 318 1887 370 nuptiis

147 385 406 425 afferebatur.
463 384 587 428 Nam,
630 393 720 419 cum
751 378 923 417 haberet
954 393 1006 418 ex
1035 379 1167 418 Novia
1195 378 1393 418 infantem
1423 377 1576 426 lilium,
1616 379 1720 418 alter
1750 385 1887 419 autem

146 448 231 487 eius
261 446 389 492 lilius,
421 444 543 497 Papia
563 446 702 486 natus,
735 441 862 479 Teani
898 438 1076 493 [Apuli],
1109 440 1217 494 quod
1249 440 1363 479 abest
1394 453 1417 479 a
1438 440 1586 479 Larino
1609 441 1745 479 XVIII
1774 441 1888 479 milia

146 522 360 562 passuum,
397 505 504 560 apud
546 508 714 543 matrem
754 502 1016 549 educaretur,
1057 502 1227 541 arcessit
1266 501 1401 540 subito
1444 502 1532 540 sine
1564 515 1686 541 causa
1715 515 1888 555 puerum

144 572 307 610 Teano:
338 567 448 622 quod
478 566 610 605 facere
640 563 719 603 nisi
751 563 858 603 ludis
892 561 1098 617 [publicis]
1131 568 1202 602 aut
1228 562 1343 602 festis
1365 563 1511 602 diebus
1533 569 1651 602 antea
1676 576 1758 602 non
1780 563 1918 604 sole-5

145 634 224 672 bat.
274 632 402 671 Mater
437 629 584 668 misera
630 626 732 665 nihil
770 626 863 665 mali
895 626 1106 678 suspicans
1138 625 1272 664 mittit.
1332 624 1405 664 Illo
1437 638 1480 663 se
1511 626 1735 665 Tarentum
1765 623 1888 678 profi-

112 739 114 742 ,
145 693 242 733 cisci
281 705 371 732 cum
407 689 659 735 simulasset,
701 701 750 727 eo
781 688 872 740 ipso
909 688 974 727 die
1005 700 1124 740 puer,
1165 686 1267 725 bora
1296 686 1516 726 undecima
1547 700 1639 726 cum
1670 687 1814 726 valens
1844 686 1887 726 in

143 756 307 810 publico
336 754 446 793 visus
477 755 604 797 esset,
635 755 728 789 ante
760 756 922 789 noctem
949 754 1136 788 mortuus
1160 753 1201 788 et
1221 749 1442 800 postridie,
1474 753 1698 802 antequam
1719 748 1888 796 luceret,

143 817 378 856 combustus
409 818 482 853 est.
541 810 607 851 ⁶28.
638 812 773 864 Atque
803 811 912 850 hunc
944 816 1101 851 tantum
1132 824 1357 851 maerorem
1380 811 1500 850 matri
1531 811 1643 864 prius
1673 810 1887 850 hominum

141 891 294 924 rumor,
340 888 461 929 quam
502 874 722 927 quisquam
760 888 812 913 ex
849 873 1067 926 Oppianici
1106 872 1262 912 familia
1300 872 1519 912 nuntiavit.
1577 872 1653 911 Illa
1683 886 1773 912 cum
1803 885 1936 913 unoio

142 945 321 992 tempore
348 936 549 982 audisset,
581 936 659 975 sibi
689 949 772 974 non
805 936 938 975 solum
968 932 1119 981 silium,
1152 934 1224 973 sed
1257 934 1379 973 etiam
1411 934 1706 987 exsequiarum
1738 947 1888 975 munus

141 1004 348 1052 ereptum,
379 998 574 1038 Larinum
605 997 820 1037 confestim
853 997 1085 1036 exanimata
1114 996 1228 1035 venit
1261 1000 1299 1035 et
1330 996 1384 1035 ibi
1407 996 1457 1035 de
1478 997 1638 1048 integro
1661 996 1786 1037 funus
1806 997 1887 1036 iam

139 1061 302 1114 sepulto
342 1058 426 1099 filio
462 1059 572 1099 fecit.
631 1059 730 1099 Dies
771 1059 955 1099 nondum
997 1058 1138 1098 decem
1180 1058 1518 1106 intercesserant,
1565 1072 1656 1098 cum
1685 1059 1755 1098 ille
1785 1058 1888 1098 alter

137 1121 246 1163 filius
276 1121 410 1161 infans
440 1126 622 1161 necatur.
681 1122 824 1174 Itaque
862 1120 980 1159 nubit
1011 1120 1241 1173 Oppianico
1283 1121 1481 1160 continuo
1515 1120 1675 1168 Sassia,
1716 1120 1887 1160 laetanti

137 1187 216 1226 iam
246 1185 380 1224 animo
411 1189 450 1224 et
479 1197 552 1236 spe
583 1184 735 1236 optime
768 1184 1022 1223 confirmato.
1082 1183 1165 1221 Nec
1197 1183 1366 1230 mirum,
1400 1196 1504 1236 quae
1536 1196 1579 1222 se
1611 1196 1694 1223 non
1723 1183 1936 1235 nuptia-45

137 1248 242 1288 libus
273 1246 414 1293 donis,
446 1246 518 1285 sed
548 1243 725 1285 filiorum
754 1245 969 1285 funeribus
1001 1259 1091 1285 esse
1124 1245 1344 1284 delenitam
1376 1245 1548 1284 videret.
1593 1245 1653 1285 Ita
1686 1244 1800 1298 quod
1821 1257 1886 1284 ce-

138 1312 213 1350 teri
249 1314 416 1362 propter
445 1308 595 1347 liberos
635 1308 837 1360 pecuniae
869 1308 1106 1361 cupidiores
1138 1321 1228 1348 esse
1259 1308 1421 1355 solent,
1462 1308 1530 1348 ille
1560 1312 1734 1361 propter
1761 1320 1886 1360 pecu-

135 1373 243 1411 niam
271 1371 423 1411 liberos
453 1371 640 1410 amittere
671 1371 898 1410 iucundum
930 1383 1020 1410 esse
1053 1370 1183 1410 duxit.
1245 1370 1297 1409 X.
1320 1367 1385 1408 29.
1408 1370 1575 1417 Sentio,
1604 1369 1783 1416 iudices,
1813 1381 1885 1408 vos

135 1446 211 1487 pro
251 1439 386 1472 vestra
423 1433 677 1473 humanitate
717 1433 780 1472 his
824 1433 948 1472 tantis
980 1433 1204 1473 sceleribus
1235 1432 1415 1471 breviter
1443 1445 1468 1471 a
1497 1445 1563 1471 me
1594 1430 1885 1471 demonstratis

134 1495 398 1536 vehementer
437 1508 526 1534 esse
558 1500 798 1534 commotos.
847 1495 938 1543 Quo
980 1495 1147 1534 tandem
1178 1495 1304 1547 igitur
1333 1494 1468 1534 animo
1498 1493 1625 1534 fuisse
1655 1492 1750 1532 illos
1780 1492 1936 1534 arbi-20

134 1556 319 1604 tramini,
366 1557 515 1610 quibus
557 1557 606 1596 iis
646 1557 696 1597 de
736 1557 860 1597 rebus
891 1570 974 1597 non
1005 1557 1130 1596 modo
1161 1556 1412 1596 audiendum
1442 1555 1541 1603 fuit,
1589 1568 1730 1596 verum
1762 1554 1886 1594 etiam

135 1619 433 1660 iudicandum?
480 1620 564 1658 Vos
585 1619 735 1658 auditis
759 1619 809 1659 de
832 1633 902 1667 eo,
934 1620 976 1658 in
999 1633 1122 1673 quem
1143 1618 1301 1658 iudices
1322 1631 1406 1657 non
1429 1618 1552 1666 estis,
1583 1618 1634 1658 de
1658 1630 1728 1664 eo,
1761 1631 1885 1670 quem

135 1695 220 1722 non
240 1680 409 1728 videtis,
442 1680 492 1720 de
515 1694 584 1728 eo,
617 1694 740 1734 quem
772 1681 911 1721 odisse
942 1682 1024 1720 iam
1049 1694 1134 1720 non
1155 1680 1352 1734 potestis,
1384 1680 1434 1719 de
1456 1693 1528 1727 eo,
1560 1680 1630 1733 qui
1653 1684 1694 1719 et
1712 1684 1885 1719 naturae

138 1749 178 1784 et
206 1743 364 1796 legibus
395 1743 492 1782 satis
520 1742 640 1791 fecit,
674 1757 800 1797 quem
830 1744 943 1796 leges
975 1744 1136 1791 exsilio,
1163 1748 1309 1783 natura
1338 1748 1469 1782 morte
1490 1742 1695 1790 multavit3
1731 1742 1884 1782 auditis

138 1819 221 1846 non
251 1805 301 1844 ab
326 1805 513 1852 inimico,
544 1806 692 1845 auditis
714 1807 803 1846 sine
825 1806 1017 1853 testibus,
1049 1805 1224 1852 auditis,
1256 1818 1348 1844 cum
1370 1818 1437 1853 ea,
1470 1817 1576 1858 quae
1599 1804 1882 1857 copiosissime
1897 1816 1934 1846 25

137 1868 214 1908 dici
244 1872 433 1920 possunt,
463 1867 641 1907 breviter
670 1868 927 1921 strictimque
960 1868 1164 1908 dicuntur.
1213 1867 1276 1906 Illi
1307 1867 1528 1907 audiebant
1549 1866 1599 1905 de
1624 1879 1694 1913 eo,
1727 1865 1777 1905 de
1799 1878 1883 1918 quo

136 1929 257 1970 iurati
288 1930 511 1969 sententias
541 1929 647 1969 ferre
679 1930 902 1978 debebant,
936 1930 986 1970 de
1009 1943 1077 1978 eo,
1110 1930 1223 1969 cuius
1244 1929 1475 1981 praesentis
1496 1928 1702 1968 nefarium
1723 1932 1765 1967 et
1786 1940 1884 1967 con-

138 1992 382 2032 sceleratum
412 1991 570 2031 mltum
600 1992 889 2040 intuebantur,
921 1993 970 2032 de
1003 2006 1075 2039 eo,
1108 2005 1230 2045 quem
1261 2003 1403 2031 omnes
1426 1991 1599 2030 oderant
1623 1995 1793 2043 propter
1813 2003 1885 2029 au-

138 2054 315 2101 daciam,
359 2053 408 2092 de
439 2066 509 2100 e0,
541 2067 664 2106 quem
696 2055 807 2093 omni
838 2054 1044 2107 supplicio
1075 2054 1245 2106 dignum
1277 2067 1368 2093 esse
1400 2053 1631 2100 ducebant3
1662 2052 1885 2093 audiebant

135 2116 185 2156 ab
225 2115 550 2163 accusatoribus,
592 2116 815 2156 audiebant
854 2116 980 2155 verba
1017 2116 1236 2156 multorum
1279 2116 1468 2162 testium3
1508 2114 1750 2162 audiebant,
1792 2128 1933 2157 cum30

135 2191 217 2218 una
256 2191 420 2231 quaque
462 2177 511 2217 de
549 2190 592 2217 re
635 2191 658 2217 a
689 2179 731 2217 P.
765 2178 993 2226 Cannutio,
1029 2178 1199 2217 homine
1230 2177 1596 2231 eloquentissimo,
1637 2176 1814 2229 graviter
1844 2182 1885 2216 et

135 2241 204 2280 diu
235 2240 449 2280 diceretur.
508 2238 573 2279 30.
603 2241 655 2279 Et
686 2245 747 2280 est
779 2240 1025 2293 quisquam,
1067 2240 1160 2293 qui,
1203 2253 1296 2279 cum
1326 2240 1429 2279 haec
1459 2238 1718 2292 cognoverit,
1751 2239 1884 2291 suspi-

135 2303 216 2342 cari
246 2303 398 2356 possit,
438 2301 711 2355 Oppianicum
751 2302 902 2342 iudicio
941 2315 1185 2356 oppressum
1217 2307 1256 2342 et
1286 2302 1614 2342 circumventum
1644 2314 1735 2341 esse
1764 2301 1883 2341 inno-

135 2369 294 2404 centem
310 2366 328 2404 ’ἲ

217 2519 249 2550 2.
274 2517 442 2559 infantem]
467 2526 506 2549 ne
529 2520 605 2549 ante
627 2518 676 2556 M:
703 2526 772 2549 om.
792 2518 826 2549 F.
848 2536 882 2540 u
909 2518 939 2550 3.
957 2518 1085 2558 Pappia
1109 2518 1168 2549 ST
1184 2519 1208 2549 A
1225 2519 1247 2549 L
1262 2516 1293 2550 ΣΞ.
1315 2535 1349 2539 -
1378 2517 1476 2549 Teani
1491 2516 1587 2557 Apuli
1609 2517 1737 2549 MAO:
1765 2518 1884 2550 Theani

132 2567 249 2607 Appuli
279 2566 354 2599 Lss:
392 2567 568 2606 Teanopuli
599 2567 638 2604 F}
678 2567 781 2598 Teano
810 2567 879 2598 ST.
921 2569 1109 2600 Arusianus
1135 2568 1279 2600 Messius
1303 2576 1335 2598 v,
1362 2567 1449 2598 abest
1479 2570 1523 2598 tot
1545 2566 1639 2597 milia
1662 2574 1696 2607 p.
1723 2567 1796 2598 0245.
1825 2568 1880 2600 ed.

132 2616 307 2649 Lindem.:
341 2616 376 2646 in
406 2625 442 2648 eo
474 2617 527 2656 (ex
550 2620 644 2648 teano
667 2616 721 2648 vel
745 2618 843 2656 leani)
868 2619 952 2657 quod
974 2621 1020 2649 est
1042 2618 1082 2649 ab
1105 2618 1228 2649 Larino
1250 2618 1355 2649 XVIII
1374 2617 1468 2648 milia
1490 2624 1660 2656 passuum.
1695 2633 1730 2638 —
1763 2617 1804 2647 ab
1828 2618 1879 2653 M;

133 2674 202 2697 om.
228 2666 264 2697 L.
299 2663 508 2697 Alterutram
538 2664 723 2698 lectionem
753 2666 866 2698 tirmat
888 2668 1098 2705 Arusianus,
1135 2668 1194 2707 qui
1224 2667 1362 2708 scripsit
1384 2665 1439 2698 vel
1463 2667 1549 2705 quod
1571 2666 1659 2697 abest
1680 2666 1804 2698 Larino
1826 2667 1882 2699 vel

132 2716 218 2756 quod
240 2714 326 2746 abest
348 2715 389 2746 ab
409 2716 542 2748 Larino.
570 2735 605 2739 —
634 2715 665 2747 4.
686 2718 821 2748 accersit
844 2718 863 2748 S
878 2718 914 2748 T.
935 2735 970 2739 —
995 2718 1026 2749 5.
1055 2717 1180 2748 Theano
1203 2714 1272 2748 Lss.
1295 2734 1329 2738 —
1351 2715 1490 2755 publicis
1513 2724 1582 2747 om.
1608 2715 1679 2746 ST.
1700 2733 1735 2737 —
1762 2716 1792 2747 6.
1817 2717 1882 2748 mi-

132 2774 208 2798 sera
229 2765 309 2796 nihil
331 2765 412 2796 mali
435 2766 455 2796 S
469 2767 510 2797 T:
535 2766 615 2797 nihil
637 2767 716 2797 mali
739 2767 860 2797 misera
875 2768 939 2798 ΒΑ
953 2767 976 2798 L
991 2765 1011 2798 Q
1025 2767 1063 2798 O.
1084 2784 1119 2789 —
1145 2767 1175 2798 7.
1201 2767 1285 2798 hora
1306 2766 1455 2797 undecim
1478 2774 1552 2796 cum
1573 2765 1684 2797 valens
1699 2766 1733 2797 in
1753 2766 1881 2806 publico

133 2815 208 2846 ST:
245 2823 319 2845 cum
341 2814 370 2845 h.
396 2816 473 2846 und.
498 2816 532 2847 in
552 2825 586 2856 p.
611 2818 722 2848 valens
746 2817 810 2848 RA
825 2818 847 2848 L
862 2816 881 2848 Q
896 2817 933 2847 Ο.
961 2834 995 2838 -
1031 2816 1062 2847 8.
1091 2820 1164 2855 post
1189 2817 1259 2857 (sic)
1283 2819 1408 2847 noctem
1423 2815 1668 2847 --combustus
1689 2819 1734 2847 est
1758 2817 1880 2849 Curius

133 2864 393 2896 Fortunatianus
416 2874 450 2906 p.
468 2866 520 2897 94.
547 2866 602 2898 ed.
629 2868 736 2907 Capp.
754 2884 788 2888 —
815 2867 984 2898 lucesceret
1007 2866 1291 2905 Fortunatianus‚
1319 2866 1364 2897 «i.
1385 2875 1415 2897 e.
1433 2864 1551 2897 lucere
1575 2866 1759 2906 inciperet,
1787 2865 1881 2907 quod

133 2914 281 2946 verbum
311 2914 476 2947 celeritati
508 2916 609 2948 huius
638 2916 717 2948 facti
748 2916 891 2948 mirifice
916 2917 1110 2948 convenit.»
1139 2916 1218 2946 GAR.
1245 2916 1276 2946 ⁵2.
1310 2932 1345 2937 -
1383 2916 1434 2946 40.
1467 2915 1670 2946 renuntiavit
1696 2913 1814 2947 Msso.
1841 2932 1876 2936 —

135 2965 185 2995 45.
210 2966 327 3004 optime
350 2966 426 2996 ST:
452 2966 575 3004 optima
597 2965 732 3000 RALss
747 2967 784 2998 Ο.
812 2983 846 2988 —-
875 2968 1073 3006 confirmata
1095 2966 1118 2996 L
1133 2963 1165 2997 Q.
1193 2982 1227 2986 —
1264 2964 1315 2996 46.
1343 2973 1406 2996 esse
1429 2966 1504 2996 ST:
1532 2973 1601 2996 om.
1628 2965 1727 2996 RAL
1742 2963 1760 2996 Q
1776 2965 1812 2996 O.
1841 2983 1876 2987 —

133 3013 299 3045 delinitam
321 3012 470 3047 QtALss.
504 3014 552 3046 Cf.
580 3014 610 3055 g.
636 3015 687 3047 43.
716 3034 751 3038 —
776 3016 823 3046 ita
848 3014 942 3055 quod]
968 3015 1078 3053 itaque
1101 3014 1226 3050 FMO;
1259 3014 1369 3053 itaque
1393 3015 1478 3053 quod
1501 3012 1572 3046 Lss.
1607 3013 1655 3047 Cf.
1684 3013 1714 3054 g.
1742 3014 1815 3044 «190.
1841 3022 1874 3054 p.

136 3063 272 3094 Fonteio
296 3063 326 3104 S.
352 3064 403 3096 30.
432 3082 467 3086 —
503 3065 553 3096 47.
579 3073 643 3096 esse
672 3065 771 3096 solent
794 3066 869 3096 ST:
906 3064 1005 3095 solent
1035 3072 1100 3095 esse
1122 3064 1225 3094 RAL
1241 3060 1310 3094 ΩΟ.
1338 3080 1373 3084 ——
1401 3063 1452 3095 48.
1478 3064 1655 3095 iucundum
1679 3060 1875 3094 STMLss:

134 3112 303 3145 iucundius
326 3115 436 3146 FAO.
456 3132 493 3137 —
520 3115 571 3146 119.
597 3116 637 3146 iis
652 3116 688 3147 T.
709 3133 744 3138 -
770 3116 823 3147 ⁶24.
842 3114 965 3154 quibus]
991 3114 1062 3153 quis
1085 3114 1116 3144 S.
1139 3130 1174 3134 —
1199 3113 1240 3143 iis
1263 3113 1342 3143 ST:
1367 3113 1415 3143 his
1437 3114 1581 3145 FMAL
1596 3111 1666 3145 ΕΟ.
1686 3130 1721 3134 -
1748 3112 1800 3144 ⁶2⁶2.
1818 3116 1878 3144 au-

135 3162 224 3193 distis
245 3163 278 3194 S.
306 3181 340 3186 —
376 3165 429 3196 25.
455 3165 574 3195 auditis
600 3173 665 3196 non
691 3165 759 3196 sine
788 3166 820 3196 S.
849 3182 883 3186 -
913 3164 965 3195 026.
992 3163 1130 3194 brevitet·
1158 3163 1234 3193 ST:
1272 3162 1409 3194 breviter
1431 3172 1454 3194 a
1474 3172 1525 3195 me
1547 3161 1731 3195 RALQO.
1767 3180 1803 3186 —
1839 3164 1878 3196 de

137 3212 215 3242 ante
238 3219 270 3242 v.
295 3220 357 3251 quo
380 3221 449 3245 om.
476 3214 545 3245 ST.
583 3213 632 3245 Cf.
657 3213 866 3254 Madvigium
895 3212 938 3244 ad
969 3212 1039 3243 Cic.
1067 3212 1109 3243 de
1134 3212 1204 3242 Fin.
1229 3220 1263 3252 p.
1282 3212 1334 3242 7⁴.
1353 3212 1405 3243 98.
1433 3229 1467 3234 -
1495 3212 1548 3244 ⁶28.
1574 3220 1680 3244 omnes
1703 3212 1776 3245 ST:
1804 3221 1872 3246 om.

137 3258 317 3293 RALssO.
343 3279 378 3284 —
404 3263 456 3295 34.
483 3263 642 3295 Cannutio
665 3263 780 3295 STA:
816 3263 998 3295 Cannuntio
1015 3262 1055 3299 F;
1089 3261 1227 3293 canutio
1250 3262 1317 3292 ML
1332 3258 1350 3293 Q
1365 3262 1401 3294 O.
1430 3279 1465 3284 —
1492 3262 1543 3294 32.
1569 3264 1752 3295 dicerentur
1773 3263 1808 3295 F.
1836 3280 1871 3285 -

131 3309 215 3349 cum]
238 3319 303 3341 non
325 3312 346 3342 S
368 3320 421 3353 pr.
446 3320 493 3344 m.
521 3329 555 3334 —
582 3312 634 3344 33.
656 3316 761 3352 posset
783 3313 850 3344 ST.
