2175 3718
245 228 325 271 ’176
381 233 436 272 IN
463 233 683 273 VERREM
710 231 871 273 ACTIO
905 232 1145 273 SECUNDA
1176 233 1314 272 L1n.1.
1348 233 1443 273 ΕΑΡ.
1466 233 1572 272 LXI.
1603 231 1677 286 §§.
1700 231 1933 276 456-1158.

245 345 354 384 enim
398 344 747 396 praetereundum
787 351 848 385 est
885 358 937 384 ne
978 344 1018 383 id
1062 343 1245 397 quidem.
1304 346 1435 385 Petita
1476 345 1604 385 multa
1637 350 1697 385 est
1727 349 1837 400 apud
1868 349 1991 389 istum

244 412 476 458 praetorem
508 420 530 446 a
553 406 602 455 Q.
626 407 814 460 Opimio:
847 408 917 460 qui
949 406 1151 446 adductus
1183 412 1245 445 est
1275 407 1316 446 in
1340 407 1537 446 iudicium
1562 407 1710 455 verbo,
1743 409 1869 462 quod,
1901 424 1992 450 cum

244 473 353 508 esset
372 468 560 508 tribunus
584 469 728 521 plebis,
758 470 1055 509 intercessisset
1078 474 1217 507 contra
1240 469 1372 521 legem
1397 470 1650 515 Corneliam3
1682 483 1725 509 re
1746 484 1855 517 vera,
1882 472 1993 524 quod

243 531 285 570 in
317 530 526 570 tribunatu
559 531 731 571 dixisset
762 537 903 569 contra
934 531 1107 570 alicuius
1138 530 1317 569 hominis
1349 532 1501 570 nobilis
1528 532 1798 571 voluntatem.
1830 534 1889 572 De
1911 546 1994 586 quo

210 592 396 632 5iudici0
419 593 451 631 si
474 593 596 632 velim
620 594 754 633 dicere
781 593 931 639 omnia,
964 593 1080 631 multi
1102 593 1341 644 appellandi
1374 593 1653 646 laedendique
1680 601 1789 641 sunt,
1820 595 1859 633 id
1884 593 1995 647 quod

244 654 342 694 mihi
373 668 456 693 non
489 661 550 694 est
581 669 772 695 necesse:
817 661 973 695 tantum
1006 654 1138 693 dicam
1171 668 1327 707 paucos
1357 654 1566 701 homines,
1609 662 1653 695 ut
1696 657 1903 696 levissime
1937 656 1996 694 di-

244 731 355 766 cam,
387 723 626 770 arrogantes
656 718 734 756 hoc
766 717 954 756 adiutore
987 716 1036 763 Q.
1061 717 1270 768 Opimium
1301 730 1376 769 per
1405 717 1548 756 ludum
1581 724 1621 757 et.
1650 720 1788 758 iocum
1820 718 1995 758 fortunis

244 781 436 820 omnibus
468 781 677 819 evertisse.

364 840 448 881 1550.
499 844 532 881 ls
574 842 673 881 mihi
713 842 835 881 etiam
878 841 1065 893 queritur
1105 841 1215 894 quod
1259 839 1440 882 a‘nobis
1482 857 1523 882 ix
1556 843 1655 882 solis
1687 842 1832 881 diebus
1864 843 1997 894 prima

194 910 230 940 ⁴0
243 905 351 944 actio
383 906 446 944 sui
476 905 617 944 iudicii
650 909 853 942 transacta
876 904 950 949 sit,
983 916 1075 942 cum
1098 904 1206 955 apud
1232 903 1354 942 istum
1378 904 1512 956 ipsum
1539 905 1665 944 tribus
1688 905 1800 943 horis
1824 904 1872 951 Q.
1899 903 1998 955 Opi-

244 968 369 1013 mius,
402 972 568 1006 senator
597 966 740 1018 populi
773 967 967 1011 Romani,
999 965 1126 1011 bona,
1158 965 1372 1012 fortunas,
1404 972 1645 1006 ornamenta
1677 967 1816 1005 omnia
1847 965 1996 1004 amise-

242 1031 327 1068 rit?
368 1031 486 1068 cuius
524 1033 694 1081 propter
732 1027 1017 1079 indignitatem
1058 1027 1198 1066 iudicii
1231 1028 1471 1079 saepissime
1504 1034 1565 1067 est
1596 1035 1730 1067 actum
1763 1030 1804 1067 in
1837 1033 1994 1073 senatu,

242 1098 286 1130 ut
318 1105 448 1144 genus
477 1092 555 1130 hoe
589 1095 718 1129 totum
750 1090 971 1128 multarum
1003 1095 1127 1141 atque
1155 1089 1358 1128 eiusmodi
1381 1089 1630 1129 iudiciorum
1654 1091 1878 1129 tolleretur.
1912 1090 1995 1128 lam

242 1168 339 1194 vero
384 1155 424 1193 in
471 1154 591 1192 bonis
634 1152 683 1200 Q.
716 1152 869 1204 Opimii
910 1151 1138 1191 vendendis
1179 1164 1281 1204 quas
1325 1152 1402 1191 iste
1437 1153 1637 1204 praedas,
1684 1165 1808 1204 quam
1840 1157 1995 1203 aperte,

193 1223 230 1255 ⁴5
246 1230 369 1270 quam
400 1216 588 1268 improbe
618 1214 779 1261 fecerit,
818 1214 987 1265 longum
1020 1219 1081 1252 est
1112 1214 1261 1253 dicere.
1321 1214 1409 1253 Hoc
1440 1214 1555 1253 dico:
1597 1215 1674 1253 nisi
1705 1214 1821 1253 vobis
1851 1213 1891 1252 id
1921 1213 1996 1251 ho·-

243 1279 400 1317 minum
443 1278 829 1317 honestissimorum
870 1276 1018 1315 tabulis
1058 1276 1227 1328 planum
1265 1276 1422 1323 secero,
1469 1275 1564 1329 tingi
1604 1290 1627 1316 a
1658 1290 1723 1315 me
1753 1276 1833 1314 hoc
1864 1280 1995 1314 totum

245 1341 440 1394 temporis
471 1354 595 1379 causa
627 1344 827 1392 putatote.

356 1399 448 1441 ³157.
488 1403 571 1441 lam
603 1402 671 1455 qui
714 1414 765 1440 ex
797 1401 1028 1440 calamitate
1060 1401 1261 1440 senatoris
1292 1401 1438 1452 populi
1469 1401 1663 1447 Romani,
1705 1414 1798 1439 cum
1832 1405 1997 1452 praetor

243 1465 396 1505 iudicio
419 1465 506 1504 eius
528 1463 797 1516 praefuisset,
820 1463 952 1515 spolia
973 1462 1142 1501 domum
1165 1476 1278 1501 suam
1302 1462 1454 1501 referre
1481 1467 1519 1501 et
1543 1463 1756 1501 manubias
1780 1462 1995 1502 detrahere

193 1536 229 1567 20
244 1533 416 1567 conatus
448 1528 519 1573 sit,
550 1526 584 1564 is
615 1525 740 1564 ullam
773 1525 822 1563 ab
855 1538 944 1563 sese
976 1525 1247 1563 calamitatem
1280 1525 1431 1576 poterit
1463 1524 1704 1576 deprecari?
1757 1525 1862 1563 LXI.
1890 1526 1993 1562 Nam

244 1590 294 1629 de
334 1589 627 1629 subsortitione
666 1587 737 1626 illa
776 1587 949 1626 Iuniana
986 1587 1169 1626 iudicum
1212 1586 1312 1625 nihil
1352 1586 1458 1625 diro.
1519 1586 1630 1634 Quid
1663 1586 1770 1626 enim
1790 1588 1807 1624 ⁶?
1854 1592 1996 1625 contra

243 1653 425 1699 tabulas,
457 1664 560 1704 quas
592 1655 635 1689 tu
667 1649 899 1702 protulisti,
930 1650 1105 1688 audeam
1137 1650 1302 1688 dicere?
1348 1648 1522 1688 llislirile
1554 1655 1635 1696 est;
1674 1662 1758 1688 non
1791 1648 1899 1686 enim
1932 1659 1994 1685 me

242 1721 313 1755 tua
343 1714 478 1754 solum
510 1719 550 1752 et
590 1712 771 1752 iudicum
809 1712 1053 1758 auctoritas,
1096 1711 1166 1750 sed
1208 1712 1331 1750 etiam
1371 1712 1521 1750 anulus
1562 1724 1712 1750 aureus
1745 1711 1902 1749 scribae
1936 1708 1993 1747 tui

243 1780 434 1818 deterret.
493 1778 583 1815 Non
627 1774 760 1813 dicam
792 1774 853 1821 id,
894 1774 1006 1826 quod
1045 1774 1220 1825 probare
1252 1773 1420 1812 difficile
1452 1779 1538 1812 est:
1579 1774 1657 1812 hoc
1690 1773 1841 1818 dicam,
1884 1769 1994 1824 quod

191 1850 228 1879 ‘25
244 1839 479 1886 ostendam,
511 1838 663 1877 multos
696 1850 746 1875 ex
778 1841 817 1874 te
849 1836 958 1875 viros
989 1835 1208 1887 primarios
1230 1835 1417 1882 audisse,
1451 1849 1542 1874 cum
1565 1835 1722 1874 diceres
1744 1833 1900 1885 ignosci
1924 1831 1995 1870 tibi

243 1907 455 1955 oportere,
489 1900 601 1953 quod
632 1898 781 1937 falsum
814 1897 997 1936 codicem
1037 1897 1283 1950 protuleris3
1323 1911 1438 1944 nam,
1480 1911 1561 1950 qua
1592 1897 1744 1937 invidia
1777 1896 1820 1935 C.
1853 1894 1996 1933 lunius

242 1964 530 2016 conflagravit,
563 1975 633 2008 ea,
666 1960 743 1999 nisi
776 1959 1050 2012 providisses,
1081 1959 1155 1998 tibi
1187 1960 1267 2012 ipsi
1298 1964 1384 1999 tum
1416 1961 1675 2013 pereundum
1705 1958 1864 1997 suisset.

353 2023 446 2064 458.
478 2025 567 2063 IIoc
598 2023 721 2062 modo
752 2023 829 2062 iste
861 2022 937 2061 sibi
969 2027 1009 2061 et
1040 2022 1160 2061 saluti
1193 2035 1292 2061 suae
1320 2023 1559 2074 prospicere
1583 2021 1746 2067 didicit,
1778 2017 1996 2059 referendo

241 2087 283 2128 in
324 2087 484 2127 tabulas
527 2092 565 2126 et
604 2086 784 2138 privatas
825 2090 864 2124 et
903 2084 1113 2136 publicas,
1154 2084 1266 2137 quod
1310 2089 1470 2136 gestum
1502 2098 1585 2123 non
1618 2088 1750 2130 esset,
1797 2080 1996 2126 tollendo,

192 2151 355 2205 3oquod
394 2154 524 2196 esset,
567 2154 606 2188 et
645 2161 810 2200 semper
839 2146 995 2199 aliquid
1036 2146 1263 2194 demendo,
1306 2145 1528 2193 mutando,
1571 2143 1876 2197 interpolando.
1935 2143 1995 2182 Eo

242 2215 351 2253 enim
391 2224 525 2266 usque
563 2211 847 2263 progreditur,
889 2215 931 2247 ut
967 2222 1018 2247 ne
1050 2207 1333 2247 defensionem
1366 2207 1534 2260 quidem
1567 2205 1868 2246 maleficiorum
1900 2216 1996 2243 suo-

241 2289 333 2315 rum
364 2275 451 2314 sine
483 2274 573 2313 aliis
604 2271 815 2311 maleficiis
846 2271 1028 2323 reperire
1058 2270 1201 2322 possit.
1256 2269 1470 2308 Eiusmodi
1503 2268 1840 2308 subsortitionem
1870 2266 1995 2305 homo

243 2337 547 2377 amentissimus
586 2348 755 2374 suorum
796 2345 965 2386 quoque
1004 2332 1189 2371 iudicum
1228 2331 1316 2370 sore
1348 2331 1508 2383 putavit
1539 2343 1613 2382 per
1644 2328 1828 2369 sodalem
1860 2340 1995 2373 suum,

244 2400 294 2448 Q.
327 2399 536 2445 Curtium,
567 2397 745 2437 iudicem
777 2395 1032 2449 quaestionis
1064 2407 1186 2442 suae3
1225 2394 1288 2432 cui
1329 2406 1404 2445 ego
1438 2393 1516 2432 nisi
1546 2393 1585 2432 vi
1617 2391 1761 2444 populi
1793 2395 1834 2430 et
1861 2389 1997 2429 homi-

244 2470 1992 2488 ——-—.——.-———-———-—-———-——————————-———-

330 2517 359 2547 3.
386 2524 420 2546 rc
442 2524 521 2546 vera
546 2514 651 2556 Rrisc.
672 2514 710 2544 11.
738 2522 771 2552 p.
792 2513 884 2543 ·t55..
910 2521 945 2542 re
969 2511 1012 2542 de
1038 2511 1125 2542 coni.
1150 2511 1225 2542 Hot.
1246 2510 1288 2547 O}
1316 2510 1349 2540 in
1374 2508 1474 2540 codd.
1502 2517 1570 2539 om.
1598 2515 1738 2538 revera.
1761 2525 1795 2529 —
1822 2505 1852 2537 li.
1878 2505 1991 2536 volim-

242 2565 351 2607 talem]
381 2568 570 2605 potestatem
594 2566 671 2595 Asc.
699 2562 779 2593 edd.
805 2563 887 2592 vett.
914 2581 950 2586 ff
983 2562 1014 2591 5.
1041 2563 1113 2591 sunl
1135 2560 1256 2591 rodda
1284 2559 1347 2589 sint
1371 2567 1412 2589 ex
1437 2558 1524 2589 coni.
1546 2557 1623 2588 Ern.
1644 2557 1680 2587 O.
1704 2574 1738 2578 —
1767 2556 1798 2586 icl
1823 2565 1852 2594 q.
1881 2555 1991 2594 Lg29:

243 2626 312 2649 om.
338 2616 371 2647 id
395 2614 467 2647 rell.
493 2616 528 2645 O.
560 2631 593 2636 ›—
620 2613 650 2643 6.
677 2612 783 2642 (licam
805 2614 842 2649 Α,
869 2609 989 2649 vulgo:
1021 2610 1178 2648 appellem
1202 2609 1302 2647 1329.
1332 2627 1366 2630 —
1393 2608 1551 2639 lenissime
1575 2606 1664 2637 coni.
1691 2606 1815 2637 Osann.
1843 2604 1886 2635 ad
1911 2605 1993 2644 Rep.

242 2675 276 2708 p.
296 2667 384 2703 370.;
414 2668 448 2696 at
472 2664 513 2695 cs.
540 2662 651 2694 Halm.
678 2661 721 2692 ad
745 2662 831 2691 Sest.
859 2669 891 2700 p.
911 2659 983 2690 318.
1013 2677 1046 2680 -
1075 2660 1104 2689 t).
1131 2659 1180 2689 hic
1204 2659 1302 2689 eliam
1327 2667 1356 2696 q.
1384 2658 1507 2692 Priscst
1534 2656 1583 2686 liic
1606 2655 1684 2686 mihi
1708 2655 1806 2685 eliam
1831 2654 1864 2684 L.
1894 2671 1929 2675 —
1956 2652 1996 2683 ab

243 2718 332 2749 nobis
355 2716 455 2756 ng.
491 2716 569 2754 (non
595 2712 713 2752 Prisc.)
742 2729 775 2733 —
812 2711 861 2741 stt).
890 2711 984 2741 istum
1006 2709 1111 2748 ipsum
1136 2710 1258 2740 l’risc.:
1296 2709 1401 2747 ipsum
1425 2706 1525 2737 codd.
1553 2707 1589 2737 O.
1619 2724 1653 2727 —
1690 2706 1740 2736 433.
1768 2707 1866 2742 atque
1889 2702 1991 2733 codd.

243 2768 347 2799 Prisc.
370 2767 408 2796 ll.
435 2773 467 2805 p.
488 2764 582 2795 4565
608 2771 647 2792 ac
664 2763 701 2792 O.
724 2779 757 2783 —
785 2760 895 2790 eiusm.
917 2759 982 2790 iud.
1003 2760 1090 2797 Lg2‘.)
1115 2760 1240 2790 Prisc.:
1267 2759 1333 2788 iud..
1361 2758 1471 2788 elusm.
1493 2756 1554 2786 dtt.
1576 2756 1611 2785 Ο.
1635 2773 1668 2776 -
1696 2755 1747 2785 20.
1774 2754 1814 2784 sil
1832 2756 1854 2784 Α
1874 2754 1992 2785 Prisc.:

242 2822 286 2849 est
311 2816 413 2848 codd.
436 2817 472 2846 O.
495 2832 529 2836 —
556 2812 675 2843 calam.
702 2820 723 2841 α
745 2819 810 2841 sese
835 2810 938 2841 Prisc.
968 2828 1001 2831 -—
1029 2810 1080 2840 2²2.
1107 2810 1247 2839 audeam
1272 2808 1359 2847 LgE‘.)
1383 2805 1506 2845 xulgo:
1538 2806 1637 2835 andes
1660 2804 1721 2835 dtt.
1751 2821 1785 2825 —-
1812 2804 1864 2834 25.
1891 2811 1932 2834 ea:
1955 2803 1995 2843 le]

243 2868 289 2899 ait
313 2865 459 2898 velante
481 2865 585 2896 Prisc.
613 2861 648 2902 (a
670 2864 699 2892 le
723 2861 799 2891 cod.
826 2860 929 2899 Mon.)
958 2878 991 2881 —
1018 2860 1069 2890 Ἦ.
1095 2859 1313 2899 conflayraril
1337 2857 1424 2893 [5429
1450 2865 1480 2896 p.
1503 2864 1548 2886 ni.
1575 2855 1678 2885 Prisc.
1700 2853 1849 2885 I'utschii
1867 2853 1900 2883 et
1917 2851 1993 2882 cod.

243 2920 392 2950 Monae.:
417 2913 633 2955 conflayraril
655 2911 756 2942 codd.
784 2912 820 2941 O.
840 2912 873 2941 ct
891 2910 996 2941 prise.
1014 2907 1161 2945 Krelilii,
1188 2915 1292 2946 quenl
1318 2905 1413 2941 x‘ide3
1440 2906 1667 2945 conflayraral
1691 2903 1771 2934 edd.
1798 2904 1875 2943 post
1898 2902 1993 2931 Grut.

247 2985 281 2990 —
306 2967 416 3007 fuisset
439 2963 541 2997 codd.
569 2964 601 2994 et
626 2962 752 2993 Prisc.:
778 2961 874 3000 fuisse
898 2960 933 2990 Ο,
957 2977 990 2980 -
1018 2958 1069 2988 30.
1096 2957 1253 2988 walando
1278 2955 1365 2994 [4329
1390 2956 1475 2985 Non.
1503 2963 1537 2993 p.
1555 2952 1620 2985 342:
1647 2953 1823 2990 mullando,
1849 2950 1995 2981 curando

243 3026 282 3049 ne
304 3017 406 3047 lilura
422 3015 584 3054 appareat
601 3011 652 3042 dtt
672 3021 677 3048 3
704 3009 786 3041 secl.
803 3011 838 3041 O.
862 3027 895 3031 -—
923 3009 974 3039 32.
992 3008 1090 3047 possit
1109 3007 1196 3043 Lem
1222 3007 1255 3037 et
1278 3005 1345 3035 duo
1363 3003 1435 3034 alii:
1460 3006 1563 3042 posset
1588 3003 1649 3033 dtt.
1671 3017 1707 3024 —
1734 3000 1889 3033 eiusmodi
1907 2998 1995 3037 ng

244 3068 292 3097 A:
326 3066 466 3097 eiusdem
487 3062 574 3094 modi
598 3060 670 3092 rell.
698 3061 792 3099 ng.,
818 3060 854 3090 O.
883 3075 919 3080 —-
945 3057 1203 3088 subsortitionem
1227 3057 1274 3086 A:
1312 3053 1510 3084 sorlilionem
1535 3051 1636 3082 codd.
1659 3069 1693 3073 -
1720 3049 1772 3081 34..
1799 3048 1997 3088 quaestionis

244 3124 321 3146 suae
337 3115 376 3145 V:
403 3122 480 3144 suae
503 3121 571 3144 om.
600 3111 661 3142 (itt.
689 3111 725 3141 Ο.
760 3127 792 3131 —-
819 3118 876 3149 eqo
899 3108 959 3139 nisi
984 3107 1032 3137 V:
1060 3107 1120 3137 nisi
1143 3114 1200 3145 (²90
1225 3105 1283 3135 etl.
1305 3120 1339 3124 —
1367 3105 1464 3140 atque
1486 3102 1569 3132 hom.
1596 3099 1738 3139 VLg129.
1776 3099 1995 3137 Quamquam

245 3165 278 3195 h.
305 3164 326 3195 l.
358 3165 508 3205 optimus
533 3162 611 3194 cod.
639 3161 666 3191 V
696 3163 792 3199 alque
815 3158 939 3197 habet,
969 3159 1085 3188 tamen
1110 3157 1199 3187 lianc
1223 3154 1429 3194 scripturam
1456 3152 1612 3191 recipere
1643 3150 1720 3180 ideo
1745 3148 1992 3184 dubitavimus,

245 3214 337 3255 quod
362 3216 396 3245 et
419 3212 538 3254 optimi
563 3210 702 3243 codices
727 3210 759 3240 in
784 3209 836 3240 his
860 3207 1012 3239 minutiis
1037 3215 1141 3246 saepe
1166 3205 1331 3246 peccant,
1359 3203 1393 3232 et
1416 3201 1524 3232 Yatic.
1551 3201 1582 3230 in
1607 3198 1694 3229 libro
1719 3199 1742 3229 Ι.
1769 3197 1995 3228 verrinarum

245 3262 347 3304 paulo
372 3263 485 3294 minus
510 3260 690 3301 diligenter
706 3267 809 3299 quam
836 3257 914 3288 alibi
932 3258 985 3288 est
1001 3256 1168 3295 scriptus,
1195 3255 1229 3285 et
1249 3250 1374 3292 duplex
1398 3253 1495 3288 atque
1521 3250 1565 3279 ita
1586 3246 1810 3285 collocatum,
1838 3247 1875 3276 ut
1900 3245 1994 3285 prius

245 3311 404 3343 membra
430 3312 514 3349 duo,
552 3310 724 3352 posterius
749 3307 889 3339 alterius
913 3305 1063 3337 membri
1087 3306 1204 3346 partes
1229 3300 1384 3343 copulet,
1420 3301 1475 3331 vix
1509 3298 1701 3331 Tullianum
1733 3297 1795 3328 est.
1833 3293 1995 3325 Similiter

246 3361 424 3393 turbatum
448 3363 501 3393 est
524 3369 576 3393 ex.
595 3369 625 3392 c.
648 3359 689 3390 ΙΙ.
709 3358 740 3399 ἓ.
759 3357 811 3390 29.
836 3358 891 3389 111.
911 3356 940 3396 g.
960 3355 990 3387 6.
1010 3355 1061 3387 40.
1081 3354 1133 3387 49.
1153 3354 1206 3387 79.
1225 3352 1298 3385 489.
1316 3350 1407 3382 alibi.
