<?xml version="1.0" encoding="UTF-8"?>
<!DOCTYPE html PUBLIC "-//W3C//DTD XHTML 1.0 Transitional//EN"
    "http://www.w3.org/TR/xhtml1/DTD/xhtml1-transitional.dtd">
<html xmlns="http://www.w3.org/1999/xhtml" xml:lang="en" lang="en">
 <head>
  <title>
</title>
<meta http-equiv="Content-Type" content="text/html;charset=utf-8" />
  <meta name='ocr-system' content='tesseract 3.04.00' />
  <meta name='ocr-capabilities' content='ocr_page ocr_carea ocr_par ocr_line ocrx_word'/>
</head>
<body>
  <div class='ocr_page' id='page_1' title='image "./p1operaquaesupersu02ciceuoft_0618.png"; bbox 0 0 2143 3713; ppageno 0'>
   <div class='ocr_carea' id='block_1_1' title="bbox 275 205 1514 252">
    <p class='ocr_par' dir='ltr' id='par_1_1' title="bbox 275 205 1514 252">
     <span class='ocr_line' id='line_1_1' title="bbox 275 205 1514 252; baseline 0.006 -7"><span class='ocrx_word' id='word_1_1' title='bbox 275 205 358 245; x_wconf 71' lang='lat'>60³2</span> <span class='ocrx_word' id='word_1_2' title='bbox 773 208 842 248; x_wconf 92' lang='lat' dir='ltr'>DE</span> <span class='ocrx_word' id='word_1_3' title='bbox 872 208 1008 249; x_wconf 84' lang='lat' dir='ltr'><strong>LEGE</strong></span> <span class='ocrx_word' id='word_1_4' title='bbox 1039 209 1269 251; x_wconf 83' lang='lat' dir='ltr'>AGRARIA</span> <span class='ocrx_word' id='word_1_5' title='bbox 1300 211 1454 252; x_wconf 85' lang='lat' dir='ltr'>LIBER</span> <span class='ocrx_word' id='word_1_6' title='bbox 1484 214 1514 252; x_wconf 91' lang='grc' dir='ltr'>Ι.</span> 
     </span>
    </p>
   </div>
   <div class='ocr_carea' id='block_1_2' title="bbox 218 318 2022 2360">
    <p class='ocr_par' dir='ltr' id='par_1_2' title="bbox 218 318 2022 2360">
     <span class='ocr_line' id='line_1_2' title="bbox 272 318 2011 378; baseline 0.006 -23"><span class='ocrx_word' id='word_1_7' title='bbox 272 318 433 357; x_wconf 89' lang='lat' dir='ltr'>dicetur</span> <span class='ocrx_word' id='word_1_8' title='bbox 462 321 690 360; x_wconf 88' lang='lat' dir='ltr'>communis</span> <span class='ocrx_word' id='word_1_9' title='bbox 721 334 792 361; x_wconf 86' lang='lat' dir='ltr'>ora</span> <span class='ocrx_word' id='word_1_10' title='bbox 822 322 1039 373; x_wconf 69' lang='lat' dir='ltr'>Lyciorum</span> <span class='ocrx_word' id='word_1_11' title='bbox 1070 326 1193 374; x_wconf 86' lang='lat' dir='ltr'>atque</span> <span class='ocrx_word' id='word_1_12' title='bbox 1218 321 1409 363; x_wconf 87' lang='lat' dir='ltr'>Cilicum:</span> <span class='ocrx_word' id='word_1_13' title='bbox 1441 324 1572 376; x_wconf 73' lang='lat' dir='ltr'>Mysia</span> <span class='ocrx_word' id='word_1_14' title='bbox 1604 329 1643 363; x_wconf 81' lang='lat' dir='ltr'>et</span> <span class='ocrx_word' id='word_1_15' title='bbox 1672 325 1847 378; x_wconf 74' lang='lat' dir='ltr'>Phrygia</span> <span class='ocrx_word' id='word_1_16' title='bbox 1878 327 2011 366; x_wconf 85' lang='lat' dir='ltr'>eidem</span> 
     </span>
     <span class='ocr_line' id='line_1_3' title="bbox 273 380 951 436; baseline 0.006 -18"><span class='ocrx_word' id='word_1_17' title='bbox 273 380 508 420; x_wconf 85' lang='lat' dir='ltr'>condicioni</span> <span class='ocrx_word' id='word_1_18' title='bbox 541 381 705 435; x_wconf 82' lang='lat' dir='ltr'>legique</span> <span class='ocrx_word' id='word_1_19' title='bbox 734 384 951 436; x_wconf 85' lang='lat' dir='ltr'>parebunt.</span> 
     </span>
     <span class='ocr_line' id='line_1_4' title="bbox 383 439 2014 503; baseline 0.006 -23"><span class='ocrx_word' id='word_1_20' title='bbox 383 442 412 480; x_wconf 89' lang='lat' dir='ltr'>I.</span> <span class='ocrx_word' id='word_1_21' title='bbox 451 439 480 481; x_wconf 94' lang='lat' dir='ltr'>l.</span> <span class='ocrx_word' id='word_1_22' title='bbox 518 464 532 482; x_wconf 49' lang='grc' dir='ltr'><strong><em>ᾳ</em></strong></span> <span class='ocrx_word' id='word_1_23' title='bbox 558 462 576 479; x_wconf 42' lang='lat' dir='ltr'>&gt;Q</span> <span class='ocrx_word' id='word_1_24' title='bbox 609 444 725 492; x_wconf 83' lang='lat' dir='ltr'>Quae</span> <span class='ocrx_word' id='word_1_25' title='bbox 755 459 819 485; x_wconf 88' lang='lat' dir='ltr'>res</span> <span class='ocrx_word' id='word_1_26' title='bbox 851 451 988 498; x_wconf 82' lang='lat' dir='ltr'>aperte</span> <span class='ocrx_word' id='word_1_27' title='bbox 1020 446 1258 498; x_wconf 81' lang='lat' dir='ltr'>petebatur,</span> <span class='ocrx_word' id='word_1_28' title='bbox 1300 461 1347 487; x_wconf 88' lang='lat' dir='ltr'>ea</span> <span class='ocrx_word' id='word_1_29' title='bbox 1378 461 1486 487; x_wconf 85' lang='lat' dir='ltr'>nunc</span> <span class='ocrx_word' id='word_1_30' title='bbox 1518 448 1676 487; x_wconf 75' lang='lat' dir='ltr'>occulte</span> <span class='ocrx_word' id='word_1_31' title='bbox 1708 450 1908 489; x_wconf 87' lang='lat' dir='ltr'>cuniculis</span> <span class='ocrx_word' id='word_1_32' title='bbox 1940 464 2014 503; x_wconf 89' lang='lat' dir='ltr'>op-</span> 
     </span>
     <span class='ocr_line' id='line_1_5' title="bbox 271 506 2014 564; baseline 0.005 -22"><span class='ocrx_word' id='word_1_33' title='bbox 271 509 488 556; x_wconf 77' lang='lat' dir='ltr'>pugnatur.</span> <span class='ocrx_word' id='word_1_34' title='bbox 539 506 688 546; x_wconf 86' lang='lat' dir='ltr'>Dicent</span> <span class='ocrx_word' id='word_1_35' title='bbox 718 508 827 546; x_wconf 88' lang='lat' dir='ltr'>enim</span> <span class='ocrx_word' id='word_1_36' title='bbox 859 507 1105 554; x_wconf 88' lang='lat' dir='ltr'>decemviri,</span> <span class='ocrx_word' id='word_1_37' title='bbox 1137 507 1177 546; x_wconf 87' lang='lat' dir='ltr'>id</span> <span class='ocrx_word' id='word_1_38' title='bbox 1209 508 1320 560; x_wconf 84' lang='lat' dir='ltr'>quod</span> <span class='ocrx_word' id='word_1_39' title='bbox 1351 514 1389 548; x_wconf 89' lang='lat' dir='ltr'>et</span> <span class='ocrx_word' id='word_1_40' title='bbox 1421 510 1568 549; x_wconf 77' lang='lat' dir='ltr'>dicitur</span> <span class='ocrx_word' id='word_1_41' title='bbox 1598 523 1621 548; x_wconf 91' lang='lat' dir='ltr'>a</span> <span class='ocrx_word' id='word_1_42' title='bbox 1652 510 1790 549; x_wconf 90' lang='lat' dir='ltr'>multis</span> <span class='ocrx_word' id='word_1_43' title='bbox 1822 516 1862 550; x_wconf 83' lang='lat' dir='ltr'>et</span> <span class='ocrx_word' id='word_1_44' title='bbox 1891 525 2014 564; x_wconf 82' lang='lat' dir='ltr'>saepe</span> 
     </span>
     <span class='ocr_line' id='line_1_6' title="bbox 237 565 2015 625; baseline 0.006 -23"><span class='ocrx_word' id='word_1_45' title='bbox 237 565 424 605; x_wconf 67' lang='lat' dir='ltr'>sdictum</span> <span class='ocrx_word' id='word_1_46' title='bbox 468 572 550 614; x_wconf 91' lang='lat' dir='ltr'>est,</span> <span class='ocrx_word' id='word_1_47' title='bbox 595 574 686 621; x_wconf 88' lang='lat' dir='ltr'>post</span> <span class='ocrx_word' id='word_1_48' title='bbox 728 569 893 609; x_wconf 84' lang='lat' dir='ltr'>eosdem</span> <span class='ocrx_word' id='word_1_49' title='bbox 936 569 1126 609; x_wconf 81' lang='lat' dir='ltr'>consules</span> <span class='ocrx_word' id='word_1_50' title='bbox 1169 570 1275 621; x_wconf 81' lang='lat' dir='ltr'>regis</span> <span class='ocrx_word' id='word_1_51' title='bbox 1305 571 1529 611; x_wconf 82' lang='lat' dir='ltr'>Alexandri</span> <span class='ocrx_word' id='word_1_52' title='bbox 1569 576 1813 612; x_wconf 86' lang='lat' dir='ltr'>testamento</span> <span class='ocrx_word' id='word_1_53' title='bbox 1845 586 2015 625; x_wconf 84' lang='lat' dir='ltr'>regnum</span> 
     </span>
     <span class='ocr_line' id='line_1_7' title="bbox 268 625 2016 688; baseline 0.006 -23"><span class='ocrx_word' id='word_1_54' title='bbox 268 625 371 666; x_wconf 79' lang='lat' dir='ltr'>illud</span> <span class='ocrx_word' id='word_1_55' title='bbox 403 630 546 681; x_wconf 91' lang='lat' dir='ltr'>populi</span> <span class='ocrx_word' id='word_1_56' title='bbox 576 631 749 671; x_wconf 86' lang='lat' dir='ltr'>Romani</span> <span class='ocrx_word' id='word_1_57' title='bbox 781 645 870 671; x_wconf 86' lang='lat' dir='ltr'>esse</span> <span class='ocrx_word' id='word_1_58' title='bbox 910 631 1076 671; x_wconf 85' lang='lat' dir='ltr'>factum.</span> <span class='ocrx_word' id='word_1_59' title='bbox 1132 632 1291 671; x_wconf 85' lang='lat' dir='ltr'>Dabitis</span> <span class='ocrx_word' id='word_1_60' title='bbox 1333 633 1458 685; x_wconf 87' lang='lat' dir='ltr'>igitur</span> <span class='ocrx_word' id='word_1_61' title='bbox 1487 634 1782 673; x_wconf 81' lang='lat' dir='ltr'>Alexandriam</span> <span class='ocrx_word' id='word_1_62' title='bbox 1814 635 1918 674; x_wconf 89' lang='lat' dir='ltr'>clam</span> <span class='ocrx_word' id='word_1_63' title='bbox 1948 648 2016 688; x_wconf 88' lang='lat' dir='ltr'>pe-</span> 
     </span>
     <span class='ocr_line' id='line_1_8' title="bbox 272 690 2017 749; baseline 0.005 -22"><span class='ocrx_word' id='word_1_64' title='bbox 272 690 449 730; x_wconf 79' lang='lat' dir='ltr'>tentibus</span> <span class='ocrx_word' id='word_1_65' title='bbox 483 692 552 739; x_wconf 92' lang='lat' dir='ltr'>iis,</span> <span class='ocrx_word' id='word_1_66' title='bbox 585 693 734 746; x_wconf 90' lang='lat' dir='ltr'>quibus</span> <span class='ocrx_word' id='word_1_67' title='bbox 766 695 1025 746; x_wconf 86' lang='lat' dir='ltr'>apertissime</span> <span class='ocrx_word' id='word_1_68' title='bbox 1058 694 1335 746; x_wconf 84' lang='lat' dir='ltr'>pugnantibus</span> <span class='ocrx_word' id='word_1_69' title='bbox 1366 696 1584 735; x_wconf 86' lang='lat' dir='ltr'>restitistis.</span> <span class='ocrx_word' id='word_1_70' title='bbox 1637 696 1772 742; x_wconf 89' lang='lat' dir='ltr'>Ilaec,</span> <span class='ocrx_word' id='word_1_71' title='bbox 1814 710 1886 749; x_wconf 88' lang='lat' dir='ltr'>per</span> <span class='ocrx_word' id='word_1_72' title='bbox 1916 697 2017 737; x_wconf 90' lang='lat' dir='ltr'>deos</span> 
     </span>
     <span class='ocr_line' id='line_1_9' title="bbox 270 752 2016 806; baseline 0.005 -15"><span class='ocrx_word' id='word_1_73' title='bbox 270 752 547 793; x_wconf 87' lang='lat' dir='ltr'>immortales!</span> <span class='ocrx_word' id='word_1_74' title='bbox 580 762 714 794; x_wconf 89' lang='lat' dir='ltr'>utrum</span> <span class='ocrx_word' id='word_1_75' title='bbox 746 769 835 795; x_wconf 90' lang='lat' dir='ltr'>esse</span> <span class='ocrx_word' id='word_1_76' title='bbox 867 756 983 795; x_wconf 89' lang='lat' dir='ltr'>vobis</span> <span class='ocrx_word' id='word_1_77' title='bbox 1016 756 1188 795; x_wconf 80' lang='lat' dir='ltr'>consilia</span> <span class='ocrx_word' id='word_1_78' title='bbox 1220 756 1421 795; x_wconf 81' lang='lat' dir='ltr'>siccorum</span> <span class='ocrx_word' id='word_1_79' title='bbox 1443 770 1492 795; x_wconf 94' lang='lat' dir='ltr'>an</span> <span class='ocrx_word' id='word_1_80' title='bbox 1515 757 1821 797; x_wconf 79' lang='lat' dir='ltr'>vinolentorum</span> <span class='ocrx_word' id='word_1_81' title='bbox 1843 759 2016 806; x_wconf 88' lang='lat' dir='ltr'>somnia,</span> 
     </span>
     <span class='ocr_line' id='line_1_10' title="bbox 272 816 2016 870; baseline 0.004 -17"><span class='ocrx_word' id='word_1_82' title='bbox 272 819 312 853; x_wconf 84' lang='lat' dir='ltr'>et</span> <span class='ocrx_word' id='word_1_83' title='bbox 340 820 476 854; x_wconf 88' lang='lat' dir='ltr'>utrum</span> <span class='ocrx_word' id='word_1_84' title='bbox 509 816 683 869; x_wconf 74' lang='lat' dir='ltr'>cogitata</span> <span class='ocrx_word' id='word_1_85' title='bbox 716 817 963 869; x_wconf 85' lang='lat' dir='ltr'>sapientium</span> <span class='ocrx_word' id='word_1_86' title='bbox 997 830 1046 856; x_wconf 90' lang='lat' dir='ltr'>an</span> <span class='ocrx_word' id='word_1_87' title='bbox 1081 822 1221 870; x_wconf 88' lang='lat' dir='ltr'>optata</span> <span class='ocrx_word' id='word_1_88' title='bbox 1251 817 1498 858; x_wconf 80' lang='lat' dir='ltr'>furiosorum</span> <span class='ocrx_word' id='word_1_89' title='bbox 1532 819 1752 859; x_wconf 77' lang='lat' dir='ltr'>videntur?</span> <span class='ocrx_word' id='word_1_90' title='bbox 1800 819 1836 858; x_wconf 59' lang='grc' dir='ltr'>ἱ).</span> <span class='ocrx_word' id='word_1_91' title='bbox 1868 820 2016 860; x_wconf 83' lang='lat' dir='ltr'>Videte</span> 
     </span>
     <span class='ocr_line' id='line_1_11' title="bbox 225 878 2017 933; baseline 0.004 -20"><span class='ocrx_word' id='word_1_92' title='bbox 225 886 382 916; x_wconf 69' lang='lat' dir='ltr'>renunc</span> <span class='ocrx_word' id='word_1_93' title='bbox 414 878 604 930; x_wconf 85' lang='lat' dir='ltr'>proximo</span> <span class='ocrx_word' id='word_1_94' title='bbox 637 880 794 931; x_wconf 72' lang='lat' dir='ltr'>capite,</span> <span class='ocrx_word' id='word_1_95' title='bbox 826 885 869 917; x_wconf 91' lang='lat' dir='ltr'>ut</span> <span class='ocrx_word' id='word_1_96' title='bbox 900 879 1088 932; x_wconf 88' lang='lat' dir='ltr'>impurus</span> <span class='ocrx_word' id='word_1_97' title='bbox 1119 880 1245 918; x_wconf 89' lang='lat' dir='ltr'>heluo</span> <span class='ocrx_word' id='word_1_98' title='bbox 1280 880 1413 919; x_wconf 87' lang='lat' dir='ltr'>turbet</span> <span class='ocrx_word' id='word_1_99' title='bbox 1443 894 1528 919; x_wconf 85' lang='lat' dir='ltr'>rem</span> <span class='ocrx_word' id='word_1_100' title='bbox 1560 881 1790 933; x_wconf 78' lang='lat' dir='ltr'>publicam,</span> <span class='ocrx_word' id='word_1_101' title='bbox 1823 887 1867 921; x_wconf 92' lang='lat' dir='ltr'>ut</span> <span class='ocrx_word' id='word_1_102' title='bbox 1888 895 1911 920; x_wconf 89' lang='lat' dir='ltr'>a</span> <span class='ocrx_word' id='word_1_103' title='bbox 1932 895 2017 921; x_wconf 87' lang='lat' dir='ltr'>ma—</span> 
     </span>
     <span class='ocr_line' id='line_1_12' title="bbox 271 938 2017 995; baseline 0.004 -19"><span class='ocrx_word' id='word_1_104' title='bbox 271 938 427 979; x_wconf 87' lang='lat' dir='ltr'>ioribus</span> <span class='ocrx_word' id='word_1_105' title='bbox 468 942 620 980; x_wconf 87' lang='lat' dir='ltr'>nostris</span> <span class='ocrx_word' id='word_1_106' title='bbox 660 941 948 993; x_wconf 86' lang='lat' dir='ltr'>possessiones</span> <span class='ocrx_word' id='word_1_107' title='bbox 986 942 1148 981; x_wconf 81' lang='lat' dir='ltr'>relictas</span> <span class='ocrx_word' id='word_1_108' title='bbox 1190 941 1399 993; x_wconf 87' lang='lat' dir='ltr'>disperdat</span> <span class='ocrx_word' id='word_1_109' title='bbox 1439 956 1484 981; x_wconf 75' lang='lat' dir='ltr'>ac</span> <span class='ocrx_word' id='word_1_110' title='bbox 1525 943 1720 995; x_wconf 84' lang='lat' dir='ltr'>dissipet,</span> <span class='ocrx_word' id='word_1_111' title='bbox 1761 950 1801 983; x_wconf 89' lang='lat' dir='ltr'>ut</span> <span class='ocrx_word' id='word_1_112' title='bbox 1843 944 1895 984; x_wconf 87' lang='lat' dir='ltr'>sit</span> <span class='ocrx_word' id='word_1_113' title='bbox 1934 958 2017 983; x_wconf 89' lang='lat' dir='ltr'>non</span> 
     </span>
     <span class='ocr_line' id='line_1_13' title="bbox 271 1001 2017 1057; baseline 0.003 -19"><span class='ocrx_word' id='word_1_114' title='bbox 271 1001 407 1040; x_wconf 90' lang='lat' dir='ltr'>minus</span> <span class='ocrx_word' id='word_1_115' title='bbox 449 1003 489 1041; x_wconf 91' lang='lat' dir='ltr'>in</span> <span class='ocrx_word' id='word_1_116' title='bbox 528 1003 671 1055; x_wconf 90' lang='lat' dir='ltr'>populi</span> <span class='ocrx_word' id='word_1_117' title='bbox 702 1003 874 1042; x_wconf 84' lang='lat' dir='ltr'>Romani</span> <span class='ocrx_word' id='word_1_118' title='bbox 917 1003 1169 1055; x_wconf 87' lang='lat' dir='ltr'>patrimonio</span> <span class='ocrx_word' id='word_1_119' title='bbox 1202 1017 1331 1056; x_wconf 89' lang='lat' dir='ltr'>nepos</span> <span class='ocrx_word' id='word_1_120' title='bbox 1363 1018 1483 1057; x_wconf 89' lang='lat' dir='ltr'>quam</span> <span class='ocrx_word' id='word_1_121' title='bbox 1517 1006 1556 1044; x_wconf 91' lang='lat' dir='ltr'>in</span> <span class='ocrx_word' id='word_1_122' title='bbox 1590 1019 1678 1044; x_wconf 86' lang='lat' dir='ltr'>suo.</span> <span class='ocrx_word' id='word_1_123' title='bbox 1728 1006 1947 1046; x_wconf 82' lang='lat' dir='ltr'>Perscribit</span> <span class='ocrx_word' id='word_1_124' title='bbox 1976 1006 2017 1045; x_wconf 90' lang='lat' dir='ltr'>in</span> 
     </span>
     <span class='ocr_line' id='line_1_14' title="bbox 271 1065 2019 1119; baseline 0.003 -17"><span class='ocrx_word' id='word_1_125' title='bbox 271 1078 343 1103; x_wconf 87' lang='lat' dir='ltr'>sua</span> <span class='ocrx_word' id='word_1_126' title='bbox 374 1065 463 1117; x_wconf 87' lang='lat' dir='ltr'>lege</span> <span class='ocrx_word' id='word_1_127' title='bbox 496 1065 736 1117; x_wconf 83' lang='lat' dir='ltr'>vectigalia,</span> <span class='ocrx_word' id='word_1_128' title='bbox 769 1079 874 1117; x_wconf 85' lang='lat' dir='ltr'>quae</span> <span class='ocrx_word' id='word_1_129' title='bbox 907 1065 1127 1105; x_wconf 82' lang='lat' dir='ltr'>decemviri</span> <span class='ocrx_word' id='word_1_130' title='bbox 1160 1065 1361 1112; x_wconf 78' lang='lat' dir='ltr'>vendant,</span> <span class='ocrx_word' id='word_1_131' title='bbox 1394 1066 1470 1105; x_wconf 77' lang='lat' dir='ltr'>hoc</span> <span class='ocrx_word' id='word_1_132' title='bbox 1503 1073 1584 1113; x_wconf 84' lang='lat' dir='ltr'>cst,</span> <span class='ocrx_word' id='word_1_133' title='bbox 1616 1068 1837 1119; x_wconf 75' lang='lat' dir='ltr'>proscribit</span> <span class='ocrx_word' id='word_1_134' title='bbox 1862 1068 2019 1108; x_wconf 86' lang='lat' dir='ltr'>auctio-</span> 
     </span>
     <span class='ocr_line' id='line_1_15' title="bbox 270 1127 2019 1183; baseline 0.003 -18"><span class='ocrx_word' id='word_1_135' title='bbox 270 1140 364 1165; x_wconf 91' lang='lat' dir='ltr'>nem</span> <span class='ocrx_word' id='word_1_136' title='bbox 395 1127 654 1179; x_wconf 82' lang='lat' dir='ltr'>puhlicorum</span> <span class='ocrx_word' id='word_1_137' title='bbox 685 1128 903 1167; x_wconf 89' lang='lat' dir='ltr'>bonorum.</span> <span class='ocrx_word' id='word_1_138' title='bbox 946 1129 1077 1179; x_wconf 78' lang='lat' dir='ltr'>Agros</span> <span class='ocrx_word' id='word_1_139' title='bbox 1109 1127 1188 1166; x_wconf 90' lang='lat' dir='ltr'>emi</span> <span class='ocrx_word' id='word_1_140' title='bbox 1220 1127 1333 1174; x_wconf 89' lang='lat' dir='ltr'>vult,</span> <span class='ocrx_word' id='word_1_141' title='bbox 1367 1129 1436 1181; x_wconf 90' lang='lat' dir='ltr'>qui</span> <span class='ocrx_word' id='word_1_142' title='bbox 1460 1129 1718 1168; x_wconf 87' lang='lat' dir='ltr'>dividantur:</span> <span class='ocrx_word' id='word_1_143' title='bbox 1754 1131 1917 1182; x_wconf 88' lang='lat' dir='ltr'>quaerit</span> <span class='ocrx_word' id='word_1_144' title='bbox 1948 1145 2019 1183; x_wconf 85' lang='lat' dir='ltr'>pe-</span> 
     </span>
     <span class='ocr_line' id='line_1_16' title="bbox 222 1189 2018 1244; baseline 0.002 -16"><span class='ocrx_word' id='word_1_145' title='bbox 222 1196 255 1223; x_wconf 60' lang='lat'>15</span> <span class='ocrx_word' id='word_1_146' title='bbox 270 1189 445 1228; x_wconf 82' lang='lat' dir='ltr'>cuniam.</span> <span class='ocrx_word' id='word_1_147' title='bbox 502 1189 704 1229; x_wconf 75' lang='lat' dir='ltr'>Videlicet</span> <span class='ocrx_word' id='word_1_148' title='bbox 742 1190 991 1241; x_wconf 76' lang='lat' dir='ltr'>excogitabit</span> <span class='ocrx_word' id='word_1_149' title='bbox 1030 1189 1190 1242; x_wconf 89' lang='lat' dir='ltr'>aliquid</span> <span class='ocrx_word' id='word_1_150' title='bbox 1231 1195 1354 1242; x_wconf 86' lang='lat' dir='ltr'>atque</span> <span class='ocrx_word' id='word_1_151' title='bbox 1386 1191 1540 1230; x_wconf 83' lang='lat' dir='ltr'>afferet.</span> <span class='ocrx_word' id='word_1_152' title='bbox 1599 1193 1700 1230; x_wconf 77' lang='lat' dir='ltr'>Nam</span> <span class='ocrx_word' id='word_1_153' title='bbox 1732 1193 2018 1244; x_wconf 85' lang='lat' dir='ltr'>superioribus</span> 
     </span>
     <span class='ocr_line' id='line_1_17' title="bbox 270 1251 2019 1306; baseline 0.002 -16"><span class='ocrx_word' id='word_1_154' title='bbox 270 1251 474 1303; x_wconf 86' lang='lat' dir='ltr'>capitibus</span> <span class='ocrx_word' id='word_1_155' title='bbox 506 1251 686 1303; x_wconf 81' lang='lat' dir='ltr'>dignitas</span> <span class='ocrx_word' id='word_1_156' title='bbox 717 1252 863 1304; x_wconf 92' lang='lat' dir='ltr'>populi</span> <span class='ocrx_word' id='word_1_157' title='bbox 895 1252 1067 1290; x_wconf 84' lang='lat' dir='ltr'>Romani</span> <span class='ocrx_word' id='word_1_158' title='bbox 1091 1251 1345 1299; x_wconf 85' lang='lat' dir='ltr'>violabatur,</span> <span class='ocrx_word' id='word_1_159' title='bbox 1380 1266 1526 1292; x_wconf 77' lang='lat' dir='ltr'>nomen</span> <span class='ocrx_word' id='word_1_160' title='bbox 1555 1254 1714 1306; x_wconf 88' lang='lat' dir='ltr'>imperii</span> <span class='ocrx_word' id='word_1_161' title='bbox 1738 1255 1778 1292; x_wconf 92' lang='lat' dir='ltr'>in</span> <span class='ocrx_word' id='word_1_162' title='bbox 1802 1267 2019 1294; x_wconf 77' lang='lat' dir='ltr'>commune</span> 
     </span>
     <span class='ocr_line' id='line_1_18' title="bbox 271 1312 2020 1368; baseline 0.003 -18"><span class='ocrx_word' id='word_1_163' title='bbox 271 1312 412 1351; x_wconf 87' lang='lat' dir='ltr'>odium</span> <span class='ocrx_word' id='word_1_164' title='bbox 445 1313 554 1352; x_wconf 88' lang='lat' dir='ltr'>orbis</span> <span class='ocrx_word' id='word_1_165' title='bbox 586 1318 717 1353; x_wconf 88' lang='lat' dir='ltr'>terrae</span> <span class='ocrx_word' id='word_1_166' title='bbox 750 1314 993 1361; x_wconf 76' lang='lat' dir='ltr'>vocabatur,</span> <span class='ocrx_word' id='word_1_167' title='bbox 1024 1313 1146 1353; x_wconf 87' lang='lat' dir='ltr'>urbes</span> <span class='ocrx_word' id='word_1_168' title='bbox 1178 1318 1371 1365; x_wconf 76' lang='lat' dir='ltr'>pat-atae,</span> <span class='ocrx_word' id='word_1_169' title='bbox 1402 1315 1487 1366; x_wconf 75' lang='lat' dir='ltr'>agri</span> <span class='ocrx_word' id='word_1_170' title='bbox 1515 1316 1744 1362; x_wconf 79' lang='lat' dir='ltr'>sociorum,</span> <span class='ocrx_word' id='word_1_171' title='bbox 1775 1329 1917 1368; x_wconf 84' lang='lat' dir='ltr'>regum</span> <span class='ocrx_word' id='word_1_172' title='bbox 1940 1323 2020 1356; x_wconf 89' lang='lat' dir='ltr'>sta-</span> 
     </span>
     <span class='ocr_line' id='line_1_19' title="bbox 269 1375 2017 1430; baseline 0.002 -16"><span class='ocrx_word' id='word_1_173' title='bbox 269 1380 334 1414; x_wconf 89' lang='lat' dir='ltr'>tus</span> <span class='ocrx_word' id='word_1_174' title='bbox 373 1375 617 1415; x_wconf 86' lang='lat' dir='ltr'>decemviris</span> <span class='ocrx_word' id='word_1_175' title='bbox 660 1376 944 1415; x_wconf 85' lang='lat' dir='ltr'>donabantur:</span> <span class='ocrx_word' id='word_1_176' title='bbox 991 1389 1100 1414; x_wconf 85' lang='lat' dir='ltr'>nunc</span> <span class='ocrx_word' id='word_1_177' title='bbox 1144 1388 1362 1427; x_wconf 65' lang='lat' dir='ltr'>praesens*‚</span> <span class='ocrx_word' id='word_1_178' title='bbox 1409 1382 1519 1415; x_wconf 70' lang='lat' dir='ltr'>certa</span> <span class='ocrx_word' id='word_1_179' title='bbox 1560 1378 1736 1429; x_wconf 87' lang='lat' dir='ltr'>pecunia</span> <span class='ocrx_word' id='word_1_180' title='bbox 1777 1375 2017 1430; x_wconf 81' lang='lat' dir='ltr'>[numerata]</span> 
     </span>
     <span class='ocr_line' id='line_1_20' title="bbox 273 1436 2019 1491; baseline 0.001 -15"><span class='ocrx_word' id='word_1_181' title='bbox 273 1437 497 1490; x_wconf 88' lang='lat' dir='ltr'>quaeritur.</span> <span class='ocrx_word' id='word_1_182' title='bbox 545 1436 582 1477; x_wconf 76' lang='lat'>23.</span> <span class='ocrx_word' id='word_1_183' title='bbox 613 1439 841 1490; x_wconf 76' lang='lat' dir='ltr'>Exspecto,</span> <span class='ocrx_word' id='word_1_184' title='bbox 876 1437 978 1490; x_wconf 88' lang='lat' dir='ltr'>quid</span> <span class='ocrx_word' id='word_1_185' title='bbox 1002 1437 1193 1476; x_wconf 86' lang='lat' dir='ltr'>tribunus</span> <span class='ocrx_word' id='word_1_186' title='bbox 1224 1437 1353 1490; x_wconf 74' lang='lat' dir='ltr'>plebis</span> <span class='ocrx_word' id='word_1_187' title='bbox 1377 1438 1550 1489; x_wconf 79' lang='lat' dir='ltr'>vigilans</span> <span class='ocrx_word' id='word_1_188' title='bbox 1574 1444 1611 1478; x_wconf 84' lang='lat' dir='ltr'>et</span> <span class='ocrx_word' id='word_1_189' title='bbox 1633 1444 1778 1478; x_wconf 83' lang='lat' dir='ltr'>acutus</span> <span class='ocrx_word' id='word_1_190' title='bbox 1801 1439 2019 1491; x_wconf 71' lang='lat' dir='ltr'>excogitet.</span> 
     </span>
     <span class='ocr_line' id='line_1_21' title="bbox 218 1499 2019 1553; baseline 0.003 -18"><span class='ocrx_word' id='word_1_191' title='bbox 218 1500 449 1545; x_wconf 66' lang='lat' dir='ltr'>‘20Veneat‚</span> <span class='ocrx_word' id='word_1_192' title='bbox 491 1500 648 1553; x_wconf 84' lang='lat' dir='ltr'>inquit,</span> <span class='ocrx_word' id='word_1_193' title='bbox 693 1500 797 1538; x_wconf 83' lang='lat' dir='ltr'>silva</span> <span class='ocrx_word' id='word_1_194' title='bbox 838 1499 1014 1538; x_wconf 71' lang='lat' dir='ltr'>Scantia.</span> <span class='ocrx_word' id='word_1_195' title='bbox 1078 1499 1219 1538; x_wconf 86' lang='lat' dir='ltr'>Utrum</span> <span class='ocrx_word' id='word_1_196' title='bbox 1263 1500 1425 1539; x_wconf 83' lang='lat' dir='ltr'>tandem</span> <span class='ocrx_word' id='word_1_197' title='bbox 1468 1500 1572 1538; x_wconf 75' lang='lat' dir='ltr'>bant·</span> <span class='ocrx_word' id='word_1_198' title='bbox 1614 1501 1757 1540; x_wconf 85' lang='lat' dir='ltr'>silvam</span> <span class='ocrx_word' id='word_1_199' title='bbox 1790 1501 1830 1539; x_wconf 94' lang='lat' dir='ltr'>in</span> <span class='ocrx_word' id='word_1_200' title='bbox 1865 1501 2019 1540; x_wconf 85' lang='lat' dir='ltr'>relictis</span> 
     </span>
     <span class='ocr_line' id='line_1_22' title="bbox 270 1561 2016 1615; baseline 0.001 -15"><span class='ocrx_word' id='word_1_201' title='bbox 270 1561 604 1613; x_wconf 85' lang='lat' dir='ltr'>possessionibus</span> <span class='ocrx_word' id='word_1_202' title='bbox 636 1575 684 1600; x_wconf 88' lang='lat' dir='ltr'>an</span> <span class='ocrx_word' id='word_1_203' title='bbox 721 1563 759 1601; x_wconf 94' lang='lat' dir='ltr'>in</span> <span class='ocrx_word' id='word_1_204' title='bbox 793 1575 1012 1601; x_wconf 79' lang='lat' dir='ltr'>censorum</span> <span class='ocrx_word' id='word_1_205' title='bbox 1045 1561 1209 1613; x_wconf 75' lang='lat' dir='ltr'>pascuis</span> <span class='ocrx_word' id='word_1_206' title='bbox 1242 1562 1466 1600; x_wconf 72' lang='lat' dir='ltr'>invenisti?</span> <span class='ocrx_word' id='word_1_207' title='bbox 1508 1563 1550 1601; x_wconf 68' lang='lat' dir='ltr'>Si</span> <span class='ocrx_word' id='word_1_208' title='bbox 1574 1562 1672 1615; x_wconf 92' lang='lat' dir='ltr'>quid</span> <span class='ocrx_word' id='word_1_209' title='bbox 1696 1567 1778 1609; x_wconf 91' lang='lat' dir='ltr'>est,</span> <span class='ocrx_word' id='word_1_210' title='bbox 1811 1563 1923 1615; x_wconf 89' lang='lat' dir='ltr'>quod</span> <span class='ocrx_word' id='word_1_211' title='bbox 1955 1562 2016 1601; x_wconf 92' lang='lat' dir='ltr'>in-</span> 
     </span>
     <span class='ocr_line' id='line_1_23' title="bbox 269 1623 2019 1677; baseline 0.001 -15"><span class='ocrx_word' id='word_1_212' title='bbox 269 1624 458 1675; x_wconf 83' lang='lat' dir='ltr'>dagaris,</span> <span class='ocrx_word' id='word_1_213' title='bbox 500 1624 730 1669; x_wconf 86' lang='lat' dir='ltr'>inveneris,</span> <span class='ocrx_word' id='word_1_214' title='bbox 772 1638 823 1663; x_wconf 71' lang='lat' dir='ltr'>ex</span> <span class='ocrx_word' id='word_1_215' title='bbox 858 1623 1040 1663; x_wconf 85' lang='lat' dir='ltr'>tenebris</span> <span class='ocrx_word' id='word_1_216' title='bbox 1078 1623 1256 1669; x_wconf 84' lang='lat' dir='ltr'>erueris,</span> <span class='ocrx_word' id='word_1_217' title='bbox 1288 1636 1537 1676; x_wconf 82' lang='lat' dir='ltr'>quamquam</span> <span class='ocrx_word' id='word_1_218' title='bbox 1576 1624 1763 1677; x_wconf 90' lang='lat' dir='ltr'>iniquum</span> <span class='ocrx_word' id='word_1_219' title='bbox 1800 1629 1884 1671; x_wconf 85' lang='lat' dir='ltr'>est,</span> <span class='ocrx_word' id='word_1_220' title='bbox 1924 1638 2019 1663; x_wconf 85' lang='lat' dir='ltr'>con-</span> 
     </span>
     <span class='ocr_line' id='line_1_24' title="bbox 269 1685 2018 1739; baseline 0.001 -15"><span class='ocrx_word' id='word_1_221' title='bbox 269 1699 382 1725; x_wconf 85' lang='lat' dir='ltr'>sume</span> <span class='ocrx_word' id='word_1_222' title='bbox 415 1698 526 1732; x_wconf 87' lang='lat' dir='ltr'>sane,</span> <span class='ocrx_word' id='word_1_223' title='bbox 558 1686 670 1739; x_wconf 91' lang='lat' dir='ltr'>quod</span> <span class='ocrx_word' id='word_1_224' title='bbox 702 1686 963 1725; x_wconf 80' lang='lat' dir='ltr'>commodum</span> <span class='ocrx_word' id='word_1_225' title='bbox 997 1690 1080 1732; x_wconf 87' lang='lat' dir='ltr'>est,</span> <span class='ocrx_word' id='word_1_226' title='bbox 1113 1686 1310 1738; x_wconf 86' lang='lat' dir='ltr'>quoniam</span> <span class='ocrx_word' id='word_1_227' title='bbox 1343 1685 1511 1738; x_wconf 86' lang='lat' dir='ltr'>quidem</span> <span class='ocrx_word' id='word_1_228' title='bbox 1544 1690 1588 1724; x_wconf 90' lang='lat' dir='ltr'>tu</span> <span class='ocrx_word' id='word_1_229' title='bbox 1620 1686 1807 1725; x_wconf 88' lang='lat' dir='ltr'>attulisti.</span> <span class='ocrx_word' id='word_1_230' title='bbox 1866 1686 2018 1726; x_wconf 87' lang='lat' dir='ltr'>Silvam</span> 
     </span>
     <span class='ocr_line' id='line_1_25' title="bbox 271 1747 2018 1800; baseline 0.002 -15"><span class='ocrx_word' id='word_1_231' title='bbox 271 1761 366 1787; x_wconf 86' lang='lat' dir='ltr'>vero</span> <span class='ocrx_word' id='word_1_232' title='bbox 398 1752 441 1786; x_wconf 85' lang='lat' dir='ltr'>tu</span> <span class='ocrx_word' id='word_1_233' title='bbox 474 1748 677 1787; x_wconf 77' lang='lat' dir='ltr'>Scantiam</span> <span class='ocrx_word' id='word_1_234' title='bbox 711 1748 865 1787; x_wconf 87' lang='lat' dir='ltr'>vendas</span> <span class='ocrx_word' id='word_1_235' title='bbox 897 1748 1019 1787; x_wconf 90' lang='lat' dir='ltr'>nobis</span> <span class='ocrx_word' id='word_1_236' title='bbox 1051 1748 1292 1787; x_wconf 80' lang='lat' dir='ltr'>consulibus</span> <span class='ocrx_word' id='word_1_237' title='bbox 1324 1753 1448 1800; x_wconf 87' lang='lat' dir='ltr'>atque</span> <span class='ocrx_word' id='word_1_238' title='bbox 1487 1747 1567 1786; x_wconf 80' lang='lat' dir='ltr'>hoe</span> <span class='ocrx_word' id='word_1_239' title='bbox 1598 1753 1743 1787; x_wconf 89' lang='lat' dir='ltr'>senatu</span> <span class='ocrx_word' id='word_1_240' title='bbox 1756 1751 1773 1787; x_wconf 70' lang='lat' dir='ltr'>&#39;l</span> <span class='ocrx_word' id='word_1_241' title='bbox 1814 1753 1857 1787; x_wconf 92' lang='lat' dir='ltr'>tu</span> <span class='ocrx_word' id='word_1_242' title='bbox 1888 1749 2018 1788; x_wconf 92' lang='lat' dir='ltr'>ullum</span> 
     </span>
     <span class='ocr_line' id='line_1_26' title="bbox 219 1809 2019 1864; baseline 0.002 -17"><span class='ocrx_word' id='word_1_243' title='bbox 219 1820 256 1847; x_wconf 66' lang='lat'>95</span> <span class='ocrx_word' id='word_1_244' title='bbox 270 1809 443 1862; x_wconf 81' lang='lat' dir='ltr'>vectigal</span> <span class='ocrx_word' id='word_1_245' title='bbox 475 1809 653 1861; x_wconf 82' lang='lat' dir='ltr'>attingas</span> <span class='ocrx_word' id='word_1_246' title='bbox 667 1812 684 1848; x_wconf 71' lang='lat' dir='ltr'>‘l</span> <span class='ocrx_word' id='word_1_247' title='bbox 717 1815 758 1849; x_wconf 92' lang='lat' dir='ltr'>tu</span> <span class='ocrx_word' id='word_1_248' title='bbox 790 1810 947 1862; x_wconf 90' lang='lat' dir='ltr'>populo</span> <span class='ocrx_word' id='word_1_249' title='bbox 980 1811 1166 1849; x_wconf 85' lang='lat' dir='ltr'>Romano</span> <span class='ocrx_word' id='word_1_250' title='bbox 1199 1810 1388 1849; x_wconf 87' lang='lat' dir='ltr'>subsidia</span> <span class='ocrx_word' id='word_1_251' title='bbox 1419 1810 1539 1856; x_wconf 83' lang='lat' dir='ltr'>belli,</span> <span class='ocrx_word' id='word_1_252' title='bbox 1573 1815 1613 1849; x_wconf 92' lang='lat' dir='ltr'>tu</span> <span class='ocrx_word' id='word_1_253' title='bbox 1636 1814 1878 1850; x_wconf 88' lang='lat' dir='ltr'>ornamenta</span> <span class='ocrx_word' id='word_1_254' title='bbox 1908 1812 2019 1864; x_wconf 86' lang='lat' dir='ltr'>pacis</span> 
     </span>
     <span class='ocr_line' id='line_1_27' title="bbox 269 1871 2022 1926; baseline 0.001 -16"><span class='ocrx_word' id='word_1_255' title='bbox 269 1872 451 1924; x_wconf 75' lang='lat' dir='ltr'>eripias?</span> <span class='ocrx_word' id='word_1_256' title='bbox 483 1872 587 1910; x_wconf 84' lang='lat' dir='ltr'>Tum</span> <span class='ocrx_word' id='word_1_257' title='bbox 619 1885 715 1911; x_wconf 86' lang='lat' dir='ltr'>vero</span> <span class='ocrx_word' id='word_1_258' title='bbox 747 1871 827 1910; x_wconf 81' lang='lat' dir='ltr'>hoe</span> <span class='ocrx_word' id='word_1_259' title='bbox 859 1885 922 1911; x_wconf 86' lang='lat' dir='ltr'>me</span> <span class='ocrx_word' id='word_1_260' title='bbox 955 1872 1193 1911; x_wconf 78' lang='lat' dir='ltr'>inertiorem</span> <span class='ocrx_word' id='word_1_261' title='bbox 1226 1872 1434 1911; x_wconf 82' lang='lat' dir='ltr'>consulem</span> <span class='ocrx_word' id='word_1_262' title='bbox 1461 1872 1652 1911; x_wconf 86' lang='lat' dir='ltr'>iudicabo</span> <span class='ocrx_word' id='word_1_263' title='bbox 1675 1885 1798 1926; x_wconf 88' lang='lat' dir='ltr'>quam</span> <span class='ocrx_word' id='word_1_264' title='bbox 1824 1871 1918 1912; x_wconf 89' lang='lat' dir='ltr'>illos</span> <span class='ocrx_word' id='word_1_265' title='bbox 1939 1872 2022 1912; x_wconf 88' lang='lat' dir='ltr'>for-</span> 
     </span>
     <span class='ocr_line' id='line_1_28' title="bbox 270 1933 2022 1988; baseline 0 -14"><span class='ocrx_word' id='word_1_266' title='bbox 270 1935 447 1975; x_wconf 89' lang='lat' dir='ltr'>tissimos</span> <span class='ocrx_word' id='word_1_267' title='bbox 478 1934 612 1980; x_wconf 88' lang='lat' dir='ltr'>viros,</span> <span class='ocrx_word' id='word_1_268' title='bbox 644 1934 712 1986; x_wconf 87' lang='lat' dir='ltr'>qui</span> <span class='ocrx_word' id='word_1_269' title='bbox 745 1934 855 1986; x_wconf 87' lang='lat' dir='ltr'>apud</span> <span class='ocrx_word' id='word_1_270' title='bbox 889 1935 1065 1973; x_wconf 86' lang='lat' dir='ltr'>maiores</span> <span class='ocrx_word' id='word_1_271' title='bbox 1094 1939 1256 1973; x_wconf 80' lang='lat' dir='ltr'>nostros</span> <span class='ocrx_word' id='word_1_272' title='bbox 1279 1933 1468 1980; x_wconf 86' lang='lat' dir='ltr'>suerunt,</span> <span class='ocrx_word' id='word_1_273' title='bbox 1501 1934 1639 1987; x_wconf 90' lang='lat' dir='ltr'>quod,</span> <span class='ocrx_word' id='word_1_274' title='bbox 1672 1948 1779 1988; x_wconf 89' lang='lat' dir='ltr'>quae</span> <span class='ocrx_word' id='word_1_275' title='bbox 1800 1935 2022 1988; x_wconf 84' lang='lat' dir='ltr'>vectigalia</span> 
     </span>
     <span class='ocr_line' id='line_1_29' title="bbox 268 1996 2018 2049; baseline 0 -13"><span class='ocrx_word' id='word_1_276' title='bbox 268 1996 350 2036; x_wconf 91' lang='lat' dir='ltr'>illis</span> <span class='ocrx_word' id='word_1_277' title='bbox 381 1996 621 2035; x_wconf 78' lang='lat' dir='ltr'>consulibus</span> <span class='ocrx_word' id='word_1_278' title='bbox 662 1997 817 2049; x_wconf 90' lang='lat' dir='ltr'>populo</span> <span class='ocrx_word' id='word_1_279' title='bbox 858 1997 1044 2036; x_wconf 82' lang='lat' dir='ltr'>Romano</span> <span class='ocrx_word' id='word_1_280' title='bbox 1077 2001 1191 2048; x_wconf 89' lang='lat' dir='ltr'>parta</span> <span class='ocrx_word' id='word_1_281' title='bbox 1224 2001 1343 2042; x_wconf 88' lang='lat' dir='ltr'>sunt,</span> <span class='ocrx_word' id='word_1_282' title='bbox 1385 2009 1432 2035; x_wconf 85' lang='lat' dir='ltr'>ea</span> <span class='ocrx_word' id='word_1_283' title='bbox 1465 2009 1528 2034; x_wconf 90' lang='lat' dir='ltr'>me</span> <span class='ocrx_word' id='word_1_284' title='bbox 1560 1996 1732 2036; x_wconf 89' lang='lat' dir='ltr'>consule</span> <span class='ocrx_word' id='word_1_285' title='bbox 1764 2010 1815 2036; x_wconf 91' lang='lat' dir='ltr'>ne</span> <span class='ocrx_word' id='word_1_286' title='bbox 1851 1997 2018 2037; x_wconf 85' lang='lat' dir='ltr'>retineri</span> 
     </span>
     <span class='ocr_line' id='line_1_30' title="bbox 269 2057 2021 2112; baseline 0 -14"><span class='ocrx_word' id='word_1_287' title='bbox 269 2058 436 2112; x_wconf 86' lang='lat' dir='ltr'>quidem</span> <span class='ocrx_word' id='word_1_288' title='bbox 466 2059 651 2111; x_wconf 83' lang='lat' dir='ltr'>potuisse</span> <span class='ocrx_word' id='word_1_289' title='bbox 684 2059 988 2098; x_wconf 81' lang='lat' dir='ltr'>iudicalmntur.</span> <span class='ocrx_word' id='word_1_290' title='bbox 1053 2060 1101 2098; x_wconf 88' lang='lat' dir='ltr'>ll.</span> <span class='ocrx_word' id='word_1_291' title='bbox 1130 2057 1164 2097; x_wconf 67' lang='lat' dir='ltr'>l.</span> <span class='ocrx_word' id='word_1_292' title='bbox 1196 2058 1348 2097; x_wconf 79' lang='lat' dir='ltr'>Vendit</span> <span class='ocrx_word' id='word_1_293' title='bbox 1381 2058 1522 2098; x_wconf 89' lang='lat' dir='ltr'>ltaliae</span> <span class='ocrx_word' id='word_1_294' title='bbox 1554 2058 1842 2111; x_wconf 89' lang='lat' dir='ltr'>possessiones</span> <span class='ocrx_word' id='word_1_295' title='bbox 1874 2072 1925 2098; x_wconf 88' lang='lat' dir='ltr'>ex</span> <span class='ocrx_word' id='word_1_296' title='bbox 1957 2072 2021 2098; x_wconf 85' lang='lat'>01·-</span> 
     </span>
     <span class='ocr_line' id='line_1_31' title="bbox 219 2120 2021 2174; baseline 0 -14"><span class='ocrx_word' id='word_1_297' title='bbox 219 2132 255 2160; x_wconf 78' lang='lat'>30</span> <span class='ocrx_word' id='word_1_298' title='bbox 270 2120 367 2159; x_wconf 86' lang='lat' dir='ltr'>dine</span> <span class='ocrx_word' id='word_1_299' title='bbox 398 2134 554 2159; x_wconf 88' lang='lat' dir='ltr'>omnes.</span> <span class='ocrx_word' id='word_1_300' title='bbox 608 2123 713 2160; x_wconf 75' lang='lat' dir='ltr'>Sane</span> <span class='ocrx_word' id='word_1_301' title='bbox 747 2126 804 2160; x_wconf 87' lang='lat' dir='ltr'>est</span> <span class='ocrx_word' id='word_1_302' title='bbox 838 2122 876 2159; x_wconf 91' lang='lat' dir='ltr'>in</span> <span class='ocrx_word' id='word_1_303' title='bbox 911 2136 960 2159; x_wconf 83' lang='lat' dir='ltr'>eo</span> <span class='ocrx_word' id='word_1_304' title='bbox 984 2120 1183 2174; x_wconf 80' lang='lat' dir='ltr'>diligens:</span> <span class='ocrx_word' id='word_1_305' title='bbox 1219 2120 1369 2159; x_wconf 85' lang='lat' dir='ltr'>nullam</span> <span class='ocrx_word' id='word_1_306' title='bbox 1403 2121 1510 2159; x_wconf 89' lang='lat' dir='ltr'>enim</span> <span class='ocrx_word' id='word_1_307' title='bbox 1544 2120 1846 2173; x_wconf 84' lang='lat' dir='ltr'>praetermittit.</span> <span class='ocrx_word' id='word_1_308' title='bbox 1879 2122 2021 2160; x_wconf 87' lang='lat' dir='ltr'>Perse-</span> 
     </span>
     <span class='ocr_line' id='line_1_32' title="bbox 271 2181 2020 2236; baseline 0.001 -15"><span class='ocrx_word' id='word_1_309' title='bbox 271 2183 412 2236; x_wconf 86' lang='lat' dir='ltr'>quitur</span> <span class='ocrx_word' id='word_1_310' title='bbox 456 2183 497 2221; x_wconf 92' lang='lat' dir='ltr'>in</span> <span class='ocrx_word' id='word_1_311' title='bbox 542 2183 690 2222; x_wconf 89' lang='lat' dir='ltr'>tabulis</span> <span class='ocrx_word' id='word_1_312' title='bbox 730 2183 930 2221; x_wconf 76' lang='lat' dir='ltr'>censoriis</span> <span class='ocrx_word' id='word_1_313' title='bbox 971 2188 1096 2222; x_wconf 88' lang='lat' dir='ltr'>totam</span> <span class='ocrx_word' id='word_1_314' title='bbox 1141 2183 1342 2222; x_wconf 68' lang='lat' dir='ltr'>Sit-iliam:</span> <span class='ocrx_word' id='word_1_315' title='bbox 1392 2183 1548 2221; x_wconf 92' lang='lat' dir='ltr'>nullum</span> <span class='ocrx_word' id='word_1_316' title='bbox 1579 2181 1837 2230; x_wconf 86' lang='lat' dir='ltr'>aedilicium,</span> <span class='ocrx_word' id='word_1_317' title='bbox 1883 2183 2020 2222; x_wconf 89' lang='lat' dir='ltr'>nullos</span> 
     </span>
     <span class='ocr_line' id='line_1_33' title="bbox 272 2245 2019 2298; baseline -0.001 -14"><span class='ocrx_word' id='word_1_318' title='bbox 272 2258 392 2297; x_wconf 81' lang='lat' dir='ltr'>agros</span> <span class='ocrx_word' id='word_1_319' title='bbox 424 2245 632 2297; x_wconf 86' lang='lat' dir='ltr'>relinquit.</span> <span class='ocrx_word' id='word_1_320' title='bbox 680 2245 861 2284; x_wconf 86' lang='lat' dir='ltr'>Audistis</span> <span class='ocrx_word' id='word_1_321' title='bbox 893 2246 1128 2284; x_wconf 77' lang='lat' dir='ltr'>auctionem</span> <span class='ocrx_word' id='word_1_322' title='bbox 1153 2245 1297 2298; x_wconf 91' lang='lat' dir='ltr'>populi</span> <span class='ocrx_word' id='word_1_323' title='bbox 1323 2245 1492 2283; x_wconf 78' lang='lat' dir='ltr'>Romani</span> <span class='ocrx_word' id='word_1_324' title='bbox 1517 2245 1789 2297; x_wconf 80' lang='lat' dir='ltr'>proscriptam</span> <span class='ocrx_word' id='word_1_325' title='bbox 1812 2258 1834 2284; x_wconf 89' lang='lat' dir='ltr'>a</span> <span class='ocrx_word' id='word_1_326' title='bbox 1857 2245 2019 2284; x_wconf 90' lang='lat' dir='ltr'>tribuno</span> 
     </span>
     <span class='ocr_line' id='line_1_34' title="bbox 272 2307 2019 2360; baseline 0.001 -15"><span class='ocrx_word' id='word_1_327' title='bbox 272 2307 424 2360; x_wconf 88' lang='lat' dir='ltr'>plebis,</span> <span class='ocrx_word' id='word_1_328' title='bbox 458 2307 720 2347; x_wconf 72' lang='lat' dir='ltr'>constitutam</span> <span class='ocrx_word' id='word_1_329' title='bbox 754 2307 795 2346; x_wconf 90' lang='lat' dir='ltr'>in</span> <span class='ocrx_word' id='word_1_330' title='bbox 828 2322 1011 2347; x_wconf 85' lang='lat' dir='ltr'>mensem</span> <span class='ocrx_word' id='word_1_331' title='bbox 1034 2308 1289 2353; x_wconf 79' lang='lat' dir='ltr'>ianuarium,</span> <span class='ocrx_word' id='word_1_332' title='bbox 1322 2312 1383 2353; x_wconf 84' lang='lat' dir='ltr'>et,</span> <span class='ocrx_word' id='word_1_333' title='bbox 1418 2307 1563 2352; x_wconf 72' lang='lat' dir='ltr'>credo,</span> <span class='ocrx_word' id='word_1_334' title='bbox 1599 2321 1679 2345; x_wconf 90' lang='lat' dir='ltr'>non</span> <span class='ocrx_word' id='word_1_335' title='bbox 1702 2308 1893 2347; x_wconf 85' lang='lat' dir='ltr'>dubitatis</span> <span class='ocrx_word' id='word_1_336' title='bbox 1917 2308 2019 2360; x_wconf 92' lang='lat' dir='ltr'>quin</span> 
     </span>
    </p>
   </div>
   <div class='ocr_carea' id='block_1_3' title="bbox 264 2479 2020 3362">
    <p class='ocr_par' dir='ltr' id='par_1_3' title="bbox 264 2479 2020 3362">
     <span class='ocr_line' id='line_1_35' title="bbox 356 2479 2020 2521; baseline 0 -9"><span class='ocrx_word' id='word_1_337' title='bbox 356 2482 386 2512; x_wconf 76' lang='lat'>4.</span> <span class='ocrx_word' id='word_1_338' title='bbox 413 2480 600 2521; x_wconf 75' lang='lat' dir='ltr'>communis]</span> <span class='ocrx_word' id='word_1_339' title='bbox 626 2480 745 2510; x_wconf 75' lang='lat' dir='ltr'>colonis</span> <span class='ocrx_word' id='word_1_340' title='bbox 769 2479 931 2515; x_wconf 58' lang='lat' dir='ltr'>ofellius:</span> <span class='ocrx_word' id='word_1_341' title='bbox 958 2482 1121 2512; x_wconf 68' lang='lat' dir='ltr'>continens</span> <span class='ocrx_word' id='word_1_342' title='bbox 1140 2481 1304 2512; x_wconf 78' lang='lat' dir='ltr'>llalmius.</span> <span class='ocrx_word' id='word_1_343' title='bbox 1332 2480 1445 2512; x_wconf 77' lang='lat' dir='ltr'>Malim</span> <span class='ocrx_word' id='word_1_344' title='bbox 1466 2481 1578 2511; x_wconf 72' lang='lat' dir='ltr'>ovinis.</span> <span class='ocrx_word' id='word_1_345' title='bbox 1597 2498 1629 2501; x_wconf 86' lang='lat'><em>—</em></span> <span class='ocrx_word' id='word_1_346' title='bbox 1656 2481 1797 2520; x_wconf 68' lang='lat' dir='ltr'>Pliryyia</span> <span class='ocrx_word' id='word_1_347' title='bbox 1811 2481 1911 2512; x_wconf 81' lang='lat' dir='ltr'>eidem</span> <span class='ocrx_word' id='word_1_348' title='bbox 1929 2480 2020 2512; x_wconf 78' lang='lat' dir='ltr'>Orel-</span> 
     </span>
     <span class='ocr_line' id='line_1_36' title="bbox 269 2529 2020 2570; baseline -0.001 -9"><span class='ocrx_word' id='word_1_349' title='bbox 269 2530 349 2562; x_wconf 84' lang='lat' dir='ltr'>lius:</span> <span class='ocrx_word' id='word_1_350' title='bbox 376 2531 528 2570; x_wconf 65' lang='lat' dir='ltr'>Phrygia.</span> <span class='ocrx_word' id='word_1_351' title='bbox 561 2530 664 2561; x_wconf 78' lang='lat' dir='ltr'>l&#39;eniet</span> <span class='ocrx_word' id='word_1_352' title='bbox 681 2531 849 2568; x_wconf 70' lang='lat' dir='ltr'>Propontis</span> <span class='ocrx_word' id='word_1_353' title='bbox 871 2534 968 2569; x_wconf 75' lang='lat' dir='ltr'>utque</span> <span class='ocrx_word' id='word_1_354' title='bbox 984 2531 1220 2569; x_wconf 74' lang='lat' dir='ltr'>Hellespontus,</span> <span class='ocrx_word' id='word_1_355' title='bbox 1248 2531 1329 2561; x_wconf 79' lang='lat' dir='ltr'>idem</span> <span class='ocrx_word' id='word_1_356' title='bbox 1348 2529 1478 2569; x_wconf 69' lang='lat' dir='ltr'>Aquila.</span> <span class='ocrx_word' id='word_1_357' title='bbox 1506 2547 1538 2550; x_wconf 80' lang='lat'>--</span> <span class='ocrx_word' id='word_1_358' title='bbox 1568 2530 1597 2559; x_wconf 74' lang='lat'>13.</span> <span class='ocrx_word' id='word_1_359' title='bbox 1623 2530 1726 2560; x_wconf 79' lang='lat' dir='ltr'>Huius</span> <span class='ocrx_word' id='word_1_360' title='bbox 1750 2530 1908 2560; x_wconf 81' lang='lat' dir='ltr'>orationis</span> <span class='ocrx_word' id='word_1_361' title='bbox 1927 2531 2020 2569; x_wconf 77' lang='lat' dir='ltr'>prin—</span> 
     </span>
     <span class='ocr_line' id='line_1_37' title="bbox 267 2579 2020 2619; baseline 0.001 -10"><span class='ocrx_word' id='word_1_362' title='bbox 267 2580 387 2618; x_wconf 72' lang='lat' dir='ltr'>cipium</span> <span class='ocrx_word' id='word_1_363' title='bbox 411 2580 448 2610; x_wconf 84' lang='lat' dir='ltr'>de</span> <span class='ocrx_word' id='word_1_364' title='bbox 475 2579 543 2619; x_wconf 73' lang='lat' dir='ltr'>lnge</span> <span class='ocrx_word' id='word_1_365' title='bbox 565 2580 711 2619; x_wconf 59' lang='lat' dir='ltr'>Agraria</span> <span class='ocrx_word' id='word_1_366' title='bbox 734 2583 850 2610; x_wconf 74' lang='lat' dir='ltr'>contra</span> <span class='ocrx_word' id='word_1_367' title='bbox 874 2581 906 2611; x_wconf 69' lang='grc' dir='ltr'>Ι).</span> <span class='ocrx_word' id='word_1_368' title='bbox 934 2581 1061 2611; x_wconf 69' lang='grc' dir='ltr'>Ιίιιίἰαηι</span> <span class='ocrx_word' id='word_1_369' title='bbox 1084 2590 1146 2611; x_wconf 73' lang='lat' dir='ltr'>non</span> <span class='ocrx_word' id='word_1_370' title='bbox 1173 2583 1274 2611; x_wconf 59' lang='lat' dir='ltr'>estat.</span> <span class='ocrx_word' id='word_1_371' title='bbox 1313 2580 1384 2610; x_wconf 80' lang='lat' dir='ltr'>Duo</span> <span class='ocrx_word' id='word_1_372' title='bbox 1408 2579 1492 2610; x_wconf 78' lang='lat' dir='ltr'>enim</span> <span class='ocrx_word' id='word_1_373' title='bbox 1514 2579 1594 2618; x_wconf 81' lang='lat' dir='ltr'>solia</span> <span class='ocrx_word' id='word_1_374' title='bbox 1617 2587 1658 2609; x_wconf 71' lang='lat' dir='ltr'>ez:</span> <span class='ocrx_word' id='word_1_375' title='bbox 1682 2579 1890 2610; x_wconf 70' lang='lat' dir='ltr'>vetustissimo</span> <span class='ocrx_word' id='word_1_376' title='bbox 1913 2580 2020 2610; x_wconf 86' lang='lat' dir='ltr'>codice</span> 
     </span>
     <span class='ocr_line' id='line_1_38' title="bbox 267 2628 2020 2670; baseline 0 -10"><span class='ocrx_word' id='word_1_377' title='bbox 267 2630 392 2660; x_wconf 74' lang='lat' dir='ltr'>abscisa</span> <span class='ocrx_word' id='word_1_378' title='bbox 423 2629 520 2668; x_wconf 79' lang='lat' dir='ltr'>fuisse</span> <span class='ocrx_word' id='word_1_379' title='bbox 554 2629 682 2660; x_wconf 74' lang='lat' dir='ltr'>librarii</span> <span class='ocrx_word' id='word_1_380' title='bbox 718 2631 920 2660; x_wconf 77' lang='lat' dir='ltr'>admonitum</span> <span class='ocrx_word' id='word_1_381' title='bbox 954 2632 1153 2670; x_wconf 77' lang='lat' dir='ltr'>reliquerunt</span> <span class='ocrx_word' id='word_1_382' title='bbox 1186 2632 1218 2661; x_wconf 74' lang='lat' dir='ltr'>in</span> <span class='ocrx_word' id='word_1_383' title='bbox 1250 2629 1453 2669; x_wconf 55' lang='lat' dir='ltr'>maminthus</span> <span class='ocrx_word' id='word_1_384' title='bbox 1479 2628 1769 2659; x_wconf 75' lang='lat' dir='ltr'>retussissimorimi</span> <span class='ocrx_word' id='word_1_385' title='bbox 1797 2629 2020 2669; x_wconf 64' lang='lat' dir='ltr'>exemplorum</span> 
     </span>
     <span class='ocr_line' id='line_1_39' title="bbox 268 2678 2019 2718; baseline 0.001 -11"><span class='ocrx_word' id='word_1_386' title='bbox 268 2688 351 2718; x_wconf 78' lang='lat' dir='ltr'>quae</span> <span class='ocrx_word' id='word_1_387' title='bbox 378 2679 411 2709; x_wconf 79' lang='lat' dir='ltr'>in</span> <span class='ocrx_word' id='word_1_388' title='bbox 435 2678 701 2709; x_wconf 67' lang='lat' dir='ltr'>consultationem</span> <span class='ocrx_word' id='word_1_389' title='bbox 725 2679 819 2709; x_wconf 75' lang='lat' dir='ltr'>lucius</span> <span class='ocrx_word' id='word_1_390' title='bbox 841 2683 974 2710; x_wconf 71' lang='lat' dir='ltr'>nostrae</span> <span class='ocrx_word' id='word_1_391' title='bbox 997 2681 1144 2711; x_wconf 74' lang='lat' dir='ltr'>editionis</span> <span class='ocrx_word' id='word_1_392' title='bbox 1160 2679 1363 2710; x_wconf 73' lang='lat' dir='ltr'>adhibuimus</span> <span class='ocrx_word' id='word_1_393' title='bbox 1380 2681 1416 2709; x_wconf 98' lang='lat' dir='ltr'>A.</span> <span class='ocrx_word' id='word_1_394' title='bbox 1440 2696 1472 2699; x_wconf 81' lang='lat'>—</span> <span class='ocrx_word' id='word_1_395' title='bbox 1500 2679 1675 2718; x_wconf 64' lang='lat' dir='ltr'>Aegyysptus,</span> <span class='ocrx_word' id='word_1_396' title='bbox 1703 2686 1788 2716; x_wconf 79' lang='lat' dir='ltr'>quae</span> <span class='ocrx_word' id='word_1_397' title='bbox 1811 2682 1886 2710; x_wconf 72' lang='lat' dir='ltr'>aule</span> <span class='ocrx_word' id='word_1_398' title='bbox 1908 2681 2019 2718; x_wconf 78' lang='lat' dir='ltr'>aperte</span> 
     </span>
     <span class='ocr_line' id='line_1_40' title="bbox 268 2727 2016 2763; baseline -0.002 -3"><span class='ocrx_word' id='word_1_399' title='bbox 268 2729 528 2761; x_wconf 85' lang='lat' dir='ltr'>Mommsenius.</span> <span class='ocrx_word' id='word_1_400' title='bbox 550 2746 583 2749; x_wconf 85' lang='lat'>—</span> <span class='ocrx_word' id='word_1_401' title='bbox 611 2729 642 2759; x_wconf 77' lang='lat'>5.</span> <span class='ocrx_word' id='word_1_402' title='bbox 660 2729 841 2759; x_wconf 58' lang='lat' dir='ltr'>Alei-andri</span> <span class='ocrx_word' id='word_1_403' title='bbox 859 2730 882 2760; x_wconf 99' lang='grc' dir='ltr'>Ε</span> <span class='ocrx_word' id='word_1_404' title='bbox 899 2731 918 2760; x_wconf 78' lang='grc' dir='ltr'>κ’</span> <span class='ocrx_word' id='word_1_405' title='bbox 933 2732 955 2759; x_wconf 75' lang='lat' dir='ltr'>(i</span> <span class='ocrx_word' id='word_1_406' title='bbox 974 2732 994 2760; x_wconf 82' lang='grc' dir='ltr'>Ρ</span> <span class='ocrx_word' id='word_1_407' title='bbox 1009 2740 1014 2759; x_wconf 84' lang='lat' dir='ltr'><em>z</em></span> <span class='ocrx_word' id='word_1_408' title='bbox 1042 2730 1258 2761; x_wconf 63' lang='lat' dir='ltr'>Alexandrini</span> <span class='ocrx_word' id='word_1_409' title='bbox 1275 2731 1298 2759; x_wconf 89' lang='lat' dir='ltr'>A</span> <span class='ocrx_word' id='word_1_410' title='bbox 1316 2729 1337 2759; x_wconf 98' lang='lat' dir='ltr'>L</span> <span class='ocrx_word' id='word_1_411' title='bbox 1351 2728 1390 2763; x_wconf 44' lang='lat' dir='ltr'>⁵„st</span> <span class='ocrx_word' id='word_1_412' title='bbox 1417 2728 1537 2758; x_wconf 71' lang='lat' dir='ltr'>.›t.⁷ffl:ae</span> <span class='ocrx_word' id='word_1_413' title='bbox 1556 2727 1703 2759; x_wconf 65' lang='lat' dir='ltr'>klotzius</span> <span class='ocrx_word' id='word_1_414' title='bbox 1720 2728 1753 2758; x_wconf 87' lang='lat' dir='ltr'>in</span> <span class='ocrx_word' id='word_1_415' title='bbox 1771 2728 1943 2759; x_wconf 84' lang='lat' dir='ltr'>Prooemio</span> <span class='ocrx_word' id='word_1_416' title='bbox 1961 2727 2016 2758; x_wconf 78' lang='lat' dir='ltr'>cd.</span> 
     </span>
     <span class='ocr_line' id='line_1_41' title="bbox 268 2776 2015 2818; baseline 0.001 -11"><span class='ocrx_word' id='word_1_417' title='bbox 268 2777 324 2808; x_wconf 87' lang='lat' dir='ltr'>alt.</span> <span class='ocrx_word' id='word_1_418' title='bbox 351 2787 383 2818; x_wconf 89' lang='lat' dir='ltr'>p.</span> <span class='ocrx_word' id='word_1_419' title='bbox 402 2778 514 2809; x_wconf 74' lang='lat' dir='ltr'>XXlll.</span> <span class='ocrx_word' id='word_1_420' title='bbox 543 2776 617 2809; x_wconf 81' lang='lat' dir='ltr'>coll.</span> <span class='ocrx_word' id='word_1_421' title='bbox 644 2779 682 2810; x_wconf 88' lang='grc'>11.</span> <span class='ocrx_word' id='word_1_422' title='bbox 710 2780 739 2817; x_wconf 63' lang='grc' dir='ltr'>ξ.</span> <span class='ocrx_word' id='word_1_423' title='bbox 760 2778 813 2810; x_wconf 69' lang='lat' dir='ltr'>tt.</span> <span class='ocrx_word' id='word_1_424' title='bbox 834 2797 866 2799; x_wconf 71' lang='lat'>—</span> <span class='ocrx_word' id='word_1_425' title='bbox 895 2781 926 2809; x_wconf 72' lang='lat' dir='ltr'>S.</span> <span class='ocrx_word' id='word_1_426' title='bbox 952 2780 1227 2810; x_wconf 63' lang='lat' dir='ltr'>uinuiolentorzmi</span> <span class='ocrx_word' id='word_1_427' title='bbox 1254 2780 1293 2815; x_wconf 58' lang='lat'>1⁴13</span> <span class='ocrx_word' id='word_1_428' title='bbox 1318 2778 1559 2809; x_wconf 71' lang='lat' dir='ltr'>vinulentorum</span> <span class='ocrx_word' id='word_1_429' title='bbox 1583 2778 1615 2808; x_wconf 66' lang='lat'>1³.</span> <span class='ocrx_word' id='word_1_430' title='bbox 1639 2794 1673 2798; x_wconf 96' lang='lat'><strong>—</strong></span> <span class='ocrx_word' id='word_1_431' title='bbox 1701 2778 1730 2808; x_wconf 80' lang='grc'>9.</span> <span class='ocrx_word' id='word_1_432' title='bbox 1756 2778 1950 2816; x_wconf 81' lang='lat' dir='ltr'>sapientium</span> <span class='ocrx_word' id='word_1_433' title='bbox 1972 2778 2015 2808; x_wconf 83' lang='lat' dir='ltr'>E:</span> 
     </span>
     <span class='ocr_line' id='line_1_42' title="bbox 266 2827 2020 2867; baseline 0.001 -12"><span class='ocrx_word' id='word_1_434' title='bbox 266 2827 503 2857; x_wconf 77' lang='lat' dir='ltr'>somniancium</span> <span class='ocrx_word' id='word_1_435' title='bbox 530 2828 573 2860; x_wconf 70' lang='lat'>1³:</span> <span class='ocrx_word' id='word_1_436' title='bbox 610 2828 792 2866; x_wconf 76' lang='lat' dir='ltr'>sapientum</span> <span class='ocrx_word' id='word_1_437' title='bbox 816 2830 838 2858; x_wconf 81' lang='lat' dir='ltr'>A</span> <span class='ocrx_word' id='word_1_438' title='bbox 856 2829 878 2858; x_wconf 90' lang='lat' dir='ltr'>L</span> <span class='ocrx_word' id='word_1_439' title='bbox 894 2828 964 2862; x_wconf 54' lang='grc' dir='ltr'>ΕΟ.</span> <span class='ocrx_word' id='word_1_440' title='bbox 994 2847 1026 2849; x_wconf 92' lang='grc'>-</span> <span class='ocrx_word' id='word_1_441' title='bbox 1056 2830 1105 2860; x_wconf 67' lang='lat' dir='ltr'>lt).</span> <span class='ocrx_word' id='word_1_442' title='bbox 1132 2829 1237 2867; x_wconf 80' lang='lat' dir='ltr'>heluo]</span> <span class='ocrx_word' id='word_1_443' title='bbox 1260 2829 1369 2859; x_wconf 64' lang='lat' dir='ltr'>leellieo</span> <span class='ocrx_word' id='word_1_444' title='bbox 1396 2829 1426 2858; x_wconf 80' lang='grc'>1·”.</span> <span class='ocrx_word' id='word_1_445' title='bbox 1457 2846 1479 2849; x_wconf 87' lang='grc'>--</span> <span class='ocrx_word' id='word_1_446' title='bbox 1518 2827 1664 2858; x_wconf 78' lang='lat' dir='ltr'>turbetur</span> <span class='ocrx_word' id='word_1_447' title='bbox 1689 2829 1723 2858; x_wconf 89' lang='lat' dir='ltr'>P.</span> <span class='ocrx_word' id='word_1_448' title='bbox 1753 2846 1786 2850; x_wconf 73' lang='lat'>—</span> <span class='ocrx_word' id='word_1_449' title='bbox 1815 2828 1865 2858; x_wconf 60' lang='lat' dir='ltr'>sil.</span> <span class='ocrx_word' id='word_1_450' title='bbox 1890 2827 2020 2858; x_wconf 79' lang='lat' dir='ltr'>relictas</span> 
     </span>
     <span class='ocr_line' id='line_1_43' title="bbox 264 2876 2014 2916; baseline 0.001 -10"><span class='ocrx_word' id='word_1_451' title='bbox 264 2878 477 2916; x_wconf 74' lang='lat' dir='ltr'>possessiones</span> <span class='ocrx_word' id='word_1_452' title='bbox 501 2886 568 2915; x_wconf 66' lang='lat' dir='ltr'>ing.</span> <span class='ocrx_word' id='word_1_453' title='bbox 597 2878 627 2909; x_wconf 70' lang='lat' dir='ltr'>t‘.</span> <span class='ocrx_word' id='word_1_454' title='bbox 658 2896 691 2900; x_wconf 80' lang='lat'>—-</span> <span class='ocrx_word' id='word_1_455' title='bbox 729 2887 768 2908; x_wconf 79' lang='lat' dir='ltr'>ac</span> <span class='ocrx_word' id='word_1_456' title='bbox 793 2878 816 2908; x_wconf 91' lang='grc' dir='ltr'>Ε</span> <span class='ocrx_word' id='word_1_457' title='bbox 833 2879 852 2908; x_wconf 49' lang='grc'>13</span> <span class='ocrx_word' id='word_1_458' title='bbox 868 2880 906 2909; x_wconf 83' lang='lat' dir='ltr'>P:</span> <span class='ocrx_word' id='word_1_459' title='bbox 946 2883 973 2909; x_wconf 81' lang='lat' dir='ltr'>et</span> <span class='ocrx_word' id='word_1_460' title='bbox 1001 2881 1026 2909; x_wconf 84' lang='lat' dir='ltr'>A</span> <span class='ocrx_word' id='word_1_461' title='bbox 1044 2880 1066 2909; x_wconf 93' lang='lat' dir='ltr'>L</span> <span class='ocrx_word' id='word_1_462' title='bbox 1083 2880 1101 2912; x_wconf 60' lang='lat'>53</span> <span class='ocrx_word' id='word_1_463' title='bbox 1118 2880 1154 2909; x_wconf 79' lang='lat' dir='ltr'>(J.</span> <span class='ocrx_word' id='word_1_464' title='bbox 1184 2896 1215 2899; x_wconf 95' lang='lat'>-—</span> <span class='ocrx_word' id='word_1_465' title='bbox 1252 2879 1302 2909; x_wconf 69' lang='lat'>42.</span> <span class='ocrx_word' id='word_1_466' title='bbox 1330 2877 1435 2916; x_wconf 69' lang='lat' dir='ltr'>nepos]</span> <span class='ocrx_word' id='word_1_467' title='bbox 1461 2877 1549 2908; x_wconf 78' lang='lat' dir='ltr'>heres</span> <span class='ocrx_word' id='word_1_468' title='bbox 1576 2878 1596 2907; x_wconf 85' lang='grc' dir='ltr'>Ε</span> <span class='ocrx_word' id='word_1_469' title='bbox 1613 2878 1644 2907; x_wconf 70' lang='lat'>1³.</span> <span class='ocrx_word' id='word_1_470' title='bbox 1673 2894 1706 2898; x_wconf 72' lang='lat'>—</span> <span class='ocrx_word' id='word_1_471' title='bbox 1736 2876 1908 2916; x_wconf 79' lang='lat' dir='ltr'>perscribit</span> <span class='ocrx_word' id='word_1_472' title='bbox 1934 2877 1955 2907; x_wconf 82' lang='grc' dir='ltr'>Ε</span> <span class='ocrx_word' id='word_1_473' title='bbox 1972 2878 2014 2907; x_wconf 88' lang='lat' dir='ltr'>A:</span> 
     </span>
     <span class='ocr_line' id='line_1_44' title="bbox 264 2925 2017 2966; baseline 0.001 -10"><span class='ocrx_word' id='word_1_474' title='bbox 264 2925 437 2966; x_wconf 75' lang='lat' dir='ltr'>proscribit</span> <span class='ocrx_word' id='word_1_475' title='bbox 463 2926 551 2958; x_wconf 53' lang='lat' dir='ltr'>1³1.ss</span> <span class='ocrx_word' id='word_1_476' title='bbox 567 2928 603 2958; x_wconf 92' lang='lat' dir='ltr'>O.</span> <span class='ocrx_word' id='word_1_477' title='bbox 628 2946 660 2950; x_wconf 58' lang='lat'>⁷-</span> <span class='ocrx_word' id='word_1_478' title='bbox 690 2928 739 2957; x_wconf 84' lang='grc'>13.</span> <span class='ocrx_word' id='word_1_479' title='bbox 763 2928 933 2966; x_wconf 71' lang='lat' dir='ltr'>perscribit</span> <span class='ocrx_word' id='word_1_480' title='bbox 960 2929 982 2958; x_wconf 83' lang='grc' dir='ltr'>Ε</span> <span class='ocrx_word' id='word_1_481' title='bbox 999 2929 1018 2958; x_wconf 66' lang='lat'>1⁸</span> <span class='ocrx_word' id='word_1_482' title='bbox 1032 2929 1069 2959; x_wconf 75' lang='lat' dir='ltr'>A.</span> <span class='ocrx_word' id='word_1_483' title='bbox 1098 2927 1509 2965; x_wconf 63' lang='lat' dir='ltr'>t‹1111‹=ndnx·itNaugerius</span> <span class='ocrx_word' id='word_1_484' title='bbox 1535 2927 1565 2956; x_wconf 89' lang='lat' dir='ltr'>in</span> <span class='ocrx_word' id='word_1_485' title='bbox 1586 2925 1640 2956; x_wconf 82' lang='lat' dir='ltr'>ed.</span> <span class='ocrx_word' id='word_1_486' title='bbox 1658 2925 1831 2956; x_wconf 85' lang='lat' dir='ltr'>Aldina.—</span> <span class='ocrx_word' id='word_1_487' title='bbox 1859 2926 1910 2956; x_wconf 77' lang='grc'>15.</span> <span class='ocrx_word' id='word_1_488' title='bbox 1929 2926 2017 2957; x_wconf 78' lang='lat' dir='ltr'>victe-</span> 
     </span>
     <span class='ocr_line' id='line_1_45' title="bbox 268 2975 2017 3016; baseline 0 -10"><span class='ocrx_word' id='word_1_489' title='bbox 268 2977 338 3007; x_wconf 82' lang='lat' dir='ltr'>licet</span> <span class='ocrx_word' id='word_1_490' title='bbox 362 2985 431 3006; x_wconf 89' lang='lat' dir='ltr'>om.</span> <span class='ocrx_word' id='word_1_491' title='bbox 452 2976 486 3006; x_wconf 90' lang='grc' dir='ltr'>Ε.</span> <span class='ocrx_word' id='word_1_492' title='bbox 509 2992 542 2998; x_wconf 90' lang='grc'><strong>-</strong></span> <span class='ocrx_word' id='word_1_493' title='bbox 573 2977 623 3007; x_wconf 80' lang='grc'>18.</span> <span class='ocrx_word' id='word_1_494' title='bbox 650 2977 921 3008; x_wconf 79' lang='lat' dir='ltr'>condonabantur</span> <span class='ocrx_word' id='word_1_495' title='bbox 946 2979 1130 3008; x_wconf 85' lang='lat' dir='ltr'>Puteanus.</span> <span class='ocrx_word' id='word_1_496' title='bbox 1152 2995 1185 2998; x_wconf 75' lang='lat'>—</span> <span class='ocrx_word' id='word_1_497' title='bbox 1215 2979 1385 3007; x_wconf 75' lang='lat' dir='ltr'>numerata</span> <span class='ocrx_word' id='word_1_498' title='bbox 1412 2976 1440 3005; x_wconf 88' lang='lat' dir='ltr'>in</span> <span class='ocrx_word' id='word_1_499' title='bbox 1461 2976 1484 3006; x_wconf 89' lang='grc' dir='ltr'>Ε</span> <span class='ocrx_word' id='word_1_500' title='bbox 1504 2975 1779 3016; x_wconf 76' lang='lat' dir='ltr'>superscriptum</span> <span class='ocrx_word' id='word_1_501' title='bbox 1797 2976 1859 3005; x_wconf 82' lang='lat' dir='ltr'>est.</span> <span class='ocrx_word' id='word_1_502' title='bbox 1887 2975 2017 3006; x_wconf 80' lang='lat' dir='ltr'>Vocem</span> 
     </span>
     <span class='ocr_line' id='line_1_46' title="bbox 270 3024 2019 3067; baseline -0.001 -11"><span class='ocrx_word' id='word_1_503' title='bbox 270 3036 287 3056; x_wconf 87' lang='lat' dir='ltr'>a</span> <span class='ocrx_word' id='word_1_504' title='bbox 315 3025 492 3056; x_wconf 82' lang='lat' dir='ltr'>Wundcro</span> <span class='ocrx_word' id='word_1_505' title='bbox 518 3026 560 3065; x_wconf 88' lang='lat' dir='ltr'>(p.</span> <span class='ocrx_word' id='word_1_506' title='bbox 589 3026 773 3056; x_wconf 74' lang='lat' dir='ltr'>LXXXVII!</span> <span class='ocrx_word' id='word_1_507' title='bbox 801 3027 893 3066; x_wconf 81' lang='lat' dir='ltr'>sqq.)</span> <span class='ocrx_word' id='word_1_508' title='bbox 921 3028 1154 3067; x_wconf 66' lang='lat' dir='ltr'>oppugnatam</span> <span class='ocrx_word' id='word_1_509' title='bbox 1181 3025 1335 3057; x_wconf 71' lang='lat' dir='ltr'>defendit</span> <span class='ocrx_word' id='word_1_510' title='bbox 1359 3024 1536 3055; x_wconf 65' lang='lat' dir='ltr'>ochum-ut.</span> <span class='ocrx_word' id='word_1_511' title='bbox 1560 3024 1737 3055; x_wconf 68' lang='lat' dir='ltr'>moseri-au.</span> <span class='ocrx_word' id='word_1_512' title='bbox 1762 3024 1848 3054; x_wconf 81' lang='lat' dir='ltr'>crilt.</span> <span class='ocrx_word' id='word_1_513' title='bbox 1873 3024 1906 3054; x_wconf 80' lang='lat' dir='ltr'>in</span> <span class='ocrx_word' id='word_1_514' title='bbox 1930 3024 2019 3055; x_wconf 81' lang='lat' dir='ltr'>Cice-</span> 
     </span>
     <span class='ocr_line' id='line_1_47' title="bbox 271 3072 2019 3116; baseline -0.001 -11"><span class='ocrx_word' id='word_1_515' title='bbox 271 3076 360 3106; x_wconf 79' lang='lat' dir='ltr'>ronis</span> <span class='ocrx_word' id='word_1_516' title='bbox 383 3078 481 3106; x_wconf 80' lang='lat' dir='ltr'>oratl.</span> <span class='ocrx_word' id='word_1_517' title='bbox 507 3075 544 3105; x_wconf 78' lang='lat' dir='ltr'>cle</span> <span class='ocrx_word' id='word_1_518' title='bbox 567 3075 633 3114; x_wconf 64' lang='lat' dir='ltr'>lesse</span> <span class='ocrx_word' id='word_1_519' title='bbox 657 3084 730 3115; x_wconf 68' lang='grc' dir='ltr'>αφ’.</span> <span class='ocrx_word' id='word_1_520' title='bbox 759 3077 781 3106; x_wconf 93' lang='lat' dir='ltr'>l.</span> <span class='ocrx_word' id='word_1_521' title='bbox 808 3086 841 3116; x_wconf 92' lang='lat' dir='ltr'>p.</span> <span class='ocrx_word' id='word_1_522' title='bbox 868 3076 886 3107; x_wconf 81' lang='lat'>4.</span> <span class='ocrx_word' id='word_1_523' title='bbox 911 3085 989 3116; x_wconf 81' lang='lat' dir='ltr'>sqq.</span> <span class='ocrx_word' id='word_1_524' title='bbox 1018 3094 1054 3098; x_wconf 96' lang='lat'><strong>—</strong></span> <span class='ocrx_word' id='word_1_525' title='bbox 1080 3077 1132 3107; x_wconf 64' lang='lat'>⁶20.</span> <span class='ocrx_word' id='word_1_526' title='bbox 1159 3076 1268 3106; x_wconf 76' lang='lat' dir='ltr'>ueniat</span> <span class='ocrx_word' id='word_1_527' title='bbox 1294 3075 1324 3105; x_wconf 65' lang='lat'>1⁶.</span> <span class='ocrx_word' id='word_1_528' title='bbox 1349 3092 1379 3096; x_wconf 93' lang='lat'>—</span> <span class='ocrx_word' id='word_1_529' title='bbox 1410 3075 1460 3105; x_wconf 65' lang='lat'>⁶22.</span> <span class='ocrx_word' id='word_1_530' title='bbox 1488 3083 1639 3106; x_wconf 71' lang='lat' dir='ltr'>consume</span> <span class='ocrx_word' id='word_1_531' title='bbox 1661 3072 1747 3113; x_wconf 82' lang='lat' dir='ltr'>sane]</span> <span class='ocrx_word' id='word_1_532' title='bbox 1771 3082 1920 3104; x_wconf 79' lang='lat' dir='ltr'>consume</span> <span class='ocrx_word' id='word_1_533' title='bbox 1942 3083 2019 3104; x_wconf 80' lang='lat' dir='ltr'>sane</span> 
     </span>
     <span class='ocr_line' id='line_1_48' title="bbox 270 3121 2015 3165; baseline -0.002 -10"><span class='ocrx_word' id='word_1_534' title='bbox 270 3128 379 3155; x_wconf 77' lang='lat' dir='ltr'>tamen</span> <span class='ocrx_word' id='word_1_535' title='bbox 403 3125 446 3159; x_wconf 59' lang='lat'>132</span> <span class='ocrx_word' id='word_1_536' title='bbox 473 3127 579 3154; x_wconf 78' lang='lat' dir='ltr'>lamen</span> <span class='ocrx_word' id='word_1_537' title='bbox 605 3134 754 3156; x_wconf 75' lang='lat' dir='ltr'>consume</span> <span class='ocrx_word' id='word_1_538' title='bbox 772 3126 838 3158; x_wconf 62' lang='lat'>1³³3.</span> <span class='ocrx_word' id='word_1_539' title='bbox 862 3143 895 3147; x_wconf 80' lang='lat'>—</span> <span class='ocrx_word' id='word_1_540' title='bbox 925 3126 974 3156; x_wconf 72' lang='lat'>23.</span> <span class='ocrx_word' id='word_1_541' title='bbox 1002 3127 1086 3165; x_wconf 79' lang='lat' dir='ltr'>quod</span> <span class='ocrx_word' id='word_1_542' title='bbox 1103 3124 1265 3157; x_wconf 84' lang='lat' dir='ltr'>Orellius:</span> <span class='ocrx_word' id='word_1_543' title='bbox 1291 3132 1364 3154; x_wconf 82' lang='lat' dir='ltr'>cum</span> <span class='ocrx_word' id='word_1_544' title='bbox 1383 3123 1597 3160; x_wconf 79' lang='lat' dir='ltr'>Wunderus3</span> <span class='ocrx_word' id='word_1_545' title='bbox 1624 3123 1778 3162; x_wconf 80' lang='lat' dir='ltr'>quoniam</span> <span class='ocrx_word' id='word_1_546' title='bbox 1797 3123 1818 3152; x_wconf 87' lang='grc' dir='ltr'>Ε</span> <span class='ocrx_word' id='word_1_547' title='bbox 1835 3123 1854 3152; x_wconf 80' lang='grc' dir='ltr'>κ’</span> <span class='ocrx_word' id='word_1_548' title='bbox 1868 3123 1891 3152; x_wconf 88' lang='lat' dir='ltr'>A</span> <span class='ocrx_word' id='word_1_549' title='bbox 1909 3123 1930 3153; x_wconf 94' lang='lat' dir='ltr'>L</span> <span class='ocrx_word' id='word_1_550' title='bbox 1945 3121 1963 3155; x_wconf 59' lang='grc' dir='ltr'>ξ’</span> <span class='ocrx_word' id='word_1_551' title='bbox 1979 3123 2015 3152; x_wconf 91' lang='grc' dir='ltr'>Ο.</span> 
     </span>
     <span class='ocr_line' id='line_1_49' title="bbox 270 3171 2015 3213; baseline 0.001 -12"><span class='ocrx_word' id='word_1_552' title='bbox 270 3177 431 3212; x_wconf 57' lang='lat' dir='ltr'>(wantsume</span> <span class='ocrx_word' id='word_1_553' title='bbox 465 3182 543 3204; x_wconf 79' lang='lat' dir='ltr'>sane</span> <span class='ocrx_word' id='word_1_554' title='bbox 578 3177 722 3211; x_wconf 75' lang='lat' dir='ltr'>tantum,</span> <span class='ocrx_word' id='word_1_555' title='bbox 761 3178 919 3213; x_wconf 78' lang='lat' dir='ltr'>quantum</span> <span class='ocrx_word' id='word_1_556' title='bbox 949 3184 976 3205; x_wconf 86' lang='lat' dir='ltr'>c.</span> <span class='ocrx_word' id='word_1_557' title='bbox 1006 3174 1186 3211; x_wconf 78' lang='lat' dir='ltr'>Halmius.)</span> <span class='ocrx_word' id='word_1_558' title='bbox 1214 3191 1247 3194; x_wconf 30' lang='grc' dir='ltr'>Ν</span> <span class='ocrx_word' id='word_1_559' title='bbox 1282 3174 1435 3211; x_wconf 68' lang='lat' dir='ltr'>wamiam</span> <span class='ocrx_word' id='word_1_560' title='bbox 1467 3174 1606 3211; x_wconf 74' lang='lat' dir='ltr'>quidem]</span> <span class='ocrx_word' id='word_1_561' title='bbox 1631 3171 1891 3211; x_wconf 74' lang='lat' dir='ltr'>quandoquidem</span> <span class='ocrx_word' id='word_1_562' title='bbox 1914 3173 1951 3202; x_wconf 88' lang='lat' dir='ltr'>A.</span> <span class='ocrx_word' id='word_1_563' title='bbox 1979 3188 2015 3193; x_wconf 92' lang='grc'><strong>-</strong></span> 
     </span>
     <span class='ocr_line' id='line_1_50' title="bbox 271 3222 2019 3263; baseline -0.001 -10"><span class='ocrx_word' id='word_1_564' title='bbox 271 3222 322 3253; x_wconf 43' lang='grc'>(21.</span> <span class='ocrx_word' id='word_1_565' title='bbox 349 3223 421 3253; x_wconf 81' lang='lat' dir='ltr'>huie</span> <span class='ocrx_word' id='word_1_566' title='bbox 444 3224 570 3253; x_wconf 75' lang='lat' dir='ltr'>senatui</span> <span class='ocrx_word' id='word_1_567' title='bbox 596 3224 629 3254; x_wconf 82' lang='grc' dir='ltr'>Ε,</span> <span class='ocrx_word' id='word_1_568' title='bbox 652 3241 685 3245; x_wconf 76' lang='lat'>-</span> <span class='ocrx_word' id='word_1_569' title='bbox 712 3225 764 3255; x_wconf 75' lang='lat'>&lt;⁴25.</span> <span class='ocrx_word' id='word_1_570' title='bbox 786 3225 900 3263; x_wconf 69' lang='lat' dir='ltr'>populi</span> <span class='ocrx_word' id='word_1_571' title='bbox 918 3226 1054 3256; x_wconf 75' lang='lat' dir='ltr'>Romani</span> <span class='ocrx_word' id='word_1_572' title='bbox 1079 3225 1141 3256; x_wconf 82' lang='lat' dir='ltr'>EA</span> <span class='ocrx_word' id='word_1_573' title='bbox 1158 3226 1179 3255; x_wconf 91' lang='lat' dir='ltr'>L</span> <span class='ocrx_word' id='word_1_574' title='bbox 1194 3225 1224 3255; x_wconf 55' lang='grc' dir='ltr'>δέ.</span> <span class='ocrx_word' id='word_1_575' title='bbox 1244 3241 1276 3244; x_wconf 87' lang='grc'><strong>-</strong></span> <span class='ocrx_word' id='word_1_576' title='bbox 1308 3224 1356 3253; x_wconf 75' lang='lat'>26.</span> <span class='ocrx_word' id='word_1_577' title='bbox 1383 3226 1415 3253; x_wconf 86' lang='lat' dir='ltr'>tu</span> <span class='ocrx_word' id='word_1_578' title='bbox 1439 3233 1514 3253; x_wconf 62' lang='lat' dir='ltr'>vero</span> <span class='ocrx_word' id='word_1_579' title='bbox 1532 3241 1578 3246; x_wconf 89' lang='lat'>--</span> <span class='ocrx_word' id='word_1_580' title='bbox 1595 3222 1752 3253; x_wconf 77' lang='lat' dir='ltr'>iudicabis</span> <span class='ocrx_word' id='word_1_581' title='bbox 1767 3222 1801 3252; x_wconf 76' lang='lat' dir='ltr'>T.</span> <span class='ocrx_word' id='word_1_582' title='bbox 1825 3237 1858 3242; x_wconf 94' lang='lat'>—</span> <span class='ocrx_word' id='word_1_583' title='bbox 1887 3222 1938 3252; x_wconf 71' lang='grc' dir='ltr'>ΞΩ.</span> <span class='ocrx_word' id='word_1_584' title='bbox 1960 3231 2019 3260; x_wconf 84' lang='lat' dir='ltr'>po-</span> 
     </span>
     <span class='ocr_line' id='line_1_51' title="bbox 271 3271 2017 3314; baseline -0.001 -12"><span class='ocrx_word' id='word_1_585' title='bbox 271 3272 375 3312; x_wconf 77' lang='lat' dir='ltr'>tuisse]</span> <span class='ocrx_word' id='word_1_586' title='bbox 399 3273 505 3311; x_wconf 77' lang='lat' dir='ltr'>potius</span> <span class='ocrx_word' id='word_1_587' title='bbox 528 3282 559 3304; x_wconf 84' lang='lat' dir='ltr'>se</span> <span class='ocrx_word' id='word_1_588' title='bbox 585 3274 604 3303; x_wconf 64' lang='lat'>1³</span> <span class='ocrx_word' id='word_1_589' title='bbox 620 3275 652 3304; x_wconf 86' lang='lat' dir='ltr'>l&#39;.</span> <span class='ocrx_word' id='word_1_590' title='bbox 675 3292 707 3294; x_wconf 32' lang='grc' dir='ltr'>ἡ</span> <span class='ocrx_word' id='word_1_591' title='bbox 737 3274 788 3305; x_wconf 70' lang='lat'>130.</span> <span class='ocrx_word' id='word_1_592' title='bbox 811 3275 1019 3314; x_wconf 76' lang='lat' dir='ltr'>persequitur</span> <span class='ocrx_word' id='word_1_593' title='bbox 1042 3275 1125 3305; x_wconf 82' lang='lat' dir='ltr'>enim</span> <span class='ocrx_word' id='word_1_594' title='bbox 1151 3274 1182 3304; x_wconf 78' lang='lat' dir='ltr'>in</span> <span class='ocrx_word' id='word_1_595' title='bbox 1200 3275 1239 3309; x_wconf 76' lang='lat' dir='ltr'>F;</span> <span class='ocrx_word' id='word_1_596' title='bbox 1261 3274 1467 3312; x_wconf 71' lang='lat' dir='ltr'>persequitur</span> <span class='ocrx_word' id='word_1_597' title='bbox 1489 3277 1523 3303; x_wconf 83' lang='lat' dir='ltr'>ut</span> <span class='ocrx_word' id='word_1_598' title='bbox 1548 3273 1580 3304; x_wconf 76' lang='lat' dir='ltr'>in</span> <span class='ocrx_word' id='word_1_599' title='bbox 1606 3274 1786 3303; x_wconf 79' lang='lat' dir='ltr'>Puteanus.</span> <span class='ocrx_word' id='word_1_600' title='bbox 1810 3287 1843 3292; x_wconf 92' lang='lat'>—</span> <span class='ocrx_word' id='word_1_601' title='bbox 1871 3271 1923 3302; x_wconf 84' lang='grc'>31.</span> <span class='ocrx_word' id='word_1_602' title='bbox 1943 3279 2017 3302; x_wconf 82' lang='lat' dir='ltr'>cen-</span> 
     </span>
     <span class='ocr_line' id='line_1_52' title="bbox 271 3323 757 3362; baseline 0.006 -11"><span class='ocrx_word' id='word_1_603' title='bbox 271 3323 352 3352; x_wconf 75' lang='lat' dir='ltr'>soris</span> <span class='ocrx_word' id='word_1_604' title='bbox 375 3323 409 3354; x_wconf 80' lang='lat' dir='ltr'>E.</span> <span class='ocrx_word' id='word_1_605' title='bbox 432 3340 464 3344; x_wconf 90' lang='lat'><strong>—</strong></span> <span class='ocrx_word' id='word_1_606' title='bbox 492 3324 544 3355; x_wconf 76' lang='lat'>32.</span> <span class='ocrx_word' id='word_1_607' title='bbox 570 3323 698 3362; x_wconf 74' lang='lat' dir='ltr'>reliquit</span> <span class='ocrx_word' id='word_1_608' title='bbox 724 3324 757 3355; x_wconf 71' lang='grc' dir='ltr'>κ’.</span> 
     </span>
    </p>
   </div>
  </div>
 </body>
</html>
