2143 3713
264 185 344 227 6⁶28
746 184 815 224 DE
846 183 985 224 LEGE
1015 182 1249 223 AGRARIA
1279 182 1435 223 LIBER
1465 183 1515 223 II.

261 297 481 344 Falernus,
520 295 783 343 Literninus,
816 295 1048 342 Cumanus,
1081 294 1295 334 Casilinas.
1343 295 1490 335 Audio.
1532 294 1594 333 Ab
1624 294 1703 334 alia
1731 299 1850 348 porta
1881 295 2010 349 Cape-

260 372 356 406 nas,
386 357 589 404 Faliscus,
621 357 818 405 Sabinus,
850 357 1072 404 Reatinus,
1102 355 1382 404 venafranus,
1413 355 1641 404 Allifanus,
1672 356 2009 397 Trebulanus.—

259 421 397 460 Habes
427 423 578 459 tantam
609 420 848 472 pecuniam,
881 431 962 472 qua
992 418 1118 458 hosce
1150 429 1294 458 omnes
1324 432 1444 472 agros
1477 423 1516 459 et
1538 423 1696 458 ceteros
1726 418 1874 458 horum
1901 420 2011 459 simi-

259 483 319 523 les
349 496 433 522 non
462 480 585 521 modo
617 494 775 527 emere,
806 495 948 522 verum
974 481 1096 520 etiam
1119 492 1359 520 coacervare
1381 482 1540 533 possis:
1572 494 1644 520 cur
1665 494 1737 520 eos
1759 493 1843 520 non
1864 479 2010 520 definis

228 547 396 598 5neque
427 543 639 590 nominas,
669 548 714 583 ut
745 543 890 583 saltem
911 542 1140 581 deliberare
1171 541 1314 593 plebes
1336 542 1520 581 Romana
1542 543 1696 596 possit,
1729 542 1829 595 quid
1849 542 2012 582 intersit

261 620 356 654 sua,
388 606 488 660 quid
520 605 738 658 expediat,
771 610 974 658 quantum
1006 603 1079 643 tibi
1109 604 1150 642 in
1176 603 1360 643 emendis
1383 610 1422 643 et
1442 604 1483 642 in
1505 603 1736 643 vendendis
1756 604 1880 644 rebus
1900 617 2012 644 com-

259 667 505 708 mittendum
543 668 688 720 putet?
732 667 919 713 Definio,
964 665 1122 719 inquit,
1167 665 1339 704 Italiam.
1391 666 1497 705 Satis
1529 671 1637 705 certa
1667 665 1798 718 regio.
1847 665 2013 706 Etenim

262 729 509 784 quantulum
537 730 730 776 interest,
770 734 906 768 utrum
937 729 979 767 in
1009 727 1170 767 Massici
1201 726 1361 766 radices
1393 740 1444 766 an
1482 728 1523 767 in
1552 727 1746 780 Apuliam
1776 727 1911 767 aliove
1942 727 2014 766 de-

260 792 501 832 ducamini?
552 789 617 830 67.
638 792 746 843 Age,
777 804 861 829 non
883 787 1028 829 definis
1060 789 1215 827 locum:
1269 788 1397 841 quid?
1429 793 1617 828 naturam
1638 789 1757 841 agri?
1788 789 1920 836 Vero,
1950 789 2014 828 in-

212 854 373 909 aequit,
405 867 476 901 Qv1
505 866 629 894 Anam
659 866 738 893 AVT
770 865 862 891 com
892 865 1042 891 Possrr.
1094 849 1176 897 Qui
1207 850 1338 902 possit
1359 851 1488 898 arari,
1520 851 1672 903 inquit,
1704 856 1774 891 aut
1794 851 1899 898 coli,
1930 864 2013 891 non

262 917 334 970 qui
374 921 511 957 aratus
542 921 611 955 aut
642 914 775 954 cultus
807 914 871 953 sit.
918 914 1061 953 Utrum
1091 913 1193 952 hacc
1224 913 1292 952 lex
1323 917 1386 952 est
1415 926 1467 952 an
1499 913 1636 952 tabula
1666 912 1910 953 Veratianae
1942 925 2014 951 au-

261 979 440 1019 ctionis?
480 978 523 1017 in
565 990 648 1031 qua
689 976 889 1029 scriptum
919 975 1046 1014 fuisse
1077 975 1218 1014 aiunt:
1261 987 1410 1014 wenna
1442 988 1511 1022 cc,
1553 988 1593 1015 ix
1625 988 1768 1022 vavs
1800 987 2013 1015 omvETvM

259 1053 373 1080 FIERI
411 1053 585 1087 Pornsn
625 1051 776 1079 IVGERA
816 1051 910 1085 ece,
950 1051 1017 1076 vni
1056 1049 1232 1076 ixs‘ri‘rw
1274 1051 1423 1077 visen:
1462 1050 1648 1077 rossvxr.
1708 1037 1795 1077 Hoc
1828 1043 1870 1077 tu
1901 1050 2013 1077 emes

260 1104 336 1143 ista
367 1101 656 1143 innumerabili
685 1100 881 1154 pecunia,
913 1099 1026 1152 quod
1057 1099 1162 1138 arari
1192 1102 1263 1137 aut
1293 1099 1373 1138 coli
1404 1100 1565 1152 possit?
1613 1098 1734 1146 Quod
1766 1099 1899 1139 solum
1931 1104 2012 1138 tam

212 1175 247 1204 45
260 1167 368 1208 exile
408 1172 449 1206 et
486 1178 670 1206 macrum
710 1169 794 1210 est,
831 1161 943 1215 quod
974 1167 1109 1201 aratro
1141 1161 1362 1213 perstringi
1392 1174 1476 1200 non
1508 1160 1671 1214 possit?
1710 1165 1781 1200 aut
1811 1160 1922 1214 quod
1953 1165 2014 1200 est

260 1234 342 1270 tam
372 1241 565 1282 asperum
595 1230 807 1272 saxetum,
837 1225 878 1263 in
911 1237 993 1277 quo
1025 1223 1300 1276 agricolarum
1331 1222 1463 1262 cultus
1494 1236 1577 1261 non
1610 1221 1827 1262 elaboret?

371 1290 550 1337 Idcirco,
590 1288 745 1342 inquit,
786 1286 905 1339 agrOs
936 1286 1150 1325 nominare
1180 1298 1265 1324 non
1296 1297 1487 1337 possum,
1525 1284 1623 1337 quia
1653 1288 1819 1337 tangam
1850 1284 2012 1325 nullum

261 1355 310 1395 ab
340 1352 485 1394 invito.
525 1351 628 1398 Hoc,
661 1349 859 1398 Quirites,
891 1347 1021 1387 multo
1053 1352 1115 1387 est
1148 1347 1449 1400 quaestuosius,
1483 1359 1607 1398 quam
1638 1346 1672 1385 si
1702 1346 1753 1386 ab
1786 1346 1916 1387 invito
1947 1360 2014 1387 su-

261 1420 414 1464 meret3
458 1413 629 1454 inibitur
659 1411 769 1452 enim
800 1409 905 1450 ratio
937 1414 1133 1462 quaestus
1165 1408 1215 1448 de
1248 1412 1384 1447 vestra
1414 1409 1611 1460 pecunia,
1644 1412 1684 1447 et
1714 1414 1801 1448 tum
1832 1409 2015 1463 denique

212 1487 247 1517 ΞΟ
261 1492 358 1532 ager
389 1481 566 1523 emetur,
607 1488 701 1515 cum
732 1474 841 1513 idem
872 1472 1067 1525 expediet
1096 1470 1272 1523 emptori
1305 1476 1345 1509 et
1377 1470 1594 1509 venditori.
1653 1470 1803 1511 XXVI.
1835 1469 1901 1511 68.
1933 1471 2014 1512 Sed

260 1541 398 1582 videte
429 1540 511 1579 vim
542 1538 643 1591 legis
674 1537 870 1589 agrariae.
928 1535 988 1573 Ne
1021 1534 1058 1572 ei
1090 1533 1283 1585 quidem,
1315 1532 1385 1585 qui
1416 1545 1536 1584 agros
1568 1533 1757 1585 publicos
1786 1534 2015 1586 possident,

262 1602 464 1643 decedent
493 1601 544 1641 de
574 1598 862 1653 possessione,
897 1596 978 1636 nisi
1011 1600 1131 1635 erunt
1161 1594 1327 1634 deducti
1359 1594 1514 1646 optima
1545 1595 1788 1635 condicione
1819 1601 1860 1635 et
1889 1609 2015 1649 pecu-

260 1665 330 1705 nia
360 1665 551 1704 maxima.
603 1661 811 1701 Conversa
841 1659 958 1698 ratio.
1007 1658 1162 1704 Antea,
1203 1670 1293 1695 cuni
1328 1661 1416 1695 erat
1445 1670 1468 1695 a
1500 1656 1665 1696 tribuno
1697 1656 1830 1709 plebis
1860 1658 2015 1698 mentio

261 1726 364 1779 legis
405 1724 590 1778 agrariae
628 1723 756 1769 facta,
798 1721 995 1761 continuo
1038 1719 1110 1772 qui
1142 1731 1264 1771 agros
1303 1718 1494 1770 publicos
1526 1724 1597 1757 aut
1629 1719 1699 1771 qui
1729 1719 2015 1771 possessiones

211 1798 247 1827 25
260 1788 489 1829 invidiosas
523 1785 718 1825 tenebant
747 1782 1086 1823 extimescebant.
1133 1782 1245 1820 llaec
1276 1780 1345 1820 lex
1367 1794 1438 1819 eos
1472 1780 1663 1820 homines
1694 1779 1871 1821 fortunis
1901 1781 2016 1821 locu-

260 1851 412 1904 pletat,
453 1848 610 1888 invidia
650 1847 810 1886 liberat.
863 1846 996 1893 Quam
1028 1844 1179 1883 inultos
1212 1842 1346 1890 enim,
1389 1842 1598 1890 Quirites,
1639 1843 1884 1883 existimatis
1912 1856 2015 1891 esse,

262 1912 334 1967 qui
376 1911 637 1951 latitudinem
677 1907 985 1962 possessionum
1023 1906 1152 1952 tueri,
1195 1905 1265 1958 qui
1300 1904 1498 1944 invidiam
1529 1904 1795 1944 Sullanorum
1824 1918 2016 1957 agrorum

260 1975 366 2015 ferre
399 1987 482 2013 non
514 1972 702 2025 possint?
746 1970 818 2023 qui
848 1968 1028 2009 vendere
1059 1968 1244 2021 cupiant,
1276 1972 1504 2019 emptorem
1536 1980 1618 2006 non
1647 1966 1885 2020 reperiant?
1923 1981 2016 2020 per-

261 2037 358 2077 dere
388 2037 471 2076 iam
503 2034 687 2087 denique
718 2032 811 2071 illos
843 2044 962 2084 agros
994 2030 1153 2070 ratione
1175 2029 1317 2082 aliqua
1336 2029 1494 2068 velint?
1539 2028 1621 2076 Qui
1642 2030 1768 2082 paulo
1791 2033 1885 2069 ante
1908 2029 2017 2068 diem

212 2110 247 2138 30
261 2104 511 2152 noctemque
541 2095 807 2136 tribunicium
838 2106 991 2133 nomen
1020 2092 1267 2138 horrebant,
1299 2096 1477 2130 vestram
1499 2091 1581 2130 vim
1612 2091 1872 2139 metuebant,
1902 2105 2017 2132 men-

262 2162 417 2202 tionem
454 2159 557 2212 legis
598 2157 781 2211 agrariae
818 2155 1189 2209 pertimescebant,
1233 2152 1270 2191 ei
1311 2166 1419 2193 nunc
1460 2154 1585 2192 etiam
1623 2153 1731 2193 ultro
1761 2154 2018 2206 rogabuntur

262 2229 388 2277 atque
419 2222 668 2268 orabuntur,
701 2225 744 2259 ut
773 2231 894 2271 agros
924 2217 1073 2270 partim
1105 2215 1314 2269 publicos,
1347 2215 1494 2268 partim
1527 2215 1674 2268 plenos
1695 2215 1898 2265 invidiae,
1928 2216 2018 2269 ple-

350 2405 380 2436 4.
407 2402 591 2435 Literninus
614 2399 793 2432 Gebhardt
816 2398 849 2438 (1.
868 2397 888 2429 l.
909 2399 962 2430 111.
983 2407 1014 2439 p.
1035 2399 1052 2429 7
1071 2398 1180 2438 sqq.):
1207 2397 1354 2428 meruius
1379 2397 1422 2434 133
1448 2396 1588 2428 lice-rrius
1604 2396 1643 2435 l·';
1670 2397 1842 2429 Linternus
1863 2395 1962 2432 ALx}
1976 2399 2012 2431 Ο.

267 2472 301 2478 -
328 2454 489 2487 Casilinas
512 2450 676 2483 Camillus
693 2449 922 2489 Peregrinus:
949 2456 993 2478 an
1016 2448 1169 2478 casianus
1192 2446 1216 2478 E
1232 2447 1252 2477 1³
1267 2448 1308 2483 P3
1337 2446 1472 2477 Casinas
1494 2448 1519 2478 Λ
1535 2447 1557 2477 L
1572 2444 1591 2478 Q
1606 2447 1648 2483 03
1672 2447 1909 2486 Neapolitanus
1923 2447 2017 2480 Geb-

264 2504 367 2536 hardt
388 2503 410 2536 l.
435 2503 457 2534 l.
483 2511 516 2543 p.
543 2502 562 2534 8
586 2509 639 2541 sq.
671 2518 705 2522 -
741 2499 799 2540 Ab]
830 2498 868 2529 ob
898 2498 922 2529 E
936 2498 1008 2529 FP.
1038 2514 1071 2518 fi
1106 2497 1137 2528 2.
1164 2495 1314 2536 Sabinus]
1339 2496 1480 2528 Sabinus
1502 2504 1582 2535 affer
1605 2496 1627 2526 F
1641 2496 1686 2533 A;
1722 2496 1853 2529 iabinus
1873 2507 1955 2539 ager
1975 2499 2014 2530 E.

262 2557 395 2587 Vocem
418 2561 500 2594 ayer
521 2550 616 2583 deles
627 2551 651 2582 it
667 2548 872 2585 Lanibinus3
899 2547 1055 2579 defendit
1071 2546 1249 2578 Gebliardt
1271 2545 1292 2577 Ι.
1311 2545 1332 2577 l.
1360 2555 1392 2587 p.
1413 2546 1506 2577 lO.-—
1538 2545 1752 2586 Venafranus]
1774 2555 1961 2580 ueneranus
1975 2548 2013 2587 E3

260 2612 446 2637 uenerauus
469 2603 502 2633 F.
530 2618 565 2622 ——
591 2600 739 2639 Alifanus
762 2596 832 2629 LQ,
861 2615 894 2618 —
922 2598 953 2628 5.
976 2596 1082 2636 plebes
1106 2596 1129 2627 E
1145 2596 1224 2627 FA:
1246 2595 1336 2635 plebs
1360 2605 1440 2627 cum
1465 2595 1520 2627 ed.
1547 2594 1667 2626 Aldina
1692 2597 1715 2626 L
1731 2594 1801 2628 sso,
1827 2597 1878 2630 Cf.
1904 2598 1936 2639 g.
1961 2598 2014 2630 65.

262 2673 296 2677 —
323 2654 354 2686 6.
379 2654 411 2684 in
437 2653 516 2683 ante
540 2659 573 2681 V.
598 2649 771 2681 vendendis
795 2656 864 2678 om.
891 2648 927 2678 T.
957 2663 991 2668 —
1017 2647 1049 2676 8.
1075 2644 1228 2684 Apuliam
1252 2645 1424 2684 Sigonius:
1462 2645 1593 2676 lluliam
1616 2645 1812 2685 Ε1·’ΛΣΞΟ;
1844 2647 2018 2689 Liyuriam

256 2705 334 2735 Ant.
360 2701 582 2743 Augustinus.
613 2717 646 2721 —
674 2698 705 2729 9.
731 2697 797 2737 1190
820 2706 885 2728 uon
908 2696 1020 2736 definis
1043 2695 1160 2725 locum.
1187 2694 1264 2733 quid
1287 2698 1445 2726 naturam
1467 2694 1571 2735 agyri?
1600 2702 1695 2734 uero,
1721 2696 1827 2734 inquit
1849 2696 1930 2728 EF:
1956 2705 2018 2738 aye

255 2762 319 2784 uon
345 2752 457 2793 definis
479 2750 597 2781 locum.
625 2747 710 2787 Quid
734 2750 844 2777 >ialam
868 2754 944 2776 rere
968 2744 1075 2782 inquit
1091 2746 1132 2778 Ρς
1160 2752 1220 2784 aye
1237 2752 1301 2775 non
1318 2746 1429 2786 definis
1445 2744 1579 2776 locum?
1604 2745 1687 2783 Quid
1704 2745 1809 2776 nam?
1830 2745 1912 2787 Agyri
1925 2755 2014 2785 vero,

254 2803 360 2842 inquit
384 2804 428 2839 (ῖς
454 2801 520 2841 Aac
544 2798 655 2839 definis
679 2798 795 2828 locum.
824 2796 987 2835 Quidnam
1011 2795 1086 2835 ayt-i
1108 2803 1185 2826 itero
1209 2794 1342 2833 inquit?
1365 2796 1410 2831 A}
1436 2794 1502 2834 Aqe
1518 2803 1612 2830 vero,
1639 2795 1751 2834 (Ietinis
1766 2795 1883 2827 locum.
1912 2795 2017 2835 Quid-

254 2861 334 2883 nam
364 2851 440 2892 ας]νὶ
469 2858 563 2887 vere,
596 2848 702 2887 inquit
733 2855 812 2878 cum
838 2846 892 2877 ed.
928 2845 1155 2877 (ji-atamlrina
1180 2843 1220 2881 ΣΗ
1253 2844 1319 2884 119⁰
1340 2853 1416 2875 cero
1441 2844 1552 2884 desinis
1575 2843 1691 2874 locum.
1727 2845 1890 2883 Quidnam
1913 2843 2017 2885 ayri?

254 2902 334 2942 Αῃνὶ
349 2910 443 2939 vero,
468 2899 573 2939 inquit
589 2899 625 2929 L.
644 2915 677 2919 —
697 2897 748 2928 lO.
765 2897 878 2936 possit.
907 2897 968 2935 Qui
982 2896 1082 2935 possit
1099 2913 1117 2917 -
1129 2912 1146 2917 -
1163 2894 1224 2925 coli
1241 2902 1311 2924 oni.
1330 2894 1366 2925 E.
1386 2911 1419 2914 —
1438 2894 1489 2923 Μ.
1513 2894 1710 2925 Vei-alianae
1726 2894 1768 2925 E:
1786 2893 1957 2925 veracione
1972 2893 2014 2931 F;

256 2951 461 2982 Ner-atianae
483 2950 509 2980 G
522 2949 559 2980 O.
588 2947 638 2980 Cf.
659 2956 721 2988 pro
740 2946 860 2978 Flacco
878 2948 909 2986 5¹.
928 2945 982 2977 4-6.
1000 2963 1033 2966 -
1056 2946 1107 2976 45.
1126 2944 1165 2985 et]
1184 2947 1242 2975 aut
1258 2944 1292 2974 T.
1312 2961 1345 2965 -
1366 2944 1416 2975 118.
1435 2944 1519 2981 Hoc,
1547 2944 1687 2982 Quirites
1702 2942 1870 2975 Klotzius:
1895 2943 2018 2982 hocque

255 3001 280 3032 E
295 3001 336 3038 F;
355 3001 413 3031 hoe
429 3006 556 3039 quoque
572 2999 599 3029 Α
612 2998 636 3028 L
651 2994 670 3028 53
685 2997 721 3028 Ο.
741 3015 775 3019 -
797 2997 847 3027 49.
868 2995 1028 3027 inhibetur
1044 2995 1068 3025 E
1083 2995 1104 3025 F
1120 2996 1160 3032 P;
1187 2994 1307 3024 tutetur
1323 2994 1347 3024 G
1361 2994 1388 3024 A
1401 2992 1440 3030 δέ,
1461 2993 1640 3024 invenietur
1653 2994 1688 3024 L.
1714 2992 1945 3024 Emendatum
1963 2992 2018 3023 est

256 3051 290 3081 in
313 3058 422 3090 marg.
449 3050 488 3080 A.
516 3064 551 3069 —
578 3047 632 3079 ⁶20.
658 3046 804 3086 expediet
828 3046 907 3077 EF:
935 3043 1113 3085 eaepedierit
1136 3043 1199 3074 AL
1214 3041 1233 3076 ἓ
1249 3042 1285 3073 Ο.
1309 3059 1343 3064 -—
1370 3042 1423 3073 2¹.
1449 3042 1476 3073 ei
1500 3043 1524 3074 E
1539 3043 1584 3073 F:
1609 3042 1634 3073 ii
1656 3039 1802 3073 ALsso.
1824 3058 1858 3063 -
1886 3041 1939 3073 ⁶22.
1965 3040 2017 3072 de-

256 3100 352 3139 ducti]
378 3099 505 3131 deducti
522 3096 665 3137 pecunia
689 3097 732 3135 E,
760 3095 823 3127 sed
846 3094 997 3126 verbum
1017 3094 1159 3134 pecunia
1181 3091 1305 3124 lineola
1328 3093 1528 3123 transversa
1553 3091 1724 3126 deletum.
1750 3109 1785 3113 —
1811 3094 1840 3122 et
1858 3088 2014 3130 pecunia]

257 3150 319 3180 «ln
343 3150 411 3181 ima
435 3148 558 3189 pagina
582 3147 650 3178 duo
676 3147 735 3177 aut
758 3146 820 3177 tria
845 3144 1014 3176 vocabula
1040 3152 1142 3175 erasa
1167 3143 1267 3175 erant
1289 3140 1495 3181 videturque
1520 3140 1645 3182 aliquid
1672 3139 1830 3171 deesse.»
1855 3140 1947 3170 Prin.
1976 3156 2010 3162 -

255 3197 308 3228 Β23.
335 3201 409 3229 ante
431 3206 505 3229 cum
528 3198 563 3228 F.
577 3214 611 3219 --
638 3196 690 3228 ⁶25.
717 3195 966 3227 extimescebam
982 3193 1147 3226 Klotzius:
1175 3191 1482 3232 &pertimescebant
1505 3192 1562 3223 EF
1575 3193 1619 3229 A3
1640 3188 1909 3230 pertimescebant
1933 3195 2014 3219 cum

258 3245 313 3277 ed.
331 3245 452 3278 Aldina
475 3247 499 3278 L
513 3244 585 3278 20.
612 3244 661 3277 Cf.
680 3254 714 3286 p.
735 3245 837 3277 Caec.
864 3244 894 3285 g.
914 3244 969 3276 98.
990 3261 1024 3266 —
1050 3244 1102 3276 29.
1130 3243 1196 3276 dies
1217 3245 1386 3282 noctesque
1401 3242 1438 3274 L.
1460 3259 1487 3264 -
1521 3241 1574 3273 31.
1599 3240 1629 3275 ei
1651 3238 1815 3273 Klotzius:
1842 3241 1873 3273 et
1894 3237 2008 3276 EFP;

258 3295 283 3326 *ii
306 3293 455 3329 ALsso.
487 3295 537 3329 Cf.
563 3295 593 3337 §-
620 3295 673 3328 81.
700 3295 743 3336 (p.
770 3295 844 3327 632.
869 3303 903 3326 v.
929 3293 973 3333 7.)
