2143 3713
279 241 359 284 640
494 245 563 285 DE
594 243 734 285 LEGE
764 243 1001 284 AGRARIA
1031 244 1189 285 LIBER
1218 245 1269 286 ΙΙ.
1301 246 1399 287 CAP.
1421 247 1633 287 XXXVII.
1665 246 1827 301 §.1103

279 371 350 397 vos
379 356 579 396 fortunati
610 356 743 404 eritis,
786 357 819 396 si
853 357 964 396 huuc
1001 362 1173 404 statum,
1211 371 1335 411 quem
1369 358 1554 406 habetis,
1594 372 1679 399 non
1714 360 1878 412 ignavia
1913 375 2038 414 quae-

277 419 414 465 situm,
445 417 518 457 sed
538 417 694 457 virtute
725 424 892 472 partum
921 419 1160 459 tenueritis:
1194 420 1309 473 quod
1341 435 1416 474 ego
1439 435 1487 462 ea
1510 422 1754 469 concordia,
1788 436 1915 476 quam
1936 425 2037 464 mihi

278 481 478 520 constitui
519 493 611 519 cum
654 480 818 533 collega
860 480 1118 520 invitissimis
1158 480 1208 520 iis
1238 480 1495 530 hominibus,
1537 484 1608 536 qui
1638 497 1714 523 nos
1746 485 1788 524 in
1819 486 2036 525 consulatu

281 542 595 582 inimicissimos
634 541 720 583 fore
760 543 789 594 ’ᾖ
830 543 988 583 actibus
1023 543 1186 595 providi
1225 544 1415 584 omnibus
1453 545 1651 597 prospexi
1690 558 1789 586 sane
1833 549 2035 587 revocavi.

245 603 396 643 5Iden1
428 603 604 643 tribunis
639 604 773 657 plebis
805 604 1068 650 denuntiavi,
1109 617 1161 643 ne
1193 604 1292 656 quid
1332 605 1557 646 turbulenti
1590 620 1654 645 me
1687 608 1856 648 consule
1887 609 2038 648 conssa-

276 671 380 707 rent.
431 665 644 706 Summum
676 672 716 706 et
746 664 1025 705 firmissimum
1047 669 1109 704 est
1135 665 1238 704 illud
1261 668 1550 707 communibus
1572 667 1749 708 fortunis
1771 670 2036 722 praesidium,

279 728 486 777 Quirites,
518 732 584 776 ut,
616 728 759 782 quales
790 741 865 767 vos
896 727 1100 767 hodierno
1133 727 1199 766 die
1234 729 1414 768 maxima
1445 731 1638 770 contione
1670 730 1771 769 mihi
1803 744 1876 784 pro
1908 731 2038 771 salute

277 795 413 829 vestra
444 790 715 842 praebuistis,
747 789 850 829 tales
882 789 1056 842 reliquis
1089 790 1344 842 temporibus
1374 792 1433 831 rei
1454 793 1646 845 publicae
1668 793 1915 845 praebeatis.
1960 794 2036 832 Pro

277 857 389 892 certo
423 851 626 904 polliceor
655 852 735 892 hoc
767 852 885 891 vobis
917 857 1042 905 atque
1074 852 1291 900 confirmo,
1332 865 1396 892 me
1428 867 1519 894 esse
1550 854 1851 907 perfecturum,
1881 860 1926 894 ut
1957 855 2035 894 iam

230 914 443 954 iotandem
474 914 557 962 illi,
589 916 660 968 qui
690 914 838 954 honori
871 914 1111 953 inviderunt
1141 926 1256 961 me0‚
1291 919 1427 955 tamen
1449 930 1522 957 vos
1554 918 1770 959 universos
1802 917 1844 956 in
1866 916 2036 956 consule

276 979 498 1032 deligendo
528 978 755 1031 plurimum
786 976 943 1016 vidisse
975 975 1198 1016 fateantur.

362 1152 391 1182 l.
418 1160 517 1190 quain
532 1159 588 1181 vos
602 1149 766 1190 fortunati
782 1149 872 1180 eritis
888 1148 982 1180 Madx
993 1149 1078 1188 igius
1092 1158 1098 1178 t
1125 1158 1188 1188 quo
1203 1158 1259 1180 <ros
1274 1149 1442 1189 fortunam
1459 1151 1570 1190 regyt'lis
1588 1151 1611 1181 li
1628 1151 1648 1181 F
1663 1152 1688 1181 A
1704 1151 1726 1181 L
1741 1149 1761 1183 ξ’
1777 1150 1817 1186 Ο;
1844 1154 1966 1188 quanto
1983 1158 2037 1180 ros

273 1201 508 1241 forthatiores
530 1200 620 1232 eritis
644 1198 821 1230 Halmius:
861 1207 924 1237 quo
947 1208 1003 1229 vos
1025 1199 1160 1238 fortuna
1182 1199 1314 1230 meliore
1337 1200 1427 1230 erilis
1450 1200 1711 1231 MonunseniUS.
1741 1218 1775 1222 —
1802 1208 1896 1238 quem
1917 1200 2038 1230 habetis

276 1251 464 1290 Madvigius
481 1260 486 1280 :
513 1258 607 1289 quem
623 1249 745 1280 habetis
764 1257 829 1280 esse
845 1249 870 1279 13
886 1249 906 1279 F
918 1250 945 1279 A
960 1249 983 1279 L
998 1247 1019 1281 8
1033 1249 1069 1280 Ο.
1088 1266 1122 1270 -
1138 1258 1203 1280 non
1219 1250 1355 1290 ignavia
1371 1250 1569 1289 quaesitum,
1595 1251 1648 1280 sed
1663 1250 1782 1280 virtute
1792 1253 1929 1288 partum
1945 1248 2038 1281 Mad-

275 1301 408 1339 vigius:
444 1309 510 1330 non
532 1300 687 1340 ignoraui
710 1308 776 1330 non
801 1299 983 1341 quaesitum
1004 1300 1058 1329 sed
1076 1300 1145 1330 vita
1163 1303 1301 1339 partum
1324 1300 1459 1339 (partim
1476 1301 1507 1338 F)
1532 1301 1637 1331 ocium
1655 1300 1678 1330 li
1693 1300 1713 1330 F
1728 1301 1770 1336 P}
1796 1309 1861 1330 non
1883 1300 2036 1340 ignoravi

277 1349 487 1391 (ἱῃηονανηὶηῐ
504 1350 538 1389 G)
551 1358 561 1380 .·
586 1358 630 1380 an
652 1349 834 1389 quaesitum
856 1349 911 1380 sed
931 1349 1000 1379 vita
1019 1352 1156 1388 partum
1179 1350 1285 1380 ocium
1310 1351 1394 1386 GA3
1430 1350 1595 1381 meliorem
1619 1359 1683 1380 non
1711 1349 1888 1389 ignoratis,
1916 1357 1979 1379 non
2002 1351 2037 1379 ut

276 1399 476 1437 quaesitum,
502 1400 557 1430 sed
578 1400 648 1429 vita
666 1402 804 1438 partum
827 1399 928 1429 otium
953 1407 1032 1429 cum
1058 1398 1113 1429 ed.
1141 1399 1355 1439 Ilei-vagiana
1378 1400 1402 1430 L
1417 1398 1489 1432 210.
1509 1417 1543 1421 -—
1560 1400 1590 1430 ’2.
1617 1408 1655 1430 ea
1673 1399 1862 1439 Madvigius
1887 1400 1954 1439 (ap.
1976 1398 2037 1430 Us—

276 1449 454 1489 singium):
480 1451 509 1480 ct
532 1449 557 1480 E
572 1449 593 1480 F
606 1451 631 1480 A
646 1447 668 1482 ΣΞ
682 1450 725 1486 Ο;
752 1457 795 1480 tw
817 1449 853 1479 L.
872 1466 906 1470 —
924 1448 954 1479 3.
980 1448 1180 1479 invitissimis
1202 1449 1252 1489 iis]
1276 1450 1496 1480 inuictissimis
1512 1458 1575 1480 csse
1592 1450 1748 1480 E1‹·1‘.—
1768 1450 1823 1489 qui
1840 1458 1896 1481 nos
1910 1448 2038 1481 Madvi-

277 1499 369 1538 gius:
390 1507 469 1538 quos
485 1507 543 1529 uos
558 1498 582 1529 E
598 1499 618 1529 F
633 1500 657 1529 G
674 1499 696 1529 P
710 1500 754 1535 A;
777 1506 856 1536 quos
868 1506 949 1528 cum
967 1497 1022 1529 ed.
1042 1498 1259 1537 llcrvagiana
1275 1499 1299 1529 L
1314 1496 1335 1531 (ξ
1350 1498 1387 1529 Ο.
1403 1516 1436 1519 —
1454 1497 1484 1529 4.
1495 1498 1732 1529 inimicissimos
1745 1499 1816 1538 sore
1828 1498 2033 1538 Madvigius:

275 1548 405 1579 inimico
417 1556 481 1579 esse
497 1550 525 1579 et
537 1547 685 1587 corporis
699 1547 724 1578 E
739 1548 778 1583 P;
804 1546 935 1577 inimico
952 1555 1017 1578 esse
1032 1550 1061 1578 et
1077 1548 1269 1587 corporibus
1286 1549 1325 1586 F;
1345 1549 1521 1579 immisistis
1536 1552 1565 1579 ct
1584 1549 1732 1588 corporis
1747 1549 1772 1579 Α
1786 1558 1792 1585 ;
1812 1548 1958 1579 inimicos
1972 1556 2037 1578 esse

275 1601 304 1629 et
328 1598 448 1628 animis
470 1600 499 1628 et
521 1598 669 1636 corporis
685 1604 764 1628 cum
784 1595 840 1627 ed.
859 1596 1072 1635 llervagiana
1092 1595 1111 1629 δὲ
1126 1598 1168 1629 O:
1196 1598 1342 1629 inimicos
1358 1606 1422 1629 esse
1437 1601 1466 1629 ct
1483 1598 1586 1628 animi
1602 1601 1630 1629 et
1645 1598 1793 1637 corporis
1810 1598 1844 1629 L.
1861 1615 1896 1619 —
1913 1597 2038 1628 actibus

276 1647 424 1686 (iaclibus
441 1647 476 1686 G)
497 1646 631 1685 prouidi
648 1645 813 1686 (praeuidi
829 1647 866 1684 A)
888 1646 1035 1676 omnibus
1052 1647 1213 1686 prospexi
1228 1648 1391 1686 (perspexi
1409 1648 1440 1686 F)
1465 1656 1544 1678 sane
1560 1649 1712 1679 revocant*
1735 1648 1759 1678 E
1774 1648 1796 1678 F
1809 1649 1832 1678 P
1845 1649 1886 1678 A:
1914 1646 2037 1677 actibus

270 1697 426 1736 prouiclz‘:
452 1696 599 1727 omnibus
618 1695 775 1735 prospexi
797 1703 876 1725 sanc
891 1698 920 1726 et
943 1696 1093 1727 revocari
1110 1704 1190 1727 cum
1208 1696 1264 1728 ed.
1291 1697 1507 1736 llervagiaua
1525 1698 1546 1731 53
1561 1698 1604 1733 O;
1631 1697 1701 1728 acie
1713 1698 1843 1736 providi
1857 1707 1867 1727 .·
1891 1697 2037 1728 omnibus

271 1747 429 1786 prosperi
451 1754 529 1777 sane
552 1749 581 1777 ct
600 1745 761 1785 praecari
784 1745 825 1782 L;
853 1745 1074 1784 iactavmwzt,
1100 1746 1188 1777 vobis
1211 1746 1358 1777 omnibus
1377 1746 1535 1786 prosperi
1558 1750 1656 1785 atquc
1678 1749 1831 1778 revocavi
1846 1747 1978 1786 Ussing.
1996 1761 2031 1768 —

275 1799 307 1829 5.
333 1806 372 1829 ne
396 1796 595 1828 Turnebus:
629 1805 698 1828 oni.
725 1794 872 1828 EFAQ.
903 1814 936 1818 —
962 1799 1147 1827 constarent
1171 1797 1213 1834 E;
1246 1800 1409 1828 constaret
1432 1798 1466 1828 F.
1495 1814 1530 1818 -«
1557 1797 1587 1828 7.
1614 1797 1720 1836 quatis
1736 1795 1874 1826 --talis
1897 1795 1968 1826 EF.
1996 1812 2031 1816 —

274 1848 428 1879 hodierno
446 1849 515 1879 Nic.
532 1845 710 1887 Angelius:
737 1847 895 1878 hodierna
913 1846 936 1877 E
952 1847 973 1877 F
986 1848 1023 1877 A.
1039 1864 1073 1867 —
1088 1846 1119 1878 8.
1139 1847 1232 1886 reip.
1252 1847 1323 1878 Nic.
1342 1846 1525 1887 Angelius:
1553 1848 1589 1878 R.
1604 1856 1639 1887 p.
1659 1847 1702 1884 T;
1726 1856 1759 1887 p.
1777 1847 1814 1878 R.
1833 1847 1858 1878 E
1872 1846 1893 1877 F
1906 1848 1932 1877 A
1946 1843 1980 1878 Β.
1995 1861 2030 1867 -

276 1898 307 1928 9.
333 1901 420 1929 certo
444 1898 517 1929 Nic.
535 1896 715 1937 Angelius:
743 1900 830 1928 certo
844 1899 973 1936 reperto
991 1897 1032 1934 E?
1059 1899 1146 1928 certo
1162 1900 1270 1936 repeto
1288 1898 1312 1928 P
1324 1898 1369 1933 Α;
1396 1900 1484 1928 certo
1501 1900 1627 1937 recepto
1646 1897 1679 1928 F.
1698 1914 1732 1919 —
1750 1897 1800 1928 11.
1820 1896 1980 1936 diligendo
1998 1896 2030 1928 F.

362 2041 507 2081 Empticit
529 2040 608 2072 liber
629 2041 666 2072 Μ
670 2066 675 2071 .
705 2040 736 2072 T.
756 2040 859 2072 Cicer.
885 2040 924 2071 de
947 2040 1014 2080 lesse
1037 2040 1179 2081 agraria
1202 2040 1370 2071 secundus.
1405 2039 1522 2079 Incipit
1543 2039 1662 2070 tercius
1684 2039 1725 2075 Ε;
1751 2038 1897 2078 E.1:pticit
1918 2046 2034 2070 secun-

275 2092 335 2123 ‹lus
357 2092 437 2123 liber
461 2093 497 2123 (Ie
520 2092 588 2131 lesse
610 2091 764 2132 agraria.
801 2091 918 2130 Incipit
941 2091 1054 2122 tertius
1077 2091 1218 2122 eiusdem
1233 2091 1279 2122 M.
1301 2090 1332 2121 T.
1353 2089 1386 2122 C.
1406 2090 1446 2127 F;
1473 2089 1567 2121 Liber
1582 2089 1622 2120 II.
1641 2089 1808 2129 empticuit.
1845 2088 1961 2128 Incipit
1975 2089 2029 2120 III.

274 2143 311 2173 In
336 2142 465 2173 Rullum
489 2140 573 2173 Trib.
598 2142 643 2172 Pl.
670 2143 706 2173 P.
