2143 3713
260 194 339 235 594
778 194 976 236 ORATIO
1007 196 1108 236 PRO
1139 197 1186 236 A.
1219 196 1480 238 CLUENTIO

261 312 356 361 post
384 306 532 345 iterum
562 305 831 346 advocantur.
881 306 1067 345 Habetur
1097 306 1146 346 de
1177 307 1336 360 integro
1359 308 1574 362 quaestio:
1605 308 1718 348 nulla
1737 310 1799 349 vis
1820 314 1999 350 tormen-

261 375 396 410 torum
426 367 721 407 acerrimorum
750 369 1115 420 praetermittitur:
1156 369 1362 410 adversari
1400 370 1586 409 advocati
1618 375 1658 409 et
1686 371 1767 410 iam
1798 371 1866 411 vix
1893 371 1999 412 ferre

260 444 404 484 posse:
434 429 571 469 furere
603 430 780 470 crudelis
811 436 934 483 atque
966 431 1200 484 importuna
1229 432 1394 480 mulier,
1427 433 1504 471 sibi
1528 445 1812 485 nequaquam,
1843 439 1888 473 ut
1908 447 2000 485 spe-

259 499 407 541 rasset,
445 508 493 533 ea
524 507 630 547 quae
663 495 884 546 cogitasset
914 493 1149 547 procedere.
1198 492 1298 533 Cum
1328 495 1406 534 iam
1440 500 1569 533 tortor
1598 500 1722 547 atque
1753 499 1891 534 essent
1919 499 2001 533 tor-

228 562 396 597 5menta
434 557 523 608 ipsa
563 555 749 603 defessa,
794 569 930 609 neque
970 562 1104 594 tamen
1144 554 1214 593 illa
1245 552 1365 596 linem
1396 556 1531 596 facere
1561 556 1706 602 vellet,
1748 556 1919 609 quidam
1949 569 2000 595 ex

256 618 486 665 advocatis,
516 618 640 658 homo
671 624 711 658 et
740 618 967 657 honoribus
998 617 1137 670 populi
1168 624 1334 657 ornatus
1357 624 1397 658 et
1427 632 1585 657 summa
1606 618 1753 657 virtute
1774 618 2001 670 praeditus,

256 681 486 733 intelligere
526 695 569 720 se
612 681 737 727 dixit,
774 694 857 720 non
896 679 938 719 id
977 679 1063 731 agi,
1102 684 1147 717 ut
1177 691 1317 718 verum
1349 681 1626 726 inveniretur,
1664 679 1736 718 sed
1766 686 1812 720 ut
1842 680 2001 733 aliquid

253 743 347 783 falsi
378 743 513 783 dicere
545 748 804 795 cogerentur.
850 742 938 781 lIoc
971 747 1190 794 postquam
1222 743 1346 782 ceteri
1367 743 1710 795 comprobarunt,
1742 756 1795 782 ex
1815 743 2000 781 omnium

254 806 459 846 sententia
498 805 768 844 constitutum
809 809 889 851 est,
934 805 1032 844 satis
1073 803 1205 843 videri
1246 818 1336 844 esse
1376 806 1619 858 quaesitum.
1685 802 1770 844 178.
1800 804 2003 844 Redditur

203 872 240 901 ⁴0
255 867 487 920 Oppianico
525 867 807 906 Nicostratus:
854 866 1048 905 Larinum
1090 867 1180 918 ipsa
1225 864 1494 919 proficiscitur
1533 882 1626 906 cum
1666 868 1751 907 suis
1790 879 1999 906 maerens:

253 930 366 983 quod
396 930 476 969 iam
507 934 618 968 certe
648 928 899 967 incolumem
930 926 1059 967 lilium
1089 928 1177 967 fore
1207 928 1396 981 putabat,
1428 930 1478 968 ad
1510 942 1634 981 quem
1665 942 1750 968 non
1780 928 1901 969 modo
1932 940 2001 966 ve-

252 1005 342 1031 rum
381 991 558 1036 crimen,
600 989 673 1029 sed
713 1002 765 1028 ne
794 990 891 1029 ficta
922 989 1091 1041 quidem
1124 990 1305 1042 suspicio
1335 992 1569 1043 perveniret
1600 997 1640 1030 et
1669 991 1732 1030 cui
1764 1004 1848 1030 non
1876 989 1999 1029 modo

251 1057 394 1107 aperta
431 1051 694 1092 inimicorum
734 1051 1010 1104 oppugnatiO,
1052 1052 1124 1091 sed
1158 1065 1209 1091 ne
1240 1052 1424 1092 occultae
1457 1053 1623 1105 quidem
1653 1053 1795 1092 matris
1825 1053 1999 1093 insidiae

250 1128 400 1155 nocere
430 1113 676 1166 potuissent.
724 1114 918 1152 Larinum
950 1119 1167 1167 postquam
1202 1114 1335 1161 venit,
1372 1127 1477 1167 qnae
1509 1128 1531 1153 a
1562 1116 1752 1154 Stratone
1782 1115 1854 1154 illo
1875 1128 2000 1155 vene-

201 1182 238 1212 ⁴5
251 1191 349 1217 num
381 1182 504 1216 antea
532 1175 620 1215 viro
652 1188 727 1215 suo
759 1176 898 1215 datum
930 1175 1006 1215 sibi
1037 1189 1281 1229 persuasum
1304 1190 1393 1215 esse
1415 1176 1667 1222 simulasset,
1699 1176 1941 1215 instructam
1963 1176 2000 1215 ei

251 1239 449 1280 continuo
482 1242 523 1278 et
554 1242 741 1277 ornatam
771 1238 908 1289 Larini
941 1239 1166 1278 medicinae
1198 1238 1454 1278 exercendae
1485 1252 1609 1278 causa
1639 1238 1852 1278 tabernam
1874 1238 2001 1278 dedit.

250 1302 394 1341 LXIV.
424 1300 582 1347 Unum,
614 1299 812 1347 alterum,
844 1300 1011 1340 tertium
1043 1315 1196 1340 annum
1229 1302 1366 1341 Sassia
1389 1301 1653 1354 quiescebat,
1684 1306 1728 1340 ut
1749 1301 1855 1341 velle
1876 1306 2001 1354 atque

250 1370 394 1417 optare
423 1362 583 1416 aliquid
615 1362 858 1402 calamitatis
889 1360 973 1401 filio
1004 1363 1140 1415 potius
1172 1377 1295 1416 quam
1317 1364 1357 1403 id
1380 1370 1537 1403 struere
1560 1369 1599 1404 et
1620 1363 1754 1404 moliri
1778 1362 2001 1403 videretur.

250 1424 344 1466 ll·79.
374 1427 480 1466 Tum
519 1424 684 1464 interim
717 1424 766 1472 Q.
796 1424 1016 1464 Hortensio
1049 1426 1098 1472 Q.
1129 1426 1297 1465 Metello
1329 1427 1590 1472 consulibus,
1630 1431 1675 1464 nt
1705 1426 1815 1465 hunc
1849 1424 2002 1477 Oppia-

201 1492 237 1522 20
251 1488 390 1528 nicum
420 1486 534 1527 aliud
564 1490 754 1537 agentem
786 1499 832 1524 ac
863 1486 966 1525 nihil
1008 1487 1096 1527 eius
1130 1487 1239 1527 modi
1271 1489 1521 1540 cogitantem
1553 1488 1605 1527 ad
1634 1488 1741 1527 hanc
1772 1487 2003 1527 accusatio-

251 1563 345 1590 nem
376 1548 632 1596 detraheret,
666 1549 794 1587 invito
826 1548 1051 1601 despondit
1080 1551 1117 1589 ei
1148 1548 1273 1589 liliam
1296 1564 1433 1597 snam,
1465 1551 1598 1597 illam,
1630 1564 1753 1603 quam
1776 1563 1827 1589 ex
1848 1561 2000 1601 genero

251 1616 508 1664 susceperat,
548 1616 593 1649 ut
624 1623 718 1649 enm
749 1610 904 1662 nuptiis
935 1611 1145 1663 alligatum
1177 1612 1297 1652 simul
1329 1618 1369 1651 et
1398 1613 1633 1652 testamenti
1664 1624 1734 1664 spe
1767 1611 2002 1650 devinctum

251 1678 394 1727 posset
430 1672 582 1712 habere
623 1673 661 1711 in
704 1678 920 1725 potestate.
978 1673 1067 1712 Iloc
1099 1674 1188 1726 ipso
1220 1673 1305 1713 fere
1338 1681 1520 1727 tempore
1553 1676 1687 1713 Strato
1718 1673 1787 1713 ille
1818 1672 2003 1713 medicus

252 1736 364 1776 domi
393 1734 546 1774 furtum
575 1733 673 1774 fecit
703 1739 744 1774 et
773 1735 941 1774 caedem
963 1735 1051 1775 eius
1082 1737 1207 1776 modi.
1257 1738 1354 1776 Cum
1379 1743 1489 1776 esset
1508 1737 1549 1775 in
1572 1736 1745 1776 aedibus
1767 1734 2002 1780 armarium,

202 1799 296 1837 25in
327 1810 408 1851 quo
440 1796 564 1836 sciret
594 1809 685 1836 esse
716 1810 978 1836 nummorum
1009 1798 1267 1851 aliquantum
1296 1804 1334 1838 et
1363 1798 1471 1845 auri,
1503 1804 1631 1837 noctu
1653 1797 1756 1836 duos
1780 1808 2002 1836 conservos

255 1859 505 1900 dormientes
536 1859 690 1899 occidit
718 1860 761 1899 in
792 1859 1079 1913 piscinamque
1111 1861 1285 1900 deiecit:
1316 1862 1404 1914 ipse
1435 1860 1599 1900 armarii
1625 1859 1799 1898 fundum
1821 1857 2006 1897 exsecuit

256 1928 295 1963 et
316 1922 393 1963 Hs
418 1922 433 1940 ³⁴
457 1921 470 1941 ³⁴*
501 1926 542 1960 et
570 1921 658 1961 auri
680 1922 868 1975 quinque
890 1923 1029 1974 pondo
1051 1924 1231 1970 abstulit,
1263 1937 1346 1962 uno
1370 1937 1421 1962 ex
1441 1923 1570 1962 servis
1592 1934 1722 1974 puero
1745 1934 1828 1960 non
1861 1918 2005 1972 grandi

255 1985 434 2025 conscio.
502 1980 588 2023 180.
620 1985 742 2024 Furto
774 1984 973 2037 postridie
1004 1985 1167 2037 cognito
1199 1985 1331 2024 omnis
1364 1985 1543 2037 suspicio
1576 1984 1617 2023 in
1646 1996 1718 2023 eos
1740 1995 1903 2029 servos,
1935 1981 2006 2034 qui

255 2060 341 2087 non
379 2047 693 2100 comparebant,
734 2047 1081 2086 commovebatur.
1134 2046 1234 2085 Cum
1277 2046 1459 2085 exsectio
1499 2046 1570 2085 illa
1608 2045 1726 2085 fundi
1755 2044 1799 2084 in
1829 2044 2006 2084 armario

207 2110 672 2156 3⁰animadverteretur,
722 2109 978 2162 quaerebant
1016 2109 1230 2155 homines,
1276 2121 1457 2160 quonam
1499 2106 1621 2147 modo
1662 2104 1749 2146 lieri
1788 2106 2006 2160 potuisset.

258 2171 438 2220 Quidam
468 2185 521 2211 ex
550 2171 693 2211 amicis
726 2171 888 2210 Sassiae
918 2170 1157 2211 recordatus
1189 2176 1273 2218 est,
1305 2184 1348 2210 se
1380 2183 1511 2222 nuper
1542 2170 1583 2208 in
1614 2169 1804 2209 auctione
1827 2164 2007 2223 quadam

257 2233 408 2273 vidisse
439 2232 482 2272 in
512 2233 633 2273 rebus
664 2233 831 2273 minutis
862 2233 1084 2279 aduncam,
1116 2246 1169 2271 ex
1195 2233 1305 2272 omni
1330 2238 1445 2285 parte
1470 2232 1679 2271 dentatam
1702 2236 1743 2271 et
1765 2235 2006 2278 tortuosam,

258 2295 400 2335 venire
429 2295 651 2342 serrulam,
684 2308 767 2348 qna
795 2294 895 2334 illud
927 2295 1111 2348 potuisse
1135 2295 1191 2334 ita
1212 2295 1499 2334 circumsecari
1522 2294 1745 2334 videretur.
1775 2294 1834 2333 Ne
1855 2293 2006 2333 multa:

259 2357 514 2411 perquiritur
543 2370 567 2396 a
597 2357 879 2397 coactoribus:
910 2357 1120 2397 invenitur
1151 2371 1198 2396 ea
1229 2357 1387 2396 serrula
1412 2357 1463 2395 ad
1490 2357 1722 2396 Stratonem
1752 2356 2006 2408 pervenisse.

211 2419 349 2458 35Hoc
378 2418 495 2458 initio
527 2419 776 2472 suspicionis
809 2425 897 2459 orto
930 2425 970 2458 et
1000 2425 1139 2472 aperte
1170 2418 1407 2458 insimulato
1432 2419 1643 2465 Stratone,
1675 2430 1779 2469 puer
1809 2417 1879 2457 ille
1910 2430 2008 2457 con-

261 2480 372 2521 scius
401 2481 634 2533 pertimuit:
676 2495 761 2520 rem
793 2495 955 2521 omnem
988 2480 1179 2520 dominae
1211 2481 1425 2520 indicavit:
1467 2479 1655 2519 homines
1687 2479 1729 2517 in
1759 2478 1918 2531 piscina
1947 2480 2009 2518 in-

262 2543 373 2584 venti
405 2548 521 2582 sunt:
555 2543 690 2582 Strato
722 2543 765 2581 in
796 2543 961 2582 vincula
992 2542 1200 2582 coniectus
1223 2548 1307 2590 est,
1338 2547 1463 2595 atque
1496 2542 1617 2581 etiam
1647 2541 1690 2580 in
1722 2541 1891 2581 taberna
1921 2541 2008 2581 eius

262 2606 441 2652 nummi,
472 2618 738 2658 nequaquam
769 2619 934 2652 omnes,
978 2605 1253 2657 reperiuntur.
1320 2601 1404 2642 181.
1438 2603 1706 2643 Constituitur
1736 2603 1927 2656 quaestio
1959 2604 2010 2643 de

261 2667 385 2708 furto.
444 2668 546 2707 Nam
577 2667 677 2720 quid
709 2667 930 2720 quisquam
961 2668 1163 2720 suspicari
1194 2667 1306 2707 alind
1338 2668 1508 2719 potest?
1553 2667 1617 2705 An
1646 2665 1723 2705 hoc
1754 2666 1916 2715 dicitis,
1947 2679 2010 2708 ar-

348 2857 379 2888 ⁰2.
405 2858 575 2889 aduersari
598 2858 638 2888 T:
666 2857 850 2888 adversm-tt
873 2859 893 2887 S
908 2858 990 2895 κ’Λζ,
1017 2860 1165 2891 aversari
1190 2867 1268 2890 cum
1294 2859 1328 2889 P.
1347 2857 1497 2889 Manutio
1522 2857 1544 2887 Ι,
1560 2858 1578 2888 21
1594 2858 1630 2888 O.
1653 2875 1686 2878 —
1715 2857 1745 2888 6.
1770 2857 1862 2889 hemo
1885 2859 1915 2889 et
1936 2864 2006 2888 om.

263 2906 299 2938 T.
327 2923 360 2928 —
388 2906 419 2938 8.
445 2907 550 2938 dicere
573 2915 642 2938 om.
669 2908 704 2938 Τ.
733 2925 767 2929 —-
794 2908 824 2937 o.
850 2910 893 2938 est
919 2916 986 2938 om.
1014 2909 1050 2939 T.
1079 2926 1112 2930 —-
1142 2909 1192 2940 43.
1219 2910 1392 2948 aperte--
1409 2907 1528 2938 occulte
1554 2907 1573 2937 1³
1587 2908 1625 2938 A.
1655 2924 1689 2928 -—
1723 2906 1773 2939 44.
1800 2916 1821 2938 α
1844 2906 2009 2947 Stratone]

262 2955 448 2988 Stratonem
472 2957 552 2996 (om.
578 2956 609 2995 a)
635 2957 676 2993 T;
700 2965 759 2996 per
782 2958 967 2988 Stratonem
991 2959 1023 2988 S.
1051 2976 1085 2979 —
1114 2960 1165 2989 1¹8.
1192 2966 1291 2998 quam
1314 2965 1383 2988 om.
1409 2957 1443 2987 S.
1472 2974 1504 2977 —
1539 2957 1590 2986 ⁴9.
1619 2957 1655 2995 Q.
1681 2956 1849 2987 Hortensio
1875 2957 1912 2996 Q.
1936 2957 2010 2988 Me-

261 3004 333 3035 tello
357 3004 520 3037 Orellius:
544 3005 713 3037 Hortensio
734 3006 770 3045 Q.
788 3006 914 3037 Metello
931 3005 978 3043 *2[;
1004 3008 1188 3045 Hortensio,
1219 3006 1339 3038 Metello
1364 3014 1443 3037 cum
1468 3007 1502 3036 P.
1522 3006 1672 3037 Manutio
1696 3004 1813 3044 L803
1838 3006 2009 3037 Hortensio

261 3057 290 3085 et
312 3055 438 3087 Metello
460 3055 646 3087 W'eiskius.
674 3073 707 3076 —
741 3056 793 3086 020.
820 3056 920 3097 aliud]
951 3057 1077 3096 aliquid
1100 3059 1158 3089 ST
1174 3058 1245 3088 ΡΑ.
1280 3056 1347 3087 Sed
1377 3056 1418 3087 cf.
1446 3054 1665 3095 Wesenberg
1696 3054 1740 3086 ad
1764 3063 1814 3085 or.
1839 3063 1874 3095 p.
1899 3054 2008 3086 Sestio

262 3112 295 3143 p.
322 3104 373 3135 57.
402 3122 436 3126 —
463 3105 515 3136 ΕΗ.
541 3106 718 3137 attraheret
741 3106 776 3136 L.
799 3124 833 3127 —
859 3106 911 3137 ⁶23.
934 3110 1040 3146 posset
1064 3108 1086 3138 L
1101 3107 1144 3137 O:
1167 3106 1267 3146 possit
1289 3104 1356 3137 ⁵2th
1372 3104 1405 3138 {³-
1426 3122 1459 3125 —
1487 3105 1539 3136 26.
1566 3104 1698 3136 armari
1713 3105 1749 3135 T.
1770 3120 1803 3124 —
1830 3104 1884 3135 ⁶27.
1909 3102 1950 3145 et]
1966 3112 2010 3135 ex

262 3152 298 3183 T.
326 3169 360 3173 —
392 3152 472 3195 IIS.]
499 3155 729 3186 semler-tiorum
751 3156 818 3186 SF.
851 3155 983 3187 Excidit
1015 3164 1194 3188 numerus.
1231 3155 1421 3194 (sestertium
1445 3155 1492 3186 CL
1525 3155 1602 3186 auri
1632 3155 1699 3185 Iac.
1726 3153 1943 3195 Gronovius.)
1971 3170 2006 3175 —-

262 3201 313 3233 30.
345 3203 545 3242 quaerebant
575 3213 643 3236 om.
670 3206 692 3236 1³
705 3207 744 3237 A.
779 3223 813 3228 -
846 3205 900 3237 32.
926 3215 968 3238 er
996 3207 1082 3237 omni
1108 3223 1124 3228 -
1141 3224 1160 3230 -
1182 3205 1344 3236 serrulam
1374 3205 1568 3236 Priscianus
1597 3204 1653 3235 111.
1678 3203 1715 3241 7,
1741 3202 1794 3235 42.
1823 3221 1858 3225 —
1891 3203 2008 3235 denta-

262 3254 330 3282 tam
358 3253 571 3293 Priscianus,
601 3254 643 3285 O:
680 3255 810 3288 <lentum
832 3255 905 3293 SF;
931 3255 1074 3288 dentium
1097 3253 1245 3288 TALSJ.
1277 3271 1309 3276 —
1349 3254 1400 3286 33.
1425 3255 1659 3287 circumsecare
1681 3252 1750 3285 SF.
1781 3271 1816 3277 —
1853 3252 1905 3285 39.
1931 3251 2008 3294 quid

264 3308 336 3332 om.
362 3302 397 3336 T.
