2143 3713
438 221 635 263 ORATIO
666 219 767 261 PRO
796 220 845 260 A.
879 220 1142 261 CLUENTIO
1174 219 1269 261 Cu.
1291 220 1321 259 Ι.
1351 219 1423 273 §§.
1446 218 1565 261 4-3.
1795 219 1866 260 544

213 335 243 374 1.
275 332 312 374 4.
342 333 645 380 Animadverti,
677 331 845 379 iudices,
876 345 1040 373 omnem
1071 331 1325 372 accusatoris
1356 333 1582 373 orationem
1614 334 1654 373 in
1682 333 1784 373 duas
1815 333 1876 373 di-

131 397 258 437 visam
295 410 386 436 esse
426 402 585 449 partes,
626 407 797 448 quarum
838 393 966 434 altera
1007 394 1107 434 mihi
1146 394 1219 433 niti
1251 398 1291 434 et
1328 407 1477 446 magno
1509 408 1634 447 opere
1665 395 1874 435 confidere

131 459 347 499 videbatur
376 458 529 498 invidia
558 457 638 496 iam
670 456 894 495 inveterata
920 456 1059 496 iudicii
1089 456 1272 503 Iuniani,
1303 456 1432 495 altera
1454 462 1611 496 tantum
1633 456 1757 496 modo
1779 470 1876 496 con-

133 520 364 560 suetudinis
395 532 518 560 causa
547 518 689 558 timide
722 521 763 557 et
793 516 1029 558 diffidenter
1057 518 1257 570 attingere
1290 518 1486 558 rationem
1518 518 1709 557 veneficii
1740 519 1876 558 crimi-

132 597 248 630 num,
289 595 369 635 qua
399 582 449 621 de
479 594 522 620 re
552 580 642 632 lege
674 583 737 619 est
766 579 868 618 haec
900 580 1087 633 quaestio
1119 580 1353 619 constituta.
1413 580 1557 633 Itaque
1588 579 1687 618 mihi
1719 585 1907 620 certum5

132 650 195 684 est
228 645 334 684 hanc
365 642 536 683 eandem
569 641 897 680 distributionem
930 641 1107 680 invidiae
1138 645 1178 680 et
1217 641 1436 681 criminum
1467 642 1526 681 sic
1559 643 1600 681 in
1633 641 1876 682 defensione

132 719 316 753 servare,
347 710 392 744 ut
421 717 563 744 omnes
594 702 827 754 intelligant
849 703 951 742 nihil
973 716 1036 742 me
1058 715 1134 741 nec
1156 702 1442 755 subterfugere
1463 703 1644 743 voluisse
1666 703 1876 743 reticendo

132 782 206 808 nec
238 768 455 807 obscurare
488 765 676 804 dicendo.
722 762 760 803 ἱ).
793 764 874 804 Sed
907 779 998 804 cum
1030 764 1271 811 considero,
1303 779 1384 818 quo
1413 764 1535 805 modo
1566 765 1664 804 mihi
1694 766 1737 804 in
1768 770 1878 804 utra-

131 843 209 884 que
240 843 283 869 re
313 829 366 868 sit
394 826 710 872 elaborandum,
742 826 869 865 altera
900 840 994 879 pars
1016 831 1058 866 et
1078 839 1146 873 ea,
1179 840 1285 880 quae
1307 827 1474 879 propria
1496 832 1558 866 est
1587 827 1733 867 iudicii
1753 827 1877 867 vestri

130 898 170 931 et
199 891 403 943 legitimae
433 888 624 928 veneficii
655 889 932 941 quaestionis,
964 901 1038 941 per
1070 888 1169 928 mihi
1200 889 1333 928 brevis
1365 894 1406 928 et
1436 902 1519 928 non
1547 902 1721 942 magnae
1753 889 1795 928 in
1817 888 1928 930 di-40

129 953 258 993 cendo
298 951 571 991 contentionis
609 949 696 989 fore
735 951 917 990 videtur:
960 951 1089 990 altera
1128 955 1288 997 autem,
1326 964 1431 1004 quae
1470 952 1610 1005 procul
1641 951 1691 990 ab
1723 950 1877 990 iudicio

128 1019 282 1054 remota
313 1018 396 1060 est,
429 1026 534 1066 quae
564 1012 826 1052 contionibus
849 1013 1042 1052 seditiose
1065 1013 1279 1052 concitatis
1300 1013 1651 1053 accommodatior
1671 1018 1733 1052 est
1755 1026 1877 1066 quam

129 1075 360 1128 tranquillis
391 1074 699 1127 moderatisque
730 1073 916 1120 iudiciis,
948 1076 1170 1128 perspicio,
1209 1080 1408 1128 quantum
1438 1076 1479 1114 in
1510 1075 1671 1129 agendo
1702 1075 1880 1114 difficul-

128 1137 223 1176 tatis
255 1142 295 1177 et
324 1142 521 1190 quantum
554 1135 705 1175 laboris
738 1137 790 1175 sit
819 1136 1024 1176 habitura.
1083 1135 1121 1176 3.
1154 1137 1236 1176 Sed
1268 1138 1309 1176 in
1339 1137 1416 1177 hac
1439 1136 1680 1178 difficultate
1710 1137 1782 1176 illa
1812 1150 1877 1176 me

126 1212 191 1238 res
222 1203 383 1245 tamen,
414 1198 593 1245 iudices,
626 1198 882 1244 consolatur,
915 1198 1027 1251 quod
1058 1212 1132 1238 vos
1165 1199 1215 1238 de
1246 1199 1487 1239 criminibus
1518 1200 1578 1239 sic
1608 1199 1751 1239 audire
1782 1212 1928 1240 con->15

126 1260 297 1307 suestis,
342 1265 388 1299 ut
427 1273 567 1299 eorum
606 1273 770 1299 omnem
814 1259 1131 1300 dissolutionem
1172 1261 1223 1300 ab
1254 1266 1414 1301 oratore
1447 1263 1675 1315 quaeratis:
1720 1266 1765 1301 ut
1794 1275 1880 1302 non

132 1322 375 1362 existimetis
405 1321 498 1375 plus
529 1335 602 1362 vos
633 1321 683 1361 ad
715 1322 888 1362 salutem
920 1335 990 1361 reo
1022 1322 1161 1375 largiri
1194 1328 1410 1375 oportere,
1443 1337 1567 1376 quam
1589 1328 1787 1377 quantum
1809 1324 1881 1364 de-

128 1383 271 1424 fensor
307 1383 534 1437 purgandis
575 1383 813 1423 criminibus
844 1385 1042 1437 consequi
1081 1389 1122 1424 et
1159 1384 1336 1425 dicendo
1368 1385 1544 1438 probare
1574 1386 1770 1439 potuerit.
1819 1387 1880 1426 De

126 1446 283 1486 invidia
321 1451 460 1486 autem
502 1445 561 1486 sic
591 1445 700 1485 inter
729 1459 804 1485 nos
835 1446 1068 1499 disceptare
1099 1446 1279 1495 debetis,
1321 1452 1367 1487 ut
1395 1460 1501 1496 non,
1541 1447 1639 1501 quid
1671 1447 1828 1488 dicatur
1857 1461 1882 1488 a

211 1588 475 1629 Inscriptionem
502 1595 570 1619 non
594 1587 723 1619 habent
739 1588 814 1619 PT.
836 1606 871 1610 —-
898 1589 1021 1619 Hsniro
1047 1589 1162 1621 SFA:
1188 1589 1281 1621 Avito
1305 1587 1421 1626 L20;
1447 1599 1516 1622 om.
1534 1591 1578 1622 M.
1606 1590 1881 1632 «Habilicogno·

125 1646 206 1670 men
238 1637 318 1669 olim
351 1638 384 1668 in
414 1637 576 1669 omnibus
610 1637 819 1669 editionibus
850 1638 923 1669 sine
947 1637 1014 1669 ulla
1043 1639 1240 1680 suspicione
1265 1638 1481 1678 vulgabatur.
1528 1640 1663 1673 Primus
1694 1641 1880 1673 Lambinus

126 1688 264 1719 Cuiacio
289 1695 423 1718 morem
449 1687 571 1726 gessit,
598 1687 656 1727 qui
679 1686 721 1717 ad
748 1686 851 1718 Paulli
869 1689 900 1718 S.
921 1688 957 1719 R.
978 1689 1031 1719 III.
1059 1689 1108 1720 tit.
1127 1688 1157 1721 4.
1179 1688 1401 1720 librariorum
1418 1698 1537 1721 errore
1555 1689 1648 1729 illud,
1667 1690 1880 1732 ubicumque

127 1738 326 1778 appareret,
361 1738 479 1767 natum
511 1744 588 1767 esse
620 1736 797 1768 contendit
820 1738 854 1767 et
877 1738 1073 1777 antiquam,
1109 1746 1197 1778 quae
1222 1737 1265 1769 illi
1290 1737 1494 1778 videbatur,
1532 1739 1681 1772 sormam
1703 1740 1816 1773 Avitus
1840 1750 1881 1772 ex

129 1785 319 1817 Florentino
349 1785 600 1817 pandectarum
632 1784 669 1824 (l.
696 1785 747 1817 39.
774 1786 812 1817 D.
840 1787 877 1817 de
900 1786 1013 1825 poenis
1035 1787 1175 1818 XLVIII.
1203 1787 1267 1827 49.)
1301 1788 1420 1819 codice
1453 1789 1708 1821 restituendum
1733 1791 1878 1822 censuit.

128 1833 194 1865 Sed
230 1843 271 1865 ne
308 1835 341 1865 in
369 1835 435 1866 hoc
467 1834 608 1875 quidem
635 1833 733 1873 illud,
770 1835 863 1875 quod
889 1844 906 1865 a
933 1836 1098 1868 Lambino
1123 1831 1304 1877 receptum
1330 1838 1437 1868 ceteri
1462 1846 1584 1870 omnes
1608 1839 1698 1870 iusto
1723 1840 1881 1880 cupidius

127 1883 364 1923 arripuerunt,
394 1884 520 1921 Avitus,
554 1883 693 1924 legitur,
725 1884 788 1915 sed
811 1886 921 1916 Abifus
949 1885 1021 1917 sola
1053 1887 1262 1928 aspiratione
1293 1886 1447 1926 abiecta,
1479 1888 1571 1928 quod
1596 1889 1717 1920 vitium
1740 1890 1774 1920 in
1799 1898 1880 1921 sex-

128 1933 237 1963 centis
262 1932 459 1965 nominibus
485 1933 587 1964 etiam
610 1932 722 1965 bonos
747 1935 781 1965 et
803 1936 958 1966 vetustos
983 1934 1088 1967 libros
1112 1936 1252 1973 insedit,
1280 1937 1369 1968 sicut
1391 1938 1423 1968 in
1448 1938 1570 1978 paucis
1586 1940 1784 1970 nostrorum
1805 1940 1838 1971 h.
1857 1939 1878 1971 l.

128 1983 281 2022 apparet.
330 1981 436 2014 Nobis
469 1983 610 2023 quidem
640 1982 747 2014 multo
779 1985 904 2022 tutius,
938 1985 1044 2016 inimo
1068 1987 1268 2018 necessario
1294 1985 1346 2017 illa
1373 1988 1520 2018 nominis
1544 1988 1654 2019 forma
1677 1989 1879 2022 reducenda

127 2030 329 2069 videbatur,
367 2041 471 2072 quam
506 2041 568 2072 per
592 2034 699 2064 totam
724 2034 918 2065 orationem
943 2034 1043 2076 longe
1068 2035 1224 2076 plerique
1250 2037 1283 2067 et
1306 2037 1593 2077 praestantissimi
1618 2038 1757 2071 codices
1782 2040 1881 2071 exhi-

126 2079 211 2111 bent
235 2088 410 2120 quamque
430 2081 623 2119 Quintiliani
648 2082 723 2114 libri
748 2083 790 2113 ad
815 2093 922 2115 unum
941 2093 1062 2117 omnes
1084 2084 1240 2126 pluribus
1256 2085 1339 2118 locis
1357 2089 1559 2119 constanter
1575 2089 1735 2120 tuentur:
1763 2089 1804 2121 cf.
1823 2090 1878 2122 IV.

126 2129 164 2167 Εἰ,
192 2129 242 2160 46.
268 2130 307 2161 V.
336 2130 392 2168 40,
419 2131 471 2162 08.
508 2131 616 2171 [Adde
647 2132 854 2164 Arusianum
888 2135 1052 2167 Messium
1081 2144 1113 2166 V.
1138 2137 1248 2167 Macer
1278 2145 1312 2176 p.
1339 2136 1412 2168 248.
1446 2146 1479 2168 v,
1507 2138 1571 2168 Oro
1601 2141 1631 2170 te
1660 2147 1693 2179 p.
1720 2139 1793 2171 249.
1821 2140 1877 2172 ed.

127 2178 296 2220 Lindem]
320 2180 463 2211 Accedit
487 2181 580 2221 quod
604 2181 685 2213 nihil
711 2183 788 2213 novi
813 2185 869 2214 aut
894 2183 1017 2215 insoliti
1042 2186 1074 2216 in
1092 2185 1201 2216 Habiti
1224 2186 1364 2216 nomine
1381 2187 1489 2225 inest,
1516 2195 1596 2218 cum
1619 2189 1653 2218 et
1668 2187 1732 2220 alia
1750 2198 1880 2230 cogno-

126 2229 218 2260 mina
243 2238 284 2260 ex
314 2229 415 2261 simili
444 2231 704 2271 participiorum
729 2232 858 2271 origine
891 2233 1035 2264 toi-mata
1060 2234 1200 2275 saepius
1224 2232 1400 2274 legantur,
1436 2238 1473 2267 ut
1495 2235 1666 2268 Ambustus
1689 2238 1722 2269 in
1747 2238 1877 2280 Fabiis,

125 2278 246 2309 Potitus
268 2279 301 2309 in
325 2278 484 2318 Valeriis,
509 2281 656 2312 Necatus
680 2281 712 2311 in
731 2282 898 2319 Annacis,
929 2282 1057 2314 Tacitus
1079 2284 1112 2315 in
1138 2283 1323 2323 Corneliis,
1350 2286 1383 2316 et
1405 2285 1520 2326 ipsum
1545 2288 1702 2320 nostrum
1726 2289 1760 2321 in
1784 2292 1879 2322 vete-

125 2328 222 2360 ribus
247 2330 480 2361 monumentis
505 2331 637 2362 exstet:
672 2331 704 2361 in
738 2330 844 2362 Fastis
871 2332 1069 2372 capitolinis
1101 2342 1155 2374 ap.
1183 2335 1318 2366 Gruter.
1348 2335 1385 2366 C.
1412 2335 1519 2366 Inscr.
1546 2344 1579 2366 n.
1606 2337 1679 2369 205.
1705 2338 1753 2379 [p.
1778 2339 1875 2372 XLII.

125 2379 264 2409 nostrae
282 2377 377 2419 edit.]
402 2379 469 2410 hoc
487 2379 602 2410 titulo:
627 2379 665 2411 A.
689 2379 794 2411 Vibius
811 2380 844 2412 C.
862 2381 886 2421 f.
906 2382 939 2413 C.
958 2392 990 2413 n.
1009 2383 1156 2422 Habitus,
1184 2385 1218 2415 et
1241 2383 1314 2415 sine
1333 2384 1541 2425 aspiratione
1558 2385 1590 2417 in
1607 2388 1745 2420 vetusto
1762 2388 1876 2431 lapide

125 2426 216 2467 apud
240 2426 395 2459 Fulvium
419 2429 599 2461 Ursinum:
624 2430 704 2461 Aur.
730 2429 840 2471 Abitus
861 2432 930 2463 Mil.
951 2432 1026 2464 Coh.
1044 2433 1082 2464 X.
1107 2434 1161 2464 Pr.
1189 2431 1297 2473 [Adde
1322 2432 1459 2465 titulum
1482 2433 1751 2470 Sulmonensem
1773 2439 1874 2472 Inscr.

124 2477 162 2508 R.
192 2476 295 2517 Neap.
327 2478 375 2509 ed.
399 2479 578 2511 Mommsen
604 2481 642 2512 N.
668 2477 778 2521 5447]
821 2482 985 2515 Errorem
1017 2486 1144 2516 summi
1172 2484 1235 2515 viri
1265 2484 1366 2517 nimis
1397 2485 1455 2517 diu
1485 2488 1714 2527 propagatum
1742 2489 1876 2529 primus

125 2526 255 2558 notavit
277 2526 487 2560 Niebuhrius
510 2530 598 2561 Mus.
624 2530 732 2562 Rhen.
757 2532 782 2563 Ι.
809 2531 840 2563 3.
865 2540 899 2572 p.
926 2533 1023 2565 223.»
1049 2535 1205 2566 CLAssmv.
1233 2553 1268 2557 -
1294 2543 1336 2566 AD
1361 2544 1488 2567 IVDICES
1511 2537 1552 2568 S:
1579 2545 1648 2568 om.
1675 2539 1793 2570 ceteri.

211 2582 242 2614 4.
266 2582 553 2616 Animadverti„
569 2586 712 2625 quaestio
740 2587 914 2619 constituta
943 2589 1169 2627 Quintilianus
1192 2590 1247 2621 IV.
1273 2591 1304 2630 4,
1331 2590 1383 2623 36.
1414 2592 1508 2631 (VIII.
1535 2592 1570 2631 6,
1597 2592 1648 2624 65.
1674 2594 1730 2626 ΙΧ.
1756 2593 1793 2634 4,
1820 2595 1872 2628 68.

125 2631 178 2663 92.
204 2632 310 2672 404.);
336 2634 463 2666 Marius
485 2635 681 2668 Victorinus
705 2645 739 2677 p.
759 2637 811 2669 52.
837 2646 871 2669 v,
898 2637 916 2669 9
941 2647 1018 2679 sqq.
1044 2641 1182 2671 nostrae
1207 2639 1303 2679 edit.,
1336 2640 1394 2681 qui
1419 2640 1544 2673 desinit
1566 2642 1599 2673 in
1622 2642 1741 2674 verbis
1764 2644 1877 2676 iudicii

124 2681 313 2712 Iuniani.—
339 2683 486 2715 animum
500 2685 626 2716 adverti
642 2686 676 2717 S.
697 2703 732 2707 ——
758 2687 789 2718 2.
811 2688 920 2727 poi-[is
944 2689 1008 2720 ST.
1030 2706 1063 2712 ——
1090 2698 1289 2731 magnopere
1305 2690 1326 2721 S
1343 2699 1495 2732 semper.
1517 2709 1552 2714 —
1579 2691 1608 2724 3.
1626 2693 1778 2724 videatur
1793 2695 1871 2726 P.—

124 2731 193 2762 iam
216 2739 284 2762 om.
301 2731 508 2766 Victorinus.
527 2751 563 2756 —
589 2735 689 2766 iudici
712 2737 746 2767 P.
769 2753 805 2758 —-
831 2737 970 2768 alteram
993 2739 1028 2769 P.
1050 2756 1085 2761 -
1111 2738 1142 2771 4.
1168 2739 1349 2771 orationem
1372 2741 1408 2772 P.
1427 2758 1458 2762 -
1488 2741 1519 2773 6.
1545 2742 1758 2782 defensionem
1780 2744 1816 2775 P.
1838 2761 1872 2766 --

125 2780 156 2812 7.
173 2780 355 2821 intelliyanc
369 2799 416 2805 --
432 2783 564 2814 dicendo
583 2783 687 2816 Iulius
705 2785 905 2818 Rufinianus
924 2787 962 2818 de
978 2788 1035 2827 fiy.
1053 2791 1131 2820 sent.
1158 2788 1188 2829 ἓ.
1207 2788 1259 2820 43.
1285 2806 1322 2811 -
1349 2789 1380 2820 9.
1404 2798 1484 2829 pars
1508 2793 1536 2822 et
1559 2799 1599 2822 ea
1621 2800 1706 2830 quae
1728 2795 1770 2826 P:
1794 2803 1877 2833 pars

125 2832 170 2860 est
191 2838 230 2861 ea
253 2839 336 2870 quae
359 2831 478 2869 STM3
500 2841 582 2872 pars
605 2842 690 2872 quae
713 2835 793 2873 FA;
816 2845 898 2875 pars
921 2845 960 2867 ea
983 2844 1066 2875 quae
1089 2837 1147 2871 1.ss
1162 2838 1199 2869 Ο.
1215 2855 1250 2859 -
1269 2838 1324 2878 est]
1349 2839 1407 2869 etsi
1429 2839 1450 2870 S
1473 2847 1520 2870 m.
1538 2848 1590 2880 pr.
1611 2858 1646 2863 ——
1672 2842 1772 2874 iudici
1787 2843 1822 2875 P.
1837 2861 1872 2866 —-

126 2878 176 2910 40.
195 2878 339 2920 legitima
354 2880 484 2921 benefici
500 2883 534 2913 P.
553 2900 586 2906 -
606 2883 686 2914 mihi
703 2885 871 2923 perbrevis
886 2886 918 2917 S.
941 2903 973 2907 —
1003 2887 1054 2917 44.
1074 2887 1114 2918 ab
1130 2888 1154 2919 P
1167 2888 1208 2919 T:
1236 2897 1258 2919 a
1274 2889 1294 2919 S
1309 2889 1330 2919 F
1344 2889 1375 2920 M
1387 2890 1414 2920 Α
1429 2889 1452 2920 L
1466 2886 1486 2921 Β
1500 2889 1537 2921 O.
1555 2907 1590 2912 —-
1610 2891 1661 2922 42.
1677 2893 1878 2925 contionibus

126 2927 147 2957 S
162 2928 187 2958 T
200 2928 222 2959 F
234 2929 283 2960 M:
310 2930 515 2962 concionibus
529 2933 555 2963 A
569 2932 592 2963 L
606 2930 626 2964 Q
640 2933 677 2964 O.
692 2952 727 2956 —
747 2934 798 2966 43,
820 2936 985 2975 prospicio
1002 2937 1025 2967 L
1041 2933 1072 2967 Q.
1087 2954 1122 2959 —
1141 2941 1300 2976 quantum
1316 2938 1517 2978 difficultatis
1538 2942 1568 2970 et
1583 2945 1741 2980 quantum
1756 2943 1878 2974 laboris

126 2975 166 3006 sit
187 2976 340 3009 habitura
357 2979 417 3018 (sic
435 2979 512 3011 cod.
530 2981 664 3012 Monac.
683 2991 775 3015 saec.
794 2984 893 3016 VIIII.
913 2986 1000 3016 teste
1019 2984 1168 3017 Halmio:
1195 2986 1296 3027 vulgo
1320 2995 1487 3028 perverse
1504 2989 1544 3019 sit
1564 2989 1719 3022 habitura
1742 2992 1876 3030 laboris)

128 3024 314 3058 Diomedes
337 3035 371 3068 p.
389 3027 463 3060 467.
484 3046 519 3050 —
547 3029 598 3061 44.
616 3031 761 3064 habitum
778 3034 821 3065 M.
844 3052 879 3057 —
905 3035 939 3065 in
954 3035 1014 3066 hac
1037 3036 1060 3066 P
1075 3036 1095 3066 S
1113 3036 1176 3076 (pr.
1194 3037 1254 3074 m.)
1273 3037 1313 3068 T:
1340 3037 1374 3067 in
1395 3038 1456 3068 hac
1479 3041 1573 3070 tanta
1588 3041 1613 3071 R
1632 3041 1746 3080 (etiam
1764 3043 1785 3073 S
1800 3051 1873 3075 sec.

128 3073 188 3113 m.)
206 3075 303 3109 ALe
317 3077 354 3108 O.
372 3095 407 3100 —
434 3079 484 3110 45.
511 3081 700 3112 consulatur
714 3083 750 3114 P.
771 3100 805 3105 —
832 3085 1040 3116 consuevistis
1061 3086 1085 3116 L
1099 3083 1131 3117 53..
1153 3103 1188 3108 —
1214 3086 1266 3117 46.
1285 3086 1420 3127 omnem]
1445 3088 1589 3120 omnium
1604 3091 1641 3121 P.
1663 3108 1698 3113 —
1725 3092 1776 3123 48.
1798 3101 1876 3132 pro-

129 3121 216 3163 bare]
241 3132 387 3165 purgare
410 3128 445 3159 T.
474 3145 508 3150 —
537 3129 589 3160 49.
614 3139 672 3161 nos
701 3132 786 3163 PM:
822 3143 879 3164 vos
901 3134 959 3165 ST
974 3132 1154 3166 FALQO.
1184 3134 1396 3174 («Quaenam
1420 3136 1508 3169 haec
1532 3140 1586 3170 est
1608 3139 1762 3172 iudicum
1786 3141 1876 3174 inter

130 3178 168 3202 se
192 3170 421 3214 disceptatio?
448 3177 473 3208 Ii
496 3186 580 3209 vero
604 3179 737 3212 tabellis
762 3182 862 3214 tacite
888 3183 1096 3215 sententiam
1119 3183 1278 3216 ferebant
1300 3194 1415 3226 neque
1438 3187 1529 3219 inter
1551 3197 1607 3228 se,
1640 3198 1764 3222 verum
1786 3191 1876 3224 inter

131 3223 368 3257 accusatorem
393 3228 427 3258 et
448 3236 549 3259 reum
574 3228 825 3271 disceptabant.
852 3232 902 3264 Cf.
924 3233 993 3263 Liv.
1012 3233 1036 3263 Ι.
1055 3233 1107 3264 50.
1133 3232 1217 3265 Plin.
1245 3243 1298 3276 ep.
1324 3235 1393 3266 VII.
1420 3236 1472 3268 45.
1498 3236 1541 3268 de
1565 3238 1637 3270 Inv.
1662 3240 1686 3270 Ι.
1712 3239 1743 3271 3.
1775 3240 1876 3279 Quod

132 3270 248 3302 autem
277 3275 432 3314 sequitur
460 3285 483 3308 a
504 3277 595 3309 nobis
617 3278 661 3310 de
683 3280 787 3312 Accio
812 3280 912 3313 simul
937 3283 971 3312 et
994 3281 1100 3313 Tullio
1124 3282 1270 3322 dieitur3
1308 3286 1401 3316 esset
1424 3286 1534 3326 enim,
1559 3288 1588 3319 si
1612 3287 1655 3318 de
1679 3296 1717 3320 se
1742 3290 1875 3322 tantum

131 3318 206 3359 ipso
222 3329 240 3352 a
257 3321 362 3356 Tullio
379 3325 571 3368 diceretur,
597 3327 800 3363 absurdum.
826 3331 1028 3373 Legendum
1043 3333 1128 3365 inter
1150 3342 1225 3374 nos,
1249 3335 1288 3366 ut
1309 3334 1418 3368 habet
1439 3335 1549 3369 codex
1571 3345 1707 3370 meus.»
1732 3339 1811 3372 Gan.
1828 3339 1873 3381 2.)
