2143 3713
253 193 334 234 456
691 188 1114 231 SUPPLEMENTUM
1143 187 1541 228 ADNOTATIONIS

252 291 325 324 rell.
344 292 445 331 Lagg.
474 308 509 313 —-
536 290 587 321 40.
612 298 677 320 non
700 287 795 329 quod]
821 287 1061 319 auctoritatem
1079 285 1208 318 codicis
1228 285 1286 324 42,
1314 286 1357 318 de
1375 294 1443 327 quo
1460 286 1494 316 Ζ.
1513 285 1621 323 tacet,
1648 293 1711 316 nos
1727 284 1928 317 adiecimus.
1950 300 1984 307 -

253 348 306 379 44.
330 346 417 377 illius
444 346 497 376 29.
523 345 580 377 42:
615 353 684 376 om.
710 345 741 375 5.
768 344 798 374 6.
824 344 881 378 27;
916 343 1018 382 ipsius
1046 340 1120 372 rell.
1153 340 1234 382 (eius
1262 340 1374 373 nullus
1407 342 1485 380 Lag.
1520 339 1652 378 habet.)
1687 357 1722 362 -
1759 340 1811 372 43.
1836 349 1910 372 cum
1931 341 1990 372 iste

249 405 364 442 postea
382 403 529 441 posceret
552 403 768 441 agereturque
791 399 848 429 iste
869 407 921 429 res
944 397 983 429 42
1008 405 1041 438 p.
1063 414 1098 418 —
1125 397 1177 428 45.
1202 397 1341 435 relinqui
1365 396 1417 429 42.
1436 413 1471 420 -
1501 396 1553 427 47.
1578 395 1701 426 iudicia
1723 394 1776 426 42.
1797 413 1832 418 —-
1859 395 1909 427 48.
1935 396 1991 436 qui

252 467 317 490 non
339 457 434 488 modo
458 456 577 487 diceret
599 456 713 486 sanius
735 463 798 486 esse
814 454 853 486 42
876 462 909 494 p.
937 452 1091 493 (Videtur
1113 452 1214 492 igitur
1237 452 1448 493 archetypus
1473 451 1527 491 qui
1550 460 1615 482 non
1637 450 1722 481 mori
1744 449 1933 491 habuisse.)
1952 469 1986 473 —

253 514 305 545 22.
332 511 435 553 hasce]
461 520 483 542 a
505 520 537 542 se
559 510 599 542 42
623 520 656 552 p.
683 528 717 532 —
744 510 797 541 23.
822 510 970 540 incensus
993 508 1066 539 sine
1092 506 1214 548 copula
1237 507 1367 539 habent
1389 508 1407 539 7
1433 509 1532 547 Lago.
1559 506 1657 545 dett..
1682 514 1750 537 non
1773 506 1926 546 infensus.
1954 524 1988 529 —

254 569 283 601 ei
305 569 385 600 ante
408 567 575 599 renuntiat
598 575 660 598 nos
685 566 918 601 restituimus3
945 563 1045 595 abest
1068 563 1095 594 ei
1112 571 1129 593 a
1147 561 1219 593 solo
1236 563 1294 602 29,
1319 571 1387 594 non
1404 564 1485 594 item
1503 571 1521 592 a
1540 561 1596 600 42,
1624 563 1660 592 ut
1676 561 1722 592 ait
1737 562 1770 592 Z.
1787 579 1822 583 —
1840 561 1893 593 24.
1911 562 1993 593 emi-

253 626 390 665 9raral,
423 624 460 654 ut
489 631 553 662 ego
577 623 612 653 et
644 621 812 653 Iordanus
836 619 1061 651 scribendum
1087 626 1165 649 esse
1189 618 1356 657 Vidimus,
1386 618 1492 649 habet
1515 616 1575 655 42,
1607 625 1676 648 non
1699 617 1854 657 emigrat,
1880 619 1918 648 ut
1941 618 1994 649 est

255 679 348 721 apud
371 680 404 710 Z.
430 687 464 720 p.
491 677 585 710 4032.
614 696 649 700 -
674 677 727 708 26.
754 676 951 708 enuntiando
976 675 1015 707 42
1041 683 1072 715 p.
1108 674 1157 705 Cf.
1182 682 1254 705 var.
1273 672 1350 705 lect.
1377 674 1419 705 ad
1437 682 1486 705 or.
1506 682 1538 714 p.
1558 671 1647 703 Sulla
1671 671 1702 712 5.
1721 671 1773 704 44.
1794 689 1827 694 —-
1853 672 1906 704 28.
1924 673 1995 704 cal-

254 736 356 767 lidam
372 734 424 767 42.
442 752 477 757 —
497 734 639 765 audierit
661 731 713 764 42.
731 750 766 754 —
784 732 837 763 28.
857 732 925 762 eius
948 730 1078 762 inducit
1093 730 1197 761 Bake.
1214 746 1247 752 —
1273 729 1326 760 29.
1343 729 1444 760 voluit
1459 729 1511 760 29.
1532 746 1566 750 —
1594 728 1645 759 33.
1666 728 1854 760 liniamenta
1871 736 1994 760 omnes

255 792 357 832 Lagg.
378 809 413 814 -
438 790 569 829 hospitis
591 787 791 820 delectabunt
813 786 853 818 42
877 796 911 828 p.
940 804 976 809 —
1003 786 1055 818 34.
1081 785 1206 824 aliquid
1229 793 1271 816 ex
1292 785 1421 816 Sthenio
1445 783 1496 815 42.

342 867 420 900 pag.
445 858 519 890 205.
545 866 577 888 v.
603 857 632 888 2.
659 858 772 895 aperto
796 854 835 887 42
860 863 893 895 p.
914 872 948 876 —
976 853 1006 886 4.
1032 855 1160 886 edicunt
1182 852 1222 885 42
1246 862 1280 894 p.
1305 870 1339 875 —
1367 853 1397 884 6.
1423 854 1490 885 eius
1513 862 1543 884 se
1567 853 1688 894 legibus
1710 851 1750 884 42
1774 860 1809 893 p.
1829 869 1863 874 —-
1892 851 1922 883 9.
1948 852 1995 883 ita

254 916 338 956 leges
357 917 471 954 postea
493 913 545 944 29.
575 930 610 934 —-
637 911 689 942 40.
714 911 798 941 inter
820 919 886 941 sese
908 910 966 942 29:
993 919 1057 941 sese
1080 918 1149 940 om.
1169 909 1187 940 6
1212 910 1311 949 Lagg.
1332 908 1434 945 dett.;
1460 909 1544 940 inter
1567 918 1599 941 se
1622 909 1640 940 6
1666 910 1699 940 et
1722 907 1782 947 42,
1809 908 1837 940 si
1861 907 1996 939 silentio

256 971 344 1002 fides
369 971 438 1008 est,
464 976 568 1009 quam
593 965 756 1007 equidem
777 965 909 1005 habeo,
936 966 1100 1006 quoniam
1118 974 1159 996 ex
1175 965 1193 995 7
1211 964 1312 996 codd.
1331 965 1481 996 varietas
1503 966 1676 1005 exscripta
1693 965 1757 996 est.
1777 981 1812 985 —
1833 963 1884 995 43.
1902 963 1995 1004 hora]

255 1037 288 1058 n.
314 1035 338 1057 s.
367 1025 438 1064 (sic)
463 1023 504 1055 42
528 1032 561 1064 p.
590 1040 626 1045 -
654 1022 704 1053 45.
728 1025 883 1062 potuerat
905 1020 946 1053 42
971 1030 1018 1061 p.‚
1044 1021 1081 1051 ut
1105 1021 1239 1052 Ernesti
1265 1021 1480 1052 coniecerat:
1503 1024 1633 1060 poterat
1657 1020 1758 1051 codd.
1784 1018 1857 1051 rell.
1876 1019 1946 1050 noti
1963 1020 1998 1051 et

256 1082 293 1114 O.
321 1079 421 1121 (Illud
446 1087 508 1110 nos
532 1078 765 1115 restituimus,
791 1075 939 1108 lectione
965 1076 1094 1108 codicis
1117 1077 1237 1117 optimi
1253 1076 1296 1107 ab
1314 1076 1460 1108 Iordano
1478 1076 1749 1117 praetermissa.)
1769 1093 1803 1097 —
1832 1075 1882 1106 46.
1900 1083 1999 1115 aqere

254 1138 352 1169 istum
374 1136 427 1167 29.
455 1141 490 1156 -’-
516 1134 570 1165 22.
595 1133 723 1175 horam]
748 1133 828 1164 bono
850 1132 921 1172 (sic)
947 1132 987 1164 42
1012 1141 1044 1173 p.
1072 1150 1106 1154 —
1142 1131 1195 1164 24.
1222 1132 1330 1163 dolore
1360 1133 1479 1163 ardore
1502 1136 1599 1171 atque
1624 1132 1702 1163 irac.
1730 1132 1832 1171 Lagg.
1858 1132 1998 1172 praeter

257 1192 310 1225 42.
331 1209 365 1214 -—
392 1190 444 1223 29.
470 1190 559 1230 apud
576 1198 645 1221 om.
663 1188 716 1221 42.
737 1205 771 1210 —
799 1189 888 1228 apud
910 1188 1058 1227 iniquum
1081 1188 1218 1219 iudicem
1233 1188 1377 1227 reperire
1395 1191 1503 1227 posset
1525 1188 1609 1227 quod
1626 1188 1743 1218 diceret
1758 1186 1849 1218 hene
1867 1186 1994 1227 suspic.

256 1248 381 1280 Bakius
404 1245 426 1279 1.
452 1254 481 1277 e.
509 1254 542 1287 p.
569 1244 643 1276 499.
671 1262 705 1266 -
733 1244 786 1277 34.
813 1244 989 1290 quinqenta
1016 1244 1128 1276 Veneri
1150 1243 1326 1284 Erycinae]
1350 1252 1409 1283 que
1430 1252 1508 1275 vene
1530 1244 1657 1274 cuscine
1681 1242 1720 1274 42
1745 1251 1781 1282 p.

344 1323 422 1356 pag.
447 1313 522 1346 206.
554 1322 587 1344 V.
614 1314 644 1344 4.
673 1316 888 1353 posteaquam
913 1313 1055 1352 pecunia
1084 1315 1257 1343 numerata
1281 1311 1332 1342 29.
1366 1311 1587 1352 (numeratum
1610 1310 1650 1343 42
1675 1311 1720 1352 p.)
1747 1328 1781 1332 —
1813 1311 1864 1342 40.
1891 1310 1996 1352 licere]

257 1373 360 1413 legere
382 1370 435 1402 29.
454 1387 488 1391 —
515 1370 657 1410 refertur
680 1368 721 1400 42
745 1377 778 1409 p.
800 1386 835 1390 -
861 1368 913 1399 43.
934 1369 1108 1407 omniaque
1130 1367 1288 1399 habuisset
1312 1377 1434 1407 equora
1454 1367 1673 1407 placabiliora
1691 1366 1730 1398 42
1751 1375 1784 1407 p.
1806 1383 1840 1388 —-
1869 1366 1919 1398 45.
1938 1366 2000 1397 ita-

258 1427 328 1468 que]
354 1430 453 1465 alque
475 1425 527 1457 29.
555 1425 634 1464 (om.
661 1425 709 1464 Z.)
736 1442 770 1446 —
798 1424 849 1455 49.
875 1427 1022 1455 senatum
1046 1432 1114 1455 om.
1141 1424 1158 1455 7
1184 1423 1267 1455 dett.
1297 1442 1330 1446 -
1362 1422 1488 1464 aderat]
1512 1426 1584 1454 erat
1606 1423 1660 1454 29.
1689 1438 1722 1445 -
1750 1423 1801 1454 20.
1825 1425 2001 1461 parcerent

259 1485 289 1516 4.
315 1483 346 1514 5.
373 1482 403 1514 6.
429 1482 470 1513 27
495 1479 569 1513 soli.
598 1498 632 1502 -
659 1480 711 1511 22.
738 1488 812 1510 reus
834 1479 946 1511 absens
966 1479 1074 1519 factus
1096 1479 1148 1511 29.
1178 1495 1212 1501 —
1240 1480 1293 1510 25.
1315 1482 1412 1519 pater
1434 1479 1525 1510 istius
1549 1480 1583 1510 et
1606 1488 1638 1509 v.
1665 1487 1738 1518 seq.
1764 1486 1862 1509 senex
1890 1478 2001 1509 Verres

258 1538 351 1571 delet
374 1538 476 1570 Bake.
504 1554 539 1558 —
565 1538 809 1575 consumpserat
833 1534 872 1566 42
897 1544 930 1576 p.
955 1553 989 1557 -
1017 1535 1069 1567 28.
1094 1543 1133 1566 ne
1156 1534 1306 1566 laborant
1329 1536 1540 1575 confirmatus
1563 1537 1716 1565 curatum
1739 1533 1780 1566 42
1804 1543 1837 1575 p.
1865 1533 2000 1574 (confir-

258 1597 367 1626 maius
383 1605 415 1616 =
433 1593 605 1634 confirmat
627 1592 677 1623 iis.
710 1590 810 1632 Apud
834 1591 1031 1631 Zumptium
1056 1589 1138 1622 falso
1163 1591 1215 1622 est
1238 1598 1271 1630 p.
1291 1590 1384 1621 4033.
1410 1589 1652 1630 confirmatur.)
1673 1607 1706 1611 -—
1733 1589 1785 1621 28.
1811 1597 1905 1620 suum
1928 1598 1998 1621 om.

260 1651 313 1682 29.
342 1665 376 1672 —
403 1648 456 1680 29.
482 1649 516 1679 in
549 1647 697 1679 Siciliam
726 1647 760 1677 in
788 1649 880 1678 terra
908 1649 937 1677 et
965 1646 1053 1676 mari
1084 1645 1124 1677 42
1149 1654 1181 1687 p.
1220 1647 1277 1677 Est
1307 1646 1340 1676 in
1372 1646 1530 1686 repetitio
1555 1644 1686 1676 litterae
1710 1654 1759 1682 m,
1796 1645 1934 1685 iamque
1959 1654 2001 1676 ex

260 1706 391 1747 optimo
417 1704 493 1736 cod.
520 1704 553 1734 in
576 1703 724 1734 Siciliam
747 1705 839 1734 terra
862 1705 891 1733 el
913 1702 1001 1732 mari
1023 1700 1249 1733 scribendum
1273 1702 1325 1732 est
1348 1700 1463 1732 deleto
1485 1701 1598 1740 priore
1616 1704 1662 1738 el,
1688 1699 1782 1740 quod
1800 1700 1903 1732 codd.
1921 1700 2002 1732 reli-

260 1762 318 1803 qui
343 1762 463 1793 contra
488 1767 625 1791 morem
649 1758 821 1790 sermonis
848 1757 991 1789 habent.
1031 1775 1064 1779 —
1103 1757 1154 1788 32.
1187 1757 1372 1796 nuntiisque
1399 1755 1496 1797 filius]
1529 1756 1740 1795 inimicusque
1764 1756 1867 1797 fidelis
1895 1755 1935 1788 42
1966 1766 1999 1798 p.

260 1817 398 1850 Habent
421 1815 547 1848 deinde
573 1823 697 1846 omnes
720 1815 822 1854 Lagg.
849 1813 890 1845 ab
913 1814 1037 1853 incepto
1058 1813 1172 1853 furore
1195 1821 1256 1854 pro
1281 1812 1321 1844 ab
1344 1812 1398 1843 illo
1420 1812 1533 1852 furore
1563 1812 1626 1852 (est
1649 1812 1682 1842 in
1705 1811 1803 1843 Nieb.
1826 1813 1999 1853 margine:

263 1875 407 1913 «incepto
424 1872 514 1914 IX»,
540 1872 560 1903 i.
580 1880 611 1903 e.
631 1879 766 1903 omnes.
786 1887 820 1891 —
848 1869 899 1901 33.
925 1870 960 1900 in
982 1873 1095 1901 senatu
1115 1872 1190 1908 post
1212 1878 1251 1900 ca
1273 1877 1373 1900 causa
1389 1877 1453 1899 non
1470 1868 1583 1908 a9itur
1597 1866 1718 1899 scribit
1734 1868 1858 1899 Bakius
1874 1877 1908 1909 p.
1925 1868 2001 1900 200.

260 1928 281 1961 l.
308 1938 338 1961 c.
366 1946 401 1951 -—
428 1928 480 1960 34.
507 1929 646 1969 offerunt
669 1927 709 1959 42
734 1936 768 1968 p.
797 1944 831 1948 —
858 1925 910 1957 35.
937 1926 974 1957 de
997 1934 1066 1957 om.
1093 1924 1133 1957 42
1158 1934 1191 1966 p.
1219 1942 1254 1947 -
1282 1924 1333 1956 36.
1361 1924 1570 1964 quamplures
1592 1922 1644 1955 42.

347 2006 426 2038 pag.
451 1996 526 2027 207.
552 2004 586 2027 v.
613 1995 644 2028 4.
671 1995 900 2036 beniqnicatem
923 1996 980 2025 aut
1003 1993 1210 2024 ambitionem
1230 1991 1287 2030 4¹23
1314 1996 1373 2024 aut
1395 2000 1464 2023 om.
1482 1991 1534 2023 29.
1555 1991 1665 2032 (deest
1681 1991 1773 2033 apud
1789 1991 1836 2031 Ζ.)
1855 2009 1889 2013 -
1917 1992 1947 2024 8.
1965 2001 2005 2024 ne

261 2057 330 2085 tam
353 2053 481 2093 quidem
504 2051 544 2083 42
570 2060 602 2091 p.
631 2069 666 2073 —-
692 2051 723 2083 9.
748 2060 813 2081 non
834 2050 1001 2090 respondit
1034 2057 1156 2080 omnes
1179 2049 1281 2089 Lagg.
1315 2049 1366 2089 (ut
1390 2051 1443 2080 est
1466 2048 1550 2079 infra
1574 2056 1607 2080 V.
1635 2048 1716 2087 42.);
1751 2057 1817 2079 non
1837 2049 2006 2087 respondet

263 2109 342 2141 edd.
368 2108 479 2139 Verae
496 2106 673 2145 lectionis,
700 2115 806 2147 quain
823 2115 885 2137 nos
902 2106 1129 2142 restituimus,
1156 2104 1246 2135 nulla
1264 2106 1316 2136 est
1338 2105 1466 2135 mentio
1485 2103 1576 2145 apud
1594 2103 1801 2144 Zumptium.
1821 2121 1854 2126 —-
1874 2104 1926 2135 42.
1943 2103 2003 2144 Μ.]

262 2166 303 2197 N.
329 2164 369 2196 42
394 2173 427 2204 p.
457 2181 490 2185 —
519 2164 570 2194 45.
597 2166 721 2201 oportet
743 2161 783 2193 42
808 2171 840 2203 p.
871 2180 905 2183 —
934 2161 984 2192 46.
1008 2170 1114 2200 parvo
1137 2160 1189 2191 29.
1218 2178 1252 2182 —
1278 2161 1329 2191 21.
1356 2161 1402 2191 ita
1425 2161 1514 2200 fecit,
1552 2159 1645 2200 quod
1668 2158 1775 2190 habet
1797 2158 1856 2199 42,
1882 2168 2005 2191 verum

263 2221 415 2256 videtum
442 2218 483 2250 cf.
510 2217 749 2258 Naegelsbach
773 2218 883 2249 latein.
909 2217 1044 2248 Stilistilc
1068 2225 1100 2257 p.
1126 2216 1187 2247 550
1205 2224 1257 2256 sq.
1284 2215 1338 2247 ed.
1359 2217 1396 2247 11.
1418 2233 1451 2237 —
1480 2216 1532 2247 25.
1558 2215 1705 2247 contione
1728 2214 1859 2247 habent
1883 2223 2004 2247 omnes

265 2278 365 2317 Lagg.
393 2293 427 2297 -—
454 2276 506 2306 34.
532 2275 570 2306 de
592 2273 699 2305 hahet
722 2274 760 2304 V.

350 2346 427 2379 pag.
452 2336 527 2368 208.
552 2345 585 2367 V.
604 2337 635 2367 2.
661 2335 810 2376 defensio]
836 2334 922 2365 ratio
938 2334 991 2365 29.
1012 2351 1046 2355 —
1074 2334 1104 2365 6.
1123 2334 1211 2364 nullo
1234 2342 1265 2364 se
1280 2333 1382 2364 videri
1400 2334 1452 2373 (cx
1470 2333 1622 2372 iudices‘2)
1638 2341 1794 2372 umquam
1809 2333 1863 2364 29.
1880 2349 1914 2354 —
1939 2332 2007 2372 ipse

265 2403 298 2426 se
319 2395 353 2424 in
375 2394 416 2425 V.
445 2410 479 2415 —-
505 2393 535 2424 8.
561 2392 595 2422 id
615 2391 725 2431 fecisse
748 2391 833 2429 quod
856 2390 910 2422 29.
933 2407 967 2411 —
995 2391 1130 2421 dictasse
1152 2390 1211 2424 29:
1238 2390 1294 2420 diu
1316 2390 1430 2420 citasse
1453 2389 1492 2421 42
1510 2398 1542 2430 p.
1564 2407 1597 2411 —
1626 2390 1655 2420 9.
1682 2393 1710 2420 et
1735 2397 1804 2420 om.
1830 2388 1886 2427 293
1912 2387 2004 2419 idem

267 2449 360 2482 solus
391 2449 524 2481 Chlorus
553 2446 702 2484 habent,
734 2445 827 2487 quod
851 2454 979 2477 nomen
1003 2446 1036 2477 in
1060 2445 1132 2477 rell.
1158 2446 1260 2485 Lagg.
1286 2445 1380 2476 varie
1405 2446 1608 2485 corruptum
1633 2447 1695 2477 est.
1724 2462 1758 2466 —
1786 2444 1837 2476 40.
1863 2453 2007 2475 comme-

266 2505 408 2537 moravit
431 2504 465 2536 C.
491 2505 527 2535 R.
553 2503 720 2542 Pompeius
743 2502 783 2533 42
808 2511 840 2542 p.
868 2519 902 2523 —
929 2502 1058 2541 Pompei
1081 2503 1111 2533 5.
1139 2502 1168 2533 6.
1197 2501 1247 2533 44.
1276 2519 1310 2524 —
1339 2501 1389 2532 42.
1415 2502 1579 2532 Possidens
1602 2500 1641 2533 42
1666 2510 1699 2541 p.
1721 2518 1754 2522 —-
1782 2500 2008 2531 ornatissimus

267 2563 346 2603 post
367 2561 486 2592 virtute
509 2560 648 2601 praeter
670 2558 698 2589 V
722 2558 826 2590 etiam
851 2557 890 2589 42
914 2557 1038 2596 habet,
1064 2557 1157 2597 quod
1181 2566 1200 2588 a
1224 2558 1258 2588 Z.
1284 2557 1451 2589 omissum
1475 2565 1538 2589 nos
1565 2557 1805 2588 indicavimus.
1833 2557 1924 2595 (Post
1946 2564 2007 2587 no-

267 2618 389 2648 bilitate
412 2617 492 2648 sunt
514 2616 546 2647 in
571 2615 599 2646 V
623 2614 691 2646 duo
716 2614 859 2651 ductus,
886 2613 961 2645 sort.
988 2614 1040 2653 et.)
1069 2631 1103 2635 —
1131 2614 1182 2644 45.
1208 2615 1285 2644 runt
1308 2613 1502 2644 terminatio
1527 2621 1569 2644 ex
1591 2612 1632 2643 29
1657 2614 1689 2643 et
1713 2611 1753 2644 42
1778 2620 1796 2642 a
1820 2611 1918 2643 Nieb.
1945 2620 2007 2643 ex-

269 2674 395 2713 scripta
419 2680 481 2712 pro
503 2671 571 2702 rint
594 2671 727 2701 tantum
752 2669 901 2710 pertinet
923 2669 967 2700 ad
990 2668 1138 2700 Verbum
1163 2669 1423 2708 interfice-rint,
1450 2668 1493 2699 (le
1518 2677 1584 2709 qua
1610 2676 1647 2699 re
1672 2668 1849 2708 Zumptius
1874 2675 1906 2708 p.
1931 2666 2004 2698 339.

269 2728 453 2766 dubitavit,
480 2735 549 2759 non
573 2727 655 2757 item
680 2725 723 2757 ad
747 2734 779 2757 V.
799 2726 981 2764 audierint,
1008 2734 1097 2765 quae
1121 2724 1223 2756 lectio
1248 2725 1281 2755 in
1306 2723 1368 2755 illis
1393 2724 1494 2755 codd.
1514 2725 1582 2755 iam
1607 2725 1742 2755 exstare
1766 2722 1889 2762 debet,
1913 2724 1951 2754 ut
1973 2723 2007 2753 in

271 2786 428 2818 correcta
453 2783 674 2814 adnotatione
698 2781 940 2813 indicavimus.
968 2799 1002 2803 —
1031 2781 1080 2812 46.
1107 2781 1158 2812 Ad
1181 2789 1237 2812 vv.
1254 2789 1306 2811 res
1329 2783 1405 2811 esset
1428 2783 1505 2811 acta
1526 2780 1561 2811 in
1583 2783 1697 2811 senatu
1720 2788 1762 2811 ex
1785 2778 1825 2811 42
1842 2779 1929 2810 haec
1945 2786 2008 2809 va-

269 2842 375 2873 rietas
399 2839 571 2879 exscripta
596 2840 666 2869 est:
693 2842 770 2869 acta
791 2846 843 2869 res
864 2838 897 2868 in
921 2838 971 2876 S.‚
996 2838 1033 2868 ut
1055 2841 1133 2868 esset
1156 2836 1199 2868 ab
1225 2845 1266 2868 eo
1291 2835 1415 2867 abesse
1440 2836 1607 2867 videatur.
1647 2836 1733 2867 Cum
1758 2834 1869 2866 codex
1884 2834 1923 2873 V,
1949 2834 2007 2874 qui

271 2897 305 2929 in
328 2897 381 2928 his
404 2894 522 2928 verbis
547 2894 689 2933 desinit,
723 2893 851 2925 habeat
873 2903 946 2925 cum
968 2894 1047 2925 haec
1070 2902 1110 2924 ac
1125 2918 1132 2924 .
1150 2918 1156 2924 .
1176 2918 1204 2931 .‚
1238 2893 1287 2924 sic
1310 2891 1534 2923 scribendum
1558 2891 1711 2922 Videtur:
1738 2899 1811 2921 cum
1832 2890 1910 2920 haec
1932 2892 2009 2920 acta

269 2962 322 2984 res
343 2955 422 2984 esset
444 2952 478 2982 in
500 2953 627 2982 senatu.
654 2967 689 2972 -—
718 2951 768 2981 46.
795 2949 912 2991 omnes]
938 2950 1006 2981 eius
1030 2949 1070 2981 42
1094 2957 1128 2990 p.
1158 2967 1192 2971 —
1219 2949 1273 2980 20.
1298 2947 1426 2979 consule
1448 2947 1533 2978 dedit
1556 2946 1596 2978 42
1620 2956 1654 2988 p.
1682 2964 1717 2968 —
1742 2946 1794 2977 22.
1820 2945 2008 2976 Siculus--

271 3011 397 3040 doceret
420 3007 460 3040 42
484 3015 518 3049 p.
547 3025 582 3029 -
608 3007 659 3038 27.
686 3010 754 3038 tam
776 3007 934 3038 detestata>
957 3005 997 3037 42
1022 3014 1055 3046 p.
1085 3023 1119 3027 —
1146 3014 1167 3036 a
1190 3008 1219 3036 te
1241 3004 1299 3041 293
1324 3012 1367 3034 ex
1390 3006 1418 3033 tc
1441 3002 1481 3034 42
1507 3011 1539 3043 p.
1568 3003 1648 3042 (om.
1675 3002 1721 3041 Z.)

358 3085 436 3118 pag.
461 3075 536 3107 209.
565 3084 599 3106 v.
626 3075 655 3106 4.
681 3074 843 3116 videtisne]
868 3077 903 3105 ut
927 3074 1030 3105 detine
1053 3073 1092 3105 42
1117 3082 1150 3114 p.
1184 3090 1217 3094 —-
1258 3073 1289 3103 2.
1315 3071 1467 3102 delectum
1491 3070 1595 3102 idem.
1627 3087 1660 3091 —
1698 3069 1783 3108 quod
1804 3069 2009 3100 mendacium

276 3132 380 3164 idem.
409 3151 443 3154 —
470 3132 499 3163 7.
527 3135 561 3163 tu
585 3139 653 3162 om.
678 3131 731 3163 29.
759 3148 792 3152 -
819 3131 850 3162 8.
876 3130 924 3161 his
945 3130 1023 3160 mihi
1047 3128 1086 3160 42
1111 3137 1145 3169 p.
1174 3146 1208 3151 —
1234 3127 1382 3167 publicas
1403 3127 1526 3166 cupisse
1548 3126 1651 3157 idem.
1681 3143 1714 3147 —-
1741 3125 1791 3156 42.
1819 3133 1913 3164 quem
1937 3133 2006 3156 om.

274 3188 314 3220 42
338 3198 371 3229 p.
400 3206 435 3210 —
462 3187 513 3219 49.
539 3187 634 3218 credo
658 3187 710 3217 cui
733 3187 784 3218 29.
813 3204 846 3207 —
873 3187 927 3217 24.
951 3186 1073 3225 fuerint
1095 3185 1148 3216 29.
1177 3201 1210 3205 —
1236 3183 1289 3214 26.
1315 3183 1478 3222 Palatina]
1501 3183 1534 3213 P.
1554 3181 1604 3213 42.
1626 3198 1660 3202 —
1688 3180 1739 3211 34.
1758 3180 1887 3211 Sthenio
1903 3181 2009 3220 nemo]

273 3253 348 3274 rum
370 3244 492 3275 stennio
516 3243 555 3275 42
580 3252 632 3284 ρ..
659 3243 862 3283 corruptum
887 3251 929 3273 ex
951 3250 1044 3272 nemo
1067 3240 1211 3278 Sthenio,
1238 3247 1326 3279 quae
1350 3237 1538 3269 Verborum
1563 3235 1739 3268 collocatio
1762 3235 1881 3275 utique
1905 3244 2008 3276 prae-

275 3299 417 3333 ferenda
441 3300 504 3331 est.
532 3299 642 3340 (deest
664 3307 736 3330 var.
763 3298 855 3341 apud
879 3297 927 3339 Z.)
957 3315 991 3319 —
1016 3296 1179 3328 inimicior
1201 3293 1295 3326 solus
1319 3292 1424 3327 habet
1447 3293 1500 3325 29.
1521 3310 1555 3314 —
1582 3292 1634 3323 32.
1659 3291 1737 3334 tum]
1762 3294 1870 3324 tamen
1894 3291 1934 3324 42
1957 3299 2006 3333 p.,
