2143 3713
737 241 831 281 Cu».
864 241 1025 281 1—111.
1061 239 1133 293 55.
1166 237 1304 279 4-8.
1806 228 1886 272 603

160 358 311 397 idcirco
351 357 451 396 haec
490 354 636 395 aerarii
667 366 788 392 causa
819 366 900 391 non
932 352 1195 392 vendiderint
1225 351 1274 397 ii,
1317 351 1387 403 qui
1417 350 1540 389 armis
1572 355 1612 389 et
1644 349 1792 388 virtute
1823 360 1895 400 pe-

162 424 377 472 pererunt,
410 423 453 456 ut
482 422 609 462 esset,
640 414 753 468 quod
785 428 859 452 nos
892 414 1120 467 largitionis
1155 426 1276 452 causa
1306 410 1600 451 venderemus!

274 479 310 518 35.
342 480 487 519 Videte
526 490 658 523 nune,
700 476 813 529 quod
852 475 1045 517 assectcnt
1091 477 1168 515 iter
1219 473 1400 527 apertius
1439 486 1562 525 quam
1603 477 1735 512 antea.
1797 472 1898 510 Nam

161 543 373 596 superiore
412 546 524 594 parte
564 538 666 590 legis
707 551 828 591 quem
861 538 909 577 ad
954 538 1118 577 modum
1151 535 1390 588 Pompeium
1423 540 1734 587 oppugnarent,
1775 546 1796 572 a
1835 545 1899 571 me

162 603 328 645 indicati
370 608 486 641 sunt:
528 614 636 640 nunc
678 600 756 639 iam
789 614 832 639 se
864 601 941 653 ipsi
974 598 1230 639 indicabunt.
1290 597 1436 635 Iubent
1466 597 1606 635 venire
1637 609 1757 648 agros
1788 596 1932 633 Atta-5

162 666 339 706 lensium
369 670 493 717 atque
524 662 870 715 Olympenorum:
902 662 977 702 hos
1008 661 1162 715 populo
1185 661 1368 700 Romano
1400 661 1441 698 P.
1472 658 1656 704 Servilii,
1687 653 1899 695 fortissimi

161 728 258 773 viri,
298 726 469 766 victoria
507 724 718 770 adiunxit3
762 724 911 763 deind«¹
954 737 1073 776 agros
1105 725 1145 762 in
1177 722 1422 762 Macedonia
1452 721 1612 773 regios,
1653 719 1724 772 qui
1755 717 1901 770 partim

161 793 206 830 T.
239 787 478 833 Flaminini,
524 786 670 839 partim
712 787 753 824 L.
787 787 940 833 Paulli,
989 786 1058 840 qui
1101 786 1250 825 Persen
1292 784 1411 829 vicit,
1457 783 1608 822 virtute
1646 780 1754 834 parti
1786 784 1900 824 sunt;

162 852 310 892 deinde
341 863 479 902 agrum
513 849 711 899 optimum
744 853 785 887 et
814 847 1187 888 fructuosissimum
1221 846 1501 892 Corinthium,
1540 844 1609 898 qui
1642 844 1686 882 L.
1716 838 1902 882 Mummii

163 913 335 967 imperio
376 924 421 951 ac
466 909 662 950 felicitate
702 910 753 948 ad
796 910 1009 963 vectigalia
1051 909 1194 962 populi
1226 908 1400 948 Romani
1432 907 1652 947 adiunctus
1685 910 1769 952 est;
1809 907 1954 956 postw

161 981 296 1016 autem
336 986 454 1025 agros
493 971 534 1011 in
576 972 776 1024 Hispania
807 973 915 1024 apud
948 971 1240 1023 Karthaginem
1273 984 1420 1010 novam
1454 970 1629 1009 duorum
1663 967 1904 1021 Scipionum

162 1037 313 1077 eximia
343 1035 493 1075 virtute
525 1046 762 1087 possessos;
798 1040 880 1073 tum
905 1048 1001 1073 vero
1032 1034 1162 1086 ipsam
1186 1038 1364 1072 veterem
1395 1031 1686 1083 Karthaginem
1708 1027 1906 1074 vendunt,

162 1112 282 1152 quam
323 1098 365 1136 P.
396 1095 611 1136 Africanus
653 1095 846 1135 nudatam
889 1097 1005 1135 tectis
1047 1101 1171 1149 atque
1203 1095 1420 1133 moenibus
1461 1094 1546 1133 sive
1591 1092 1641 1131 ad
1681 1089 1905 1130 notandam

164 1158 569 1212 Karthaginiensium
613 1158 887 1198 calamitatem
932 1158 1016 1197 sive
1054 1157 1103 1197 ad
1142 1154 1440 1196 testificandam
1480 1160 1661 1194 nostram
1693 1151 1905 1192 victoriam

161 1224 246 1263 sive
285 1221 336 1259 ob
367 1220 543 1259 oblatam
582 1220 761 1271 aliquam
799 1221 1043 1273 religionem
1085 1219 1135 1258 ad
1174 1225 1381 1258 aeternam
1422 1217 1636 1256 hominum
1667 1213 1957 1254 memoriamt5

162 1284 430 1324 consecravit.
489 1280 525 1320 6.
565 1282 638 1320 His
684 1282 917 1335 insignibus
959 1287 1083 1335 atque
1124 1280 1268 1319 infulis
1311 1279 1472 1332 imperii
1514 1277 1711 1324 venditis,
1757 1275 1907 1329 quihus

163 1351 348 1385 ornatam
378 1343 497 1383 nobis
530 1343 707 1382 maiores
730 1344 860 1383 nostri
884 1357 968 1383 rem
991 1343 1199 1396 publicam
1222 1341 1500 1388 tradiderunt,
1532 1340 1676 1379 iubent
1696 1351 1767 1378 eos
1789 1350 1908 1390 agros

161 1408 324 1454 venire,
358 1419 464 1459 quos
496 1419 570 1445 rex
601 1404 860 1445 Mithridates
891 1406 932 1444 in
955 1405 1259 1458 Paphlagonia,
1290 1405 1421 1442 Ponto
1446 1400 1793 1455 Cappadociaque
1814 1412 1910 1451 pos-

160 1469 329 1509 sederit.
368 1469 476 1508 Num
509 1468 683 1507 obscure
714 1468 907 1507 videniur
937 1480 1065 1521 prope
1096 1467 1213 1506 hasta
1244 1465 1461 1519 praeconis
1482 1463 1677 1504 insectari
1699 1462 1770 1502 Cn.
1791 1463 1911 1501 Pom-

162 1532 243 1585 peii
275 1531 523 1577 exercitum,
555 1530 625 1582 qui
658 1531 798 1569 venire
830 1530 997 1569 iubeant
1030 1542 1100 1568 eos
1132 1530 1243 1581 ipsos
1275 1542 1415 1582 agros,
1448 1529 1489 1567 in
1514 1527 1665 1581 quibus
1696 1525 1765 1566 ille
1789 1526 1959 1565 etiamw

163 1607 271 1634 nunc
303 1592 456 1632 bellum
487 1598 602 1644 gerat
631 1598 754 1645 atque
786 1593 1000 1631 versetur?

272 1655 341 1694 ΙΙΙ.
374 1653 411 1692 7.
443 1655 531 1692 Hoc
572 1668 669 1693 vero
710 1655 826 1693 euius
859 1654 970 1693 modi
1003 1659 1085 1701 est,
1127 1654 1238 1708 quod
1271 1654 1361 1694 eius
1392 1652 1617 1699 auctionis,
1659 1664 1784 1705 quam
1814 1663 1912 1690 con-

164 1719 359 1764 stituunt,
390 1716 525 1755 locum
558 1717 635 1755 sibi
668 1716 824 1755 nullum
856 1715 1093 1757 definiunt?
1139 1718 1240 1756 Nam
1273 1715 1539 1762 decemviris,
1572 1714 1723 1767 quibus
1745 1713 1788 1752 in
1808 1712 1911 1752 locis

162 1779 262 1833 ipsis
292 1779 504 1824 videatur,
535 1779 742 1817 vendendi
774 1784 957 1831 potestas
988 1779 1079 1832 lege
1109 1779 1373 1832 permittitur.
1417 1776 1666 1817 Censoribus
1696 1773 1913 1826 vectigalia

162 1842 299 1880 locare
339 1839 421 1879 nisi
459 1841 500 1879 in
541 1846 763 1892 conspectu
806 1841 951 1893 populi
988 1841 1160 1881 Romani
1193 1854 1276 1880 non
1308 1841 1427 1880 licet:
1467 1839 1533 1878 his
1563 1837 1745 1878 vendere
1774 1836 1840 1876 vel
1870 1836 1962 1875 in25

162 1902 318 1942 ultimis
349 1902 468 1941 terris
500 1902 673 1941 licebit-3
719 1903 769 1942 At
799 1902 877 1941 hoc
908 1903 1029 1943 etiam
1061 1903 1307 1955 nequissimi
1338 1902 1526 1942 homines
1555 1901 1811 1953 consumptis
1842 1912 1913 1952 pa-

164 1964 369 2004 trimoniis
400 1963 580 2010 faciunt,
620 1970 666 2003 ut
696 1965 734 2003 in
768 1963 882 2004 atriis
914 1965 1181 2004 auctionariis
1211 1965 1351 2017 potius
1383 1977 1505 2017 quam
1537 1964 1579 2002 in
1609 1962 1743 2002 triviis
1773 1966 1843 2001 aut
1873 1962 1913 2001 in

163 2026 351 2078 compitis
382 2027 683 2065 auctionentur.
743 2026 819 2065 llic
851 2025 1049 2079 permittit
1079 2040 1151 2066 sua
1184 2027 1274 2079 lege
1308 2026 1553 2066 decemviris
1573 2056 1582 2072 ‚
1615 2029 1660 2064 ut
1689 2024 1731 2063 in
1763 2023 1913 2076 quibus

163 2088 428 2128 commodum
461 2089 511 2127 sit
541 2088 741 2134 tenebris,
773 2094 813 2127 ut
848 2089 887 2127 iu
920 2102 1001 2141 qua
1022 2089 1153 2128 velint
1183 2089 1407 2128 solitudine
1439 2089 1546 2127 bona
1573 2086 1718 2141 populi
1739 2085 1912 2125 Romani

163 2151 324 2203 possint
354 2149 589 2189 divendere.
649 2151 687 2189 8.
719 2151 802 2189 Iam
836 2150 906 2189 illa
929 2151 1120 2190 omnibus
1152 2152 1191 2190 in
1219 2150 1463 2204 provinciiS,
1494 2150 1648 2202 regnis,
1679 2148 1820 2187 liberis
1841 2160 1914 2200 po-
1928 2156 1963 2185 30

163 2213 275 2266 pulis
316 2225 439 2265 quam
482 2212 647 2258 acerba,
691 2225 813 2265 quam
855 2212 1145 2258 formidolosa,
1189 2226 1312 2265 quam
1354 2217 1608 2265 quaestuosa
1649 2209 1913 2250 concursatio

163 2274 450 2314 decemviralis
482 2274 618 2314 futura
645 2275 720 2321 sit,
752 2288 833 2314 non
856 2275 1034 2314 videtis?
1066 2274 1352 2314 Hereditatum
1375 2273 1658 2312 obeundarum
1680 2283 1803 2311 causa
1825 2271 1916 2324 qui·-

160 2338 237 2377 bus
268 2350 340 2376 vos
370 2337 598 2389 legationes
630 2336 827 2383 dedistis,
862 2337 931 2390 qui
964 2341 1003 2375 et
1033 2336 1179 2390 privati
1202 2342 1242 2375 et
1271 2336 1477 2388 privatum
1498 2335 1548 2374 ad
1570 2335 1780 2387 negotium
1803 2334 1915 2373 exie-

162 2404 258 2438 runt
297 2412 379 2438 non
416 2399 605 2438 maximis
637 2399 784 2451 opibus
816 2412 952 2452 neque
985 2411 1144 2437 summa
1174 2398 1418 2437 auctoritate
1449 2397 1646 2450 praediti,
1678 2402 1813 2436 tamen
1843 2409 1915 2434 au-

164 2461 257 2500 ditis
297 2460 481 2514 profecto
524 2474 646 2514 quam
687 2475 830 2513 graves
871 2474 1013 2500 eorum
1045 2460 1246 2500 adventus
1279 2459 1402 2499 sociis
1434 2458 1586 2498 nostris
1619 2471 1709 2498 esse
1741 2457 1913 2497 soleant.
1928 2467 1964 2496 35

164 2522 202 2562 9.
234 2523 368 2571 Quam
400 2523 451 2562 ob
482 2536 567 2562 rem
600 2523 698 2576 quid
730 2523 879 2576 putatis
910 2522 1148 2575 impendere
1178 2522 1255 2561 hac
1286 2522 1376 2574 lege
1408 2520 1597 2560 omnibus
1620 2520 1811 2572 gentibus
1834 2526 1914 2559 ter-

215 2720 218 2721 r
250 2696 280 2728 3.
312 2697 397 2736 quod
429 2697 587 2737 adfectent
621 2697 741 2735 L'ssing
774 2696 893 2737 (Oratt.
920 2700 984 2727 tres
1017 2697 1054 2727 (Ie
1089 2696 1156 2736 lege
1186 2696 1327 2736 amaria
1360 2696 1394 2725 in
1420 2703 1515 2725 usum
1543 2694 1727 2725 scholarum
1758 2695 1915 2725 recensuit

164 2747 188 2778 Ι.
214 2748 250 2778 L.
279 2747 402 2787 Ussing).
440 2747 594 2778 Hauniae
624 2748 746 2784 1850.):
785 2747 892 2786 quoad
914 2747 1025 2785 feccrit
1055 2746 1116 2777 EA
1132 2744 1210 2779 ssO:
1248 2754 1310 2785 quo
1333 2746 1477 2784 affecerit
1502 2745 1541 2781 F;
1577 2748 1613 2775 ut
1633 2745 1746 2784 fecerit
1770 2746 1814 2781 (ἇς
1852 2754 1914 2783 quo

165 2797 327 2837 affectat-it
350 2797 392 2833 L;
432 2805 494 2836 (1¹¹0
528 2797 687 2837 adfectent
710 2796 871 2827 Klotzius.
911 2796 959 2827 cf.
987 2805 1020 2836 p.
1047 2796 1169 2826 Roscio
1194 2797 1269 2826 Am.
1301 2795 1330 2835 g.
1352 2793 1449 2826 1¹40st
1486 2803 1572 2825 nunc
1598 2803 1675 2826 vero
1702 2803 1802 2834 quam
1828 2794 1913 2825 riam

165 2846 317 2883 munitet,
344 2846 430 2885 quod
453 2846 514 2876 iter
536 2847 679 2886 affectet,
704 2847 828 2877 ridelis.
850 2863 882 2867 —
911 2845 940 2877 4.
960 2845 1183 2885 obpugnarent
1207 2845 1244 2875 1-1.
1266 2862 1299 2865 —
1328 2844 1357 2875 6.
1383 2843 1448 2884 hos]
1474 2852 1553 2882 quos
1575 2852 1643 2883 mg.
1663 2843 1696 2877 Β.
1718 2861 1753 2866 —-
1778 2844 1811 2874 P.
1830 2844 1914 2874 Lau-

166 2895 334 2927 redanus:
363 2904 432 2926 om.
459 2895 518 2927 EF
531 2897 593 2927 AL
609 2895 640 2929 9.
668 2895 717 2927 Cf.
737 2896 780 2927 de
807 2895 881 2935 lege
899 2903 970 2935 agr.
989 2896 1027 2926 II.
1054 2894 1084 2934 g.
1103 2895 1155 2925 50.
1178 2912 1211 2916 «-
1239 2894 1270 2924 8.
1298 2894 1472 2924 Flaminini
1497 2893 1736 2924 Laui-edanus:
1763 2892 1916 2923 Flaminii

166 2945 266 2976 EFA
279 2946 302 2976 L
317 2944 350 2978 ἓ.
380 2963 415 2967 -
437 2945 531 2984 pauli
555 2946 579 2976 E
596 2946 668 2977 ΡΑ.
697 2964 730 2967 -
755 2954 882 2985 persem
907 2946 941 2976 F.
969 2962 1002 2966 —
1030 2945 1060 2975 9.
1087 2944 1230 2983 opimum
1254 2945 1288 2974 L.
1322 2943 1370 2974 cf.
1398 2942 1440 2974 de
1467 2942 1541 2982 lege
1567 2952 1638 2983 agr.
1663 2944 1718 2974 111.
1745 2942 1774 2982 g.
1801 2941 1851 2973 44.
1876 2959 1911 2962 —

166 2995 302 3026 mimmii
325 2995 367 3032 E;
393 2996 530 3026 nummii
555 2996 588 3026 F.
616 3013 649 3016 —
678 2997 729 3027 tt.
756 2995 969 3035 Kartagyinem
996 2995 1020 3025 Ε
1036 2995 1067 3025 F.
1098 3011 1131 3015 —-
1160 2994 1211 3024 42.
1240 3002 1314 3024 ret-0
1339 3002 1406 3024 om.
1435 2994 1544 3024 FAL.
1574 3011 1608 3015 ——
1634 2996 1771 3023 veterem
1794 2999 1862 3022 om.
1880 2991 1913 3022 F.

170 3060 204 3065 —-
229 3045 442 3086 Kartaginem
469 3046 500 3076 F.
523 3063 557 3066 —
585 3046 636 3077 213.
663 3047 844 3086 affricanus
870 3045 892 3076 E
909 3045 940 3075 F.
962 3061 995 3064 —
1024 3046 1120 3082 atque
1143 3042 1189 3073 E:
1217 3051 1256 3072 ac
1280 3043 1301 3073 F
1315 3045 1338 3073 A
1354 3043 1378 3073 L
1393 3041 1412 3075 ἱ(
1428 3042 1465 3073 Ο.
1488 3059 1521 3063 —
1549 3041 1600 3073 44.
1626 3041 1916 3081 Kartayincnsium

172 3094 208 3129 F:
235 3096 513 3136 cartaginensium
537 3095 582 3131 E;
616 3095 919 3135 C'artlzayinensimn
942 3095 979 3124 A.
1006 3111 1048 3114 —
1082 3093 1132 3122 ¹5.
1160 3091 1197 3122 ob
1222 3092 1338 3122 nescio
1363 3091 1440 3131 quis
1464 3099 1518 3131 ap.
1545 3089 1726 3122 Orellium:
1752 3090 1795 3120 ad
1818 3089 1914 3120 EFL

173 3140 192 3174 Q
207 3144 249 3180 0;
275 3153 343 3176 om.
362 3147 399 3177 Α.
429 3163 463 3168 —
492 3145 543 3175 ⁴6.
569 3145 717 3184 insigniis
740 3146 776 3176 E.
801 3162 832 3166 —
862 3144 911 3175 Π,
938 3142 1027 3173 nobis
1050 3151 1092 3173 m.
1119 3142 1219 3173 nostri
1242 3142 1267 3172 E
1282 3142 1303 3172 F
1318 3141 1393 3172 PT:
1419 3140 1507 3171 vobis
1528 3148 1572 3170 m.
1589 3140 1686 3170 vestri
1708 3142 1734 3170 A
1749 3140 1771 3170 L
1786 3137 1856 3170 ΕΟ.
1877 3156 1912 3160 ——

172 3192 256 3223 iubet
278 3193 302 3224 E
319 3194 427 3226 FPA.
467 3193 670 3225 Emendax-it
693 3194 883 3233 Naugerius
908 3193 939 3223 in
965 3191 1020 3223 ed.
1045 3190 1176 3223 Aldina.
1199 3208 1234 3213 -—
1261 3191 1312 3222 48.
1337 3190 1519 3221 mitridates
1542 3190 1565 3220 E
1580 3190 1612 3220 F.
1635 3207 1668 3211 —
1690 3188 1916 3228 phaplaqonia

174 3241 198 3272 F.
214 3242 284 3273 FP.
312 3260 345 3265 -—
371 3244 424 3275 20.
450 3244 547 3274 etiam
571 3243 622 3273 illc
645 3243 681 3274 E.
709 3260 742 3264 —
774 3243 827 3274 28.
854 3243 1087 3273 auctionatum·
1109 3242 1146 3272 E.
1175 3258 1209 3262 -
1243 3240 1294 3271 29.
1320 3243 1356 3270 ut
1386 3240 1419 3270 in
1443 3239 1519 3279 qua]
1548 3243 1605 3270 aut
1629 3239 1661 3268 in
1684 3247 1749 3277 qua
1772 3246 1852 3269 cum
1876 3239 1912 3269 P.

174 3291 323 3322 Manutio
348 3293 383 3324 L.
401 3310 434 3314 —
462 3294 514 3324 30.
537 3293 660 3332 possint
684 3292 862 3334 divendere]
888 3293 1027 3324 vendant
1043 3292 1079 3323 E.
1107 3292 1156 3323 Ct.
1177 3289 1352 3321 Gebhardt
1377 3288 1397 3321 l.
1417 3288 1436 3320 l.
1458 3290 1481 3320 1.
1500 3297 1534 3330 p.
1553 3289 1571 3320 9
1587 3297 1641 3329 sq.
1657 3303 1691 3310 -
1719 3287 1770 3319 35
1797 3288 1915 3321 nostris

175 3340 287 3371 FPT:
312 3343 425 3374 vestris
447 3343 546 3374 EAL
562 3341 583 3376 e
598 3343 635 3374 Ο.
