2143 3713
266 191 346 235 »206
750 195 803 235 IN
834 192 1052 235 VERREM
1081 192 1242 233 ACTIO
1274 192 1515 233 SECUNDA

266 313 402 347 tamen
433 320 525 346 cum
557 307 620 346 vir
649 311 758 346 esset
781 305 1007 359 Syracusis,
1038 317 1214 344 uxorem
1244 305 1334 345 eius
1364 317 1511 358 parum
1532 309 1693 357 poterat
1712 306 1852 346 animo
1874 308 2009 346 soluto

264 384 311 409 ac
343 370 473 408 libero
506 373 565 407 tot
596 368 639 407 in
670 373 759 407 acta
791 368 878 407 dies
911 379 1050 406 secum
1087 366 1254 406 habere.
1313 367 1458 420 Itaque
1499 367 1705 418 excogitat
1742 381 1829 407 rein
1869 368 2010 420 singu-

263 429 405 471 larem.
463 431 611 477 Naves,
643 429 795 483 quibus
826 430 986 481 legatus
1018 428 1263 480 praefuerat,
1296 429 1506 468 Cleomeni
1539 428 1682 468 tradit:
1715 428 1834 468 classi
1866 431 2010 482 populi

262 492 437 532 Romani
470 492 734 532 Cleomenem
768 492 1070 545 Syracusanum
1102 502 1294 542 praeesse
1334 491 1448 530 iubet
1487 496 1612 543 atque
1649 490 1864 542 imperare.
1923 491 2012 531 Hoc

230 563 312 594 beo
345 553 462 602 facit,
494 559 540 594 ut
571 554 639 593 ille
671 566 756 593 non
788 553 923 592 solum
955 552 1120 592 abesset
1150 566 1172 592 a
1204 554 1349 600 domo,
1394 555 1488 593 dum
1520 554 1755 606 navigaret,
1787 551 1860 591 sed
1890 553 2011 592 etiam

261 614 440 657 libenter
479 630 570 657 cum
610 628 758 668 magno
799 614 959 653 honore
998 612 1286 668 beneficioque
1317 616 1500 662 abesset,
1542 616 1628 668 ipse
1673 621 1811 654 autem
1850 617 2010 653 remoto

261 684 387 732 atque
419 677 607 731 ablegato
637 678 726 717 viro
756 690 840 716 non
873 676 1058 723 liberius,
1091 689 1215 729 quam
1246 682 1379 724 antea,
1412 676 1518 730 (quis
1541 678 1649 716 enim
1670 688 1868 729 umquam
1891 675 2011 716 istius

261 739 423 779 libidini
454 737 654 791 obstitim)
687 739 758 778 sed
791 738 914 790 paulo
946 738 1145 777 solutiore
1177 743 1313 777 tamen
1345 739 1481 778 animo
1513 752 1653 778 secum
1687 738 1798 777 illam
1828 736 2011 783 haberet,

261 802 294 841 si
327 813 409 841 non
439 806 650 854 tamquam
682 801 829 846 virum,
861 800 932 839 sed
963 806 1170 853 tamquam
1203 801 1410 840 aemulum
1442 802 1698 841 removisset.
1754 798 1820 839 83.
1852 797 2014 852 Accipit

213 875 247 903 ιο
261 876 386 903 naves
417 862 625 903 sociorum
657 867 782 915 atque
813 862 1039 901 amicorum
1073 862 1316 901 Cleomenes
1349 863 1642 916 Syracusanus.
1692 863 1867 902 XXXII.
1899 861 2011 911 Quid

259 924 437 978 primum
470 930 540 964 aut
570 937 757 964 accusem
800 929 869 963 aut
901 925 1084 976 querar?
1145 923 1340 964 Siculone
1380 925 1538 963 homini
1580 924 1724 978 legati,
1765 924 2012 978 quaestoris,

259 987 462 1039 praetoris
493 985 674 1039 denique
706 990 970 1038 potestatem,
1000 986 1215 1032 honorem,
1245 987 1531 1027 auctoritatem
1564 986 1679 1026 dari?
1739 987 1782 1028 Si
1813 993 1852 1026 te
1884 986 2014 1038 impe-

260 1048 400 1088 diebat
438 1049 516 1088 ista
553 1048 837 1088 conviviorum
878 1048 1184 1100 mulierumque
1222 1049 1459 1101 occupatio,
1506 1049 1576 1088 uhi
1618 1050 1893 1102 quaestores?
1942 1048 2013 1088 ubi

260 1109 413 1162 legati?
445 1109 515 1149 ubi
547 1110 675 1149 ternis
708 1109 889 1150 denariis
921 1109 1183 1149 aestimatum
1215 1109 1494 1150 frumentum?
1525 1111 1596 1150 ubi
1628 1111 1756 1149 muli?
1787 1111 1857 1150 ubi
1880 1111 2014 1150 taber-

211 1172 436 1212 usnacula?
477 1172 549 1212 ubi
588 1176 647 1211 tot
686 1177 884 1225 tantaque
926 1176 1169 1211 ornamenta
1210 1173 1518 1223 magistratibus
1559 1178 1598 1212 et
1639 1172 1783 1223 legatis
1814 1185 1837 1211 a
1868 1178 2011 1213 senatu

259 1233 502 1288 populoque
522 1235 710 1274 Romano
743 1234 946 1286 permissa
977 1239 1017 1272 et
1047 1233 1171 1273 data?
1203 1233 1384 1287 denique
1415 1235 1483 1274 uhi
1516 1235 1727 1288 praefecti,
1760 1234 1828 1273 ubi
1860 1235 2012 1275 tribuni

260 1297 349 1336 tui?
410 1296 451 1335 Si
483 1295 585 1336 civis
615 1296 824 1335 Romanus
856 1297 1005 1348 dignus
1045 1296 1124 1335 isto
1163 1297 1331 1349 negotio
1374 1310 1494 1337 nemo
1532 1297 1626 1344 suit,
1670 1297 1771 1350 quid
1811 1298 2013 1345 civitates,

260 1370 367 1411 quae
398 1357 440 1397 in
472 1357 654 1398 amicitia
682 1357 850 1411 fideque
882 1358 1027 1410 populi
1059 1358 1233 1396 Romani
1265 1364 1467 1411 perpetuo
1499 1361 1765 1399 manserant?
1796 1359 1866 1398 uhi
1889 1358 2014 1412 Sege-

259 1424 397 1466 stana,
437 1418 507 1458 ubi
541 1420 812 1474 Centuripina
843 1420 1018 1460 civitas?
1061 1433 1168 1473 quae
1200 1433 1289 1459 cum
1322 1419 1488 1467 officiis,
1528 1419 1629 1467 lide,
1666 1426 1896 1468 vetustate,
1926 1427 2013 1461 tum

211 1495 245 1523 20
260 1481 383 1521 etiam
416 1482 662 1534 cognatione
693 1483 894 1536 populum
926 1484 1158 1521 Romanum
1197 1482 1417 1534 attingunt.
1475 1480 1540 1521 84.
1587 1482 1619 1521 (ᾖ)
1652 1483 1692 1522 di
1735 1484 2012 1523 immortales!

260 1543 400 1591 Quid?
431 1543 465 1582 si
496 1543 643 1584 harum
674 1545 856 1597 ipsarum
888 1544 1102 1583 civitatum
1133 1543 1347 1590 militibus,
1378 1545 1564 1591 navibus,
1596 1545 1812 1585 navarchis
1835 1546 2008 1599 Syracu-

259 1617 382 1645 sanus
406 1605 649 1645 Cleomenes
680 1607 817 1646 iussus
850 1611 912 1645 est
941 1606 1159 1657 imperare,
1191 1618 1274 1643 non
1302 1606 1435 1645 omnis
1458 1606 1590 1646 honos
1612 1607 1662 1646 ab
1684 1609 1762 1647 isto
1785 1607 2013 1659 dignitatis,

259 1667 483 1720 aequitatis
525 1667 737 1723 officiique
778 1668 962 1708 sublatus
1004 1672 1063 1706 est
1079 1670 1096 1706 ’ἲ
1155 1667 1328 1720 Ecquod
1360 1668 1401 1706 in
1435 1667 1576 1706 Sicilia
1606 1669 1761 1708 bellum
1793 1669 2012 1721 gessimus

258 1726 359 1783 quin
381 1730 663 1783 Centuripinis
695 1731 834 1778 sociis,
868 1729 1138 1784 Syracusanis
1169 1729 1362 1768 hostibus
1393 1731 1632 1768 uteremur?
1663 1734 1789 1783 atque
1811 1730 1912 1770 haec
1934 1743 2010 1783 ego

208 1792 308 1834 ‘25ad
348 1792 590 1832 memoriam
648 1793 889 1840 vetustatis,
937 1804 1022 1831 non
1067 1791 1116 1830 ad
1163 1791 1457 1830 contumeliam
1503 1792 1681 1832 civitatis
1723 1792 1866 1832 referri
1904 1793 2011 1832 volo.

258 1855 402 1908 Itaque
443 1851 514 1894 ille
553 1854 616 1894 vir
657 1855 912 1895 clarissimus
943 1867 1212 1906 summusque
1246 1855 1491 1906 imperator,
1532 1854 1585 1892 Μ.
1617 1854 1857 1902 Marcellus,
1897 1856 2013 1894 cuius

257 1917 408 1956 virtute
439 1922 604 1970 captae,
636 1916 924 1957 misericordia
955 1920 1224 1955 conservatae
1257 1921 1353 1955 sunt
1385 1916 1633 1969 Syracusae,
1675 1916 1861 1956 habitare
1892 1917 1935 1956 in
1967 1930 2014 1957 ea

258 1984 375 2032 parte
405 1978 534 2026 urbis,
567 1992 674 2032 quae
705 1979 746 2018 in
779 1978 915 2018 insula
946 1984 1020 2024 est,
1053 1978 1410 2031 Syracusanorum
1441 1978 1647 2018 neminem
1678 1979 1822 2018 voluit.
1865 1979 2014 2027 Hodie,

257 2041 450 2093 inquam,
491 2041 796 2094 Syracusanum
838 2041 880 2079 in
914 2053 961 2080 ea
992 2046 1107 2092 parte
1137 2040 1324 2080 habitare
1355 2054 1438 2079 non
1471 2041 1579 2080 licet.
1638 2042 1712 2081 Est
1742 2042 1851 2081 enim
1882 2042 2014 2089 locus,

208 2117 244 2145 30
259 2111 382 2157 quem
415 2103 480 2142 vel
511 2103 632 2156 pauci
674 2108 845 2156 possent
885 2102 1123 2142 defendere.
1185 2102 1451 2142 Committere
1491 2103 1617 2155 igitur
1657 2116 1752 2143 eum
1791 2116 1875 2143 non
1913 2104 2016 2143 fide-

258 2165 428 2205 lissimis
457 2163 697 2205 hominibus
728 2164 876 2212 noluit,
908 2164 1031 2204 simul
1064 2163 1177 2217 quod
1208 2165 1259 2203 ab
1290 2164 1362 2203 illa
1392 2170 1509 2217 parte
1539 2164 1654 2204 urhis
1681 2165 1855 2205 navibus
1877 2166 2014 2207 aditus

259 2241 312 2267 ex
350 2227 434 2267 alto
475 2233 549 2267 est.
616 2227 752 2275 Quam
793 2226 845 2266 ob
877 2240 963 2266 rem
1005 2226 1075 2278 qui
1117 2232 1282 2266 nostros
1327 2227 1534 2267 exercitus
1573 2240 1697 2280 saepe
1738 2227 2014 2276 excluserant,

344 2457 375 2487 ⁶3.
402 2459 446 2487 tot
469 2455 594 2487 inae-tos
617 2455 682 2486 dies
706 2456 744 2486 V.
774 2473 807 2477 κ
834 2455 954 2497 itaque]
981 2456 1028 2486 ila
1051 2458 1086 2486 ut
1110 2456 1148 2487 V.
1179 2473 1212 2478 —
1239 2456 1270 2486 3.
1296 2456 1431 2486 tradidit
1456 2456 1556 2496 Lagg.
1587 2474 1620 2478 —
1648 2455 1679 2488 4.
1706 2457 1846 2495 imperat
1869 2457 1953 2489 deu.
1975 2473 2009 2479 —

257 2509 287 2539 5.
315 2508 392 2537 dum
415 2506 460 2536 V:
498 2508 567 2536 tum
589 2505 668 2536 dum
690 2506 756 2539 R3;
795 2508 862 2536 enm
886 2515 959 2536 cum
984 2505 1066 2536 dett.
1095 2506 1132 2535 O.
1163 2524 1196 2527 —
1223 2507 1276 2536 sest
1300 2509 1327 2536 et
1352 2506 1410 2536 (2¹3.
1440 2523 1473 2526 ψ
1502 2506 1531 2536 7.
1559 2505 1706 2546 ablegato
1730 2507 1758 2536 V
1791 2507 1871 2546 (Br.)
1904 2506 2010 2538 dett.:

258 2557 445 2589 abalienato
470 2555 526 2587 H3.
556 2572 590 2576 —-
617 2558 716 2585 antea.
739 2556 784 2585 Rs}
811 2557 843 2586 et
870 2556 893 2584 V
920 2556 1015 2593 (Br.):
1043 2559 1118 2585 ante
1142 2555 1226 2586 (lctt.
1254 2556 1290 2585 Ο,
1321 2573 1353 2577 -
1382 2556 1411 2586 8.
1439 2556 1608 2595 opstitisset
1629 2556 1728 2595 paulo
1752 2557 1791 2587 V.
1814 2573 1847 2578 »-
1866 2557 2013 2588 solatiari

259 2609 278 2637 6
304 2608 403 2647 Lagg.
432 2624 466 2627 —-
494 2605 605 2636 animo
629 2607 737 2635 tamen
760 2605 798 2635 V.
827 2606 908 2642 (Br.)
935 2621 968 2627 -
998 2606 1027 2635 9.
1053 2606 1106 2635 sed
1131 2608 1230 2643 tamq.
1261 2605 1306 2635 1123
1339 2604 1460 2643 (Madv.
1489 2614 1520 2645 p.
1549 2606 1653 2644 445ss
1691 2609 1725 2636 at
1748 2609 1849 2645 lanu).
1882 2606 1909 2635 V
1934 2606 2012 2645 (ΒΓ.)

259 2657 343 2688 deu.
370 2656 429 2696 (set
456 2655 505 2693 R.)
527 2672 560 2676 --
582 2654 756 2695 aemulum]
782 2655 905 2686 mutum
930 2657 967 2686 R.
988 2672 1023 2677 —
1045 2655 1168 2693 accepit
1193 2654 1231 2684 V.
1260 2654 1339 2692 (ΒΓ.)
1360 2671 1395 2675 —
1416 2654 1465 2684 «10.
1493 2663 1592 2685 naves
1617 2655 1661 2686 R3
1685 2655 1713 2684 V
1738 2654 1810 2693 (sed
1836 2655 1862 2684 V
1885 2654 2011 2694 navis):

259 2713 375 2737 navem
405 2703 489 2736 dett.
520 2721 553 2725 ——
581 2704 658 2742 quid
683 2705 829 2742 primum
859 2709 971 2735 autem
1000 2708 1057 2735 aut
1087 2705 1129 2741 V,
1166 2703 1259 2744 quod
1289 2703 1419 2743 recepit
1451 2702 1554 2735 Klotz.
1588 2704 1689 2744 proh.
1715 2705 1820 2744 Scyll.
1852 2704 1895 2736 ad
1919 2703 2010 2735 Lael.

261 2765 292 2796 p.
321 2753 393 2786 461¹.
424 2772 458 2775 —
485 2753 536 2784 ll.
563 2761 688 2791 querar
710 2754 768 2788 R3,
797 2754 837 2783 V:
865 2763 988 2793 querar
1012 2754 1131 2784 iudices
1155 2753 1238 2783 dett.
1265 2753 1301 2783 Ο.
1331 2769 1365 2773 —
1394 2753 1444 2783 ⁴⁶2.
1471 2754 1552 2785 dare
1575 2755 1613 2785 V.
1643 2773 1677 2777 —-
1704 2754 1884 2794 inpediebat
1907 2754 1944 2784 V.
1976 2772 2009 2776 -

261 2806 311 2835 43.
338 2803 391 2834 ubi
415 2802 513 2843 leyati
529 2810 597 2833 om.
618 2802 656 2833 V.
679 2819 711 2823 ——
734 2804 746 2833 1t
756 2802 785 2834 si.
812 2804 944 2834 denaris
967 2807 1184 2834 aestumatum
1207 2803 1245 2833 V.
1268 2818 1301 2824 —
1324 2803 1376 2834 46.
1399 2804 1575 2842 populique
1592 2805 1628 2835 1³.
1648 2805 1686 2836 V.
1709 2805 1785 2843 (ΒΓ.)
1806 2821 1839 2825 -
1858 2803 1912 2834 ubi
1935 2803 2009 2834 trib.

261 2854 306 2885 1³3
325 2852 344 2884 λ
362 2853 404 2884 V:
432 2856 460 2883 et
484 2851 558 2882 trib.
585 2851 668 2882 dett.
696 2852 734 2883 Ο.
764 2871 798 2874 -
826 2854 874 2884 47,
903 2854 988 2884 ciues
1012 2853 1050 2883 V.
1074 2870 1108 2875 ——
1138 2853 1190 2884 ⁴9.
1215 2861 1288 2883 cum
1313 2853 1334 2882 R
1355 2852 1381 2882 V
1399 2854 1445 2883 (32
1463 2853 1569 2891 14529:
1597 2857 1664 2884 lum
1688 2855 1728 2884 Gt
1762 2853 1821 2885 Ld.
1847 2852 1888 2884 al.
1916 2854 1952 2884 O.
1975 2871 2008 2875 --

260 2904 313 2933 ⁶30.
337 2911 414 2942 pop.
441 2900 531 2932 Rom.
551 2901 596 2932 R3
621 2901 666 2940 (1².
686 2902 721 2932 R.
739 2901 845 2933 habet
861 2904 903 2934 R.-
936 2903 978 2933 et.
998 2902 1109 2933 Madv.
1130 2911 1184 2942 ep.
1204 2910 1236 2942 p.
1258 2903 1329 2933 1115.
1357 2902 1417 2942 Op.
1439 2904 1461 2932 1.
1484 2912 1516 2943 p.
1536 2903 1644 2941 369.);
1679 2904 1711 2934 1².
1737 2903 1774 2934 It.
1801 2903 1871 2942 (sic)
1896 2912 2011 2934 nomen

260 2953 299 2985 V:
323 2951 435 2991 populi
459 2951 494 2981 R.
519 2958 634 2981 nomen
659 2949 742 2981 dett.
770 2953 806 2982 0.
831 2968 860 2973 —
890 2952 942 2982 Ἣ.
968 2951 1005 2992 si]
1033 2952 1064 2982 ιἰι
1088 2952 1126 2981 V.
1151 2969 1185 2973 —
1203 2951 1390 2982 navarchus
1415 2952 1513 2992 Lagg.
1536 2969 1570 2974 —-
1592 2953 1641 2983 22.
1666 2952 1741 2992 uon]
1766 2962 1871 2984 nonne
1893 2954 1951 2984 Gt.
1974 2972 2008 2976 —

261 3000 301 3031 ab
325 3001 387 3031 ista.
418 3002 496 3038 (non
520 2999 594 3034 iste.
627 3003 665 3031 ut
687 3001 733 3031 ait
757 3001 890 3041 Zumpt.
919 3010 951 3041 p.
981 3002 1086 3040 4078.)
1115 3003 1213 3041 Lagg.
1243 3017 1276 3023 —
1306 3001 1355 3031 23.
1382 3001 1558 3038 aequitalis
1586 3010 1654 3032 om.
1682 3002 1780 3041 Lgssss.
1813 3020 1843 3024 —
1871 3004 2013 3042 hecquod

263 3051 299 3081 R.
329 3068 364 3072 —
390 3049 443 3081 24..
469 3050 568 3088 quoin
592 3050 630 3081 V.
653 3067 687 3071 —-
705 3051 783 3081 haec
806 3059 863 3091 esso
889 3051 933 3082 1³3
958 3049 995 3081 >.:
1022 3060 1079 3090 eqo
1102 3052 1179 3082 haec
1203 3051 1246 3082 V:
1277 3051 1355 3081 haec
1379 3052 1489 3082 omnia
1512 3060 1569 3091 eqo
1593 3052 1610 3081 7
1637 3052 1736 3091 Lagg.
1758 3067 1791 3072 ——
1813 3052 1864 3083 25.
1889 3053 2012 3092 referre

263 3100 346 3131 dett.
375 3117 409 3121 -
436 3100 488 3130 ¹26.
514 3100 566 3131 vir
588 3100 685 3139 clara]
715 3101 745 3130 Υ.
774 3102 807 3131 C.
834 3101 872 3131 V.
901 3101 993 3139 [hinc¹
1016 3111 1048 3131 η.
1075 3101 1153 3131 civis
1177 3100 1290 3140 lgm]
1316 3117 1348 3122 --
1376 3101 1452 3140 imp.
1479 3102 1528 3132 sic
1554 3102 1590 3132 V.
1619 3102 1696 3138 (ΒΓ.)
1717 3119 1749 3122 -—
1770 3102 1822 3133 ¹28.
1847 3102 1878 3132 in
1903 3103 2011 3133 insuta

264 3149 308 3179 V:
334 3150 368 3179 in
391 3157 460 3180 om.
487 3149 532 3180 Ra
559 3150 605 3189 (ut
628 3158 733 3190 supra
758 3152 788 3189 5.
815 3151 880 3190 80.)
907 3150 989 3181 dett.
1010 3152 1047 3182 Ο.
1070 3169 1103 3173 ψ-
1122 3152 1411 3189 Syracusanorum
1436 3152 1480 3181 1³3
1498 3150 1535 3181 λε
1561 3152 1808 3188 Syracusanum
1824 3151 1851 3182 V
1868 3151 1951 3182 dett.
1970 3151 2006 3182 O.

265 3199 406 3240 [Recte]
427 3216 460 3220 —
481 3199 533 3230 29.
552 3199 585 3229 in
602 3207 639 3230 ea
653 3208 688 3238 p.
707 3201 783 3238 Syr.
802 3199 875 3230 hab.
895 3200 960 3233 G3:
987 3201 1063 3238 Syr.
1081 3200 1153 3230 hab.
1175 3200 1207 3230 in
1222 3208 1261 3230 ea
1273 3202 1369 3238 parte
1387 3201 1485 3238 ng’t).
1508 3219 1542 3222 —
1562 3201 1612 3231 530.
1632 3204 1759 3239 possent
1776 3200 1821 3231 113
1839 3201 1866 3230 V
1891 3200 1945 3240 (cf.
1965 3200 2009 3231 ad

263 3249 292 3287 5·
322 3248 426 3284 «139.);
451 3252 583 3288 possunt
607 3249 707 3289 Lagg.
733 3258 875 3285 omnes-3
898 3250 1021 3288 possint
1045 3250 1087 3280 (le
1112 3250 1199 3280 coni.
1227 3250 1306 3280 Ern.
1332 3250 1368 3281 O.
1392 3268 1424 3272 ——
1446 3251 1624 3290 defenderet
1648 3250 1670 3281 R
1689 3259 1739 3290 pr.
1758 3259 1803 3282 m.
1830 3251 2010 3293 (defendere

260 3301 392 3337 possunt
415 3298 529 3338 Lg29.)
557 3316 591 3320 —
618 3307 681 3329 non
704 3302 779 3330 ante
799 3299 855 3339 fid.
882 3299 909 3330 V
934 3308 985 3340 pr.
1012 3308 1058 3330 ιιι.
1088 3316 1122 3321 —-
1149 3298 1201 3329 3⁴.
1228 3298 1313 3339 quod
1337 3307 1406 3330 om.
1433 3298 1473 3330 V.
