2143 3713
269 210 352 252 450
712 211 1137 253 SUPPLEMENTUM
1167 211 1564 253 ADNOTATIONIS

355 318 434 352 pag.
459 309 534 343 170.
568 318 603 343 v.
628 309 660 343 4.
692 309 805 342 debere
831 310 884 342 29.
916 328 952 333 —
989 310 1040 341 17.
1067 309 1285 350 adlegationes
1312 309 1366 342 29.
1403 328 1438 332 —
1476 309 1528 341 19.
1553 316 1640 348 prae
1657 308 1764 348 pretio
1785 307 1828 340 42
1850 316 1941 340 corr.
1967 324 2002 329 —

269 366 322 397 25.
343 369 463 405 patrus
482 366 524 406 V,
548 367 587 398 ut
608 365 716 398 habet
739 366 878 407 saepius
900 373 968 404 sus,
994 368 1045 397 tus
1067 363 1144 397 loco
1167 373 1263 404 suus,
1289 368 1374 398 tuus.
1412 383 1446 387 —
1484 365 1537 397 26.
1562 365 1648 396 venit
1670 372 1740 396 om.
1765 363 1819 395 29.
1846 381 1881 386 -
1913 364 2007 395 homo

267 429 392 453 summo
424 422 545 453 honore
573 422 702 462 pudore
735 425 763 453 et
792 430 916 453 summo
940 420 1045 461 officio
1076 419 1118 452 42
1142 422 1176 451 et
1199 421 1218 451 5
1242 419 1296 452 alii
1321 422 1436 462 Lagg.‚
1473 420 1536 453 sed
1559 421 1723 460 quattuor
1744 419 1818 451 sine
1841 422 1871 450 et
1894 418 2006 460 (lectio

268 476 370 509 codd.
396 476 438 508 29
461 478 497 509 et
518 476 576 516 48,
603 477 646 509 de
671 476 798 518 quibus
822 476 914 518 apud
937 477 972 508 Z.
999 476 1151 508 erratum
1175 477 1246 512 est,
1271 477 1340 508 iam
1364 478 1398 508 in
1422 476 1602 517 superiore
1627 474 1744 506 adnot.
1770 475 1899 506 rectius
1921 473 2008 505 indi-

268 534 343 565 cata
369 534 445 574 est).
474 550 509 555 —
534 533 587 565 27.
615 534 737 565 Tectius
757 533 815 567 29:
843 532 967 564 Tertius
990 532 1028 568 63
1052 531 1184 562 Petilius
1206 530 1265 567 42;
1293 532 1397 563 Tetius
1419 533 1438 564 6
1461 530 1534 563 rell.
1554 532 1656 570 Lagg.
1683 528 1807 570 (nullus
1830 530 1930 570 igitur
1943 530 2007 561 Ρο-

264 589 377 629 titius).
404 606 439 611 —
464 589 519 621 27.
544 598 563 621 ο
585 589 696 621 multis
717 589 880 620 indomiae
902 587 1056 619 acerbam
1081 586 1150 626 (sic)
1175 587 1228 618 29.
1257 603 1292 609 —
1317 587 1371 619 29.
1397 588 1474 619 talis
1494 588 1582 618 viros
1597 587 1636 618 V.
1656 604 1691 608 —
1715 586 1838 618 venisse
1859 586 1894 617 in
1910 585 1939 616 V
1954 586 2008 617 est

265 652 343 685 sup.
368 643 425 677 lin.
453 662 488 667 —-
525 644 578 676 30.
604 645 659 684 qui
681 638 862 683 numquam
885 644 975 675 nulla
997 643 1026 673 V
1050 642 1218 681 (firmatur
1240 643 1341 682 igitur
1364 644 1534 684 scriptura
1559 641 1636 673 cod.
1663 642 1723 673 29:
1749 641 1805 681 qui
1826 649 2008 680 numquam

263 700 357 741 ulla).
383 717 419 723 —
445 700 498 733 33.
523 701 603 732 mihi
625 701 751 732 adimat
773 700 814 731 29
837 709 871 740 p.
901 717 935 721 —·
962 699 1014 730 38.
1041 698 1089 729 ait
1110 706 1142 729 se
1162 695 1329 734 facturam
1351 698 1391 737 V,
1416 701 1453 730 ut
1477 698 1590 730 locum
1618 698 1772 729 Donatus
1796 696 1907 729 affert.

352 776 430 809 pag.
457 768 530 800 171.
561 777 594 799 v.
620 767 652 800 4.
680 768 788 807 priori
810 766 851 799 42
875 767 911 798 et
933 765 986 798 45.
1018 766 1097 805 (non
1121 764 1161 797 45
1185 764 1296 803 solus,
1321 767 1359 798 ut
1381 767 1427 797 ait
1450 766 1497 805 Ζ.)
1525 784 1557 788 -
1586 765 1616 796 6.
1646 765 1763 796 Tettius
1783 765 1843 811 2¹93
1876 764 2008 796 Pontius

263 822 324 861 42,
348 824 483 855 Potitius
505 824 542 863 6,
567 824 605 855 ut
627 822 782 860 videtum
807 822 938 854 Petilius
961 822 979 853 6
1003 820 1075 853 rell.
1102 822 1203 861 Lagg.
1233 840 1267 844 —-
1297 821 1328 853 8.
1354 822 1391 853 L.
1417 822 1579 853 Domitius
1602 820 1709 852 habet
1731 821 1771 852 V.
1801 838 1836 842 —
1862 820 1893 852 9.
1917 819 2007 851 iudi-

262 879 349 910 cium
371 879 412 910 29
437 880 471 911 et
495 878 514 911 4
537 878 613 910 alii:
638 880 673 910 in
695 878 852 909 iudicium
875 879 905 909 5.
932 877 963 909 6.
985 877 1046 912 273
1072 878 1104 907 id
1126 877 1282 908 iudicium
1305 876 1358 908 42.
1380 894 1411 900 -
1442 877 1492 908 13.
1519 877 1713 908 adulescenti
1735 876 1788 908 29.
1810 893 1845 898 -—-
1873 876 1924 907 16.
1943 875 2007 906 ad-

263 933 386 975 legatos
407 935 460 967 29.
489 953 524 957 —
551 935 603 966 17.
629 933 770 974 coactus]
795 937 888 964 aetus
911 933 1012 973 Lagg.
1032 940 1166 964 omnes.
1189 950 1223 954 —
1249 933 1302 965 25.
1323 932 1507 964 locuturum
1523 933 1541 964 7
1560 933 1643 964 dett.
1665 949 1699 954 -—
1726 932 1779 964 29.
1797 931 2008 963 renuntiatur

263 988 377 1021 bonius
402 990 455 1022 29.
495 1007 529 1011 —
569 990 622 1022 39.
649 989 738 1021 bonis
767 989 914 1029 praediis
940 987 1178 1028 praedibusque
1200 988 1240 1020 V.
1277 990 1319 1020 At
1341 988 1410 1020 vid.
1435 997 1469 1030 p.
1498 989 1577 1028 172,
1603 989 1622 1020 6
1646 989 1681 1020 et
1705 988 1757 1020 18.
1793 988 1831 1020 In
1855 986 2005 1019 editione

263 1052 401 1077 comma
423 1046 504 1086 post
527 1045 616 1077 bonis
638 1043 829 1077 delendum
853 1046 918 1076 est.

347 1121 426 1154 pag.
453 1113 526 1145 172.
561 1122 594 1145 v.
621 1112 651 1145 3.
678 1113 822 1144 erc-ludit
844 1121 918 1144 eum
939 1111 1043 1143 solum
1065 1111 1172 1143 habet
1195 1112 1234 1150 V,
1267 1120 1480 1152 quamquam
1504 1111 1610 1143 Maius
1633 1111 1737 1142 solum
1760 1110 1885 1144 deesse
1910 1110 2003 1142 dicit.

263 1186 298 1190 —
325 1167 356 1200 4.
384 1169 512 1208 aspirat
533 1169 575 1200 29
600 1170 634 1201 et
658 1169 676 1200 6
701 1168 766 1200 alii.
796 1186 831 1190 -—
862 1168 892 1199 7.
914 1171 1016 1208 putas
1039 1171 1172 1199 cautum
1194 1167 1313 1199 scilicet
1335 1167 1379 1208 tu]
1407 1166 1531 1198 Scribit
1555 1167 1597 1198 de
1623 1167 1689 1198 hoc
1713 1165 1789 1198 loco
1812 1167 2002 1198 Brunnius:

263 1223 410 1256 «PVTAS
433 1222 491 1259 Cll
505 1223 527 1259 ll
551 1223 719 1265 (vielleicht
743 1223 833 1265 CAV)
857 1224 936 1255 stelit
959 1232 1014 1255 am
1035 1224 1126 1255 Ende
1150 1223 1238 1254 einer
1261 1223 1360 1260 Zeile,·
1393 1223 1442 1254 die
1464 1223 1594 1254 nactiste
1618 1222 1747 1263 beginnt
1768 1222 1828 1253 mit
1848 1221 1901 1254 AS
1921 1221 2007 1253 wohl

259 1279 380 1318 sicher,·
405 1279 534 1320 darauf
550 1283 569 1311 4
593 1281 671 1312 oder
695 1283 712 1311 5
737 1279 957 1319 Buelistaben‚
982 1279 1138 1311 vielleieht
1160 1278 1256 1310 LICE
1261 1279 1284 1310 T
1289 1304 1300 1318 ,
1326 1278 1404 1310 aber
1426 1279 1485 1310 das
1507 1279 1525 1310 I
1543 1279 1622 1310 stelit
1644 1278 1780 1318 sehrdg;
1807 1277 1897 1308 dann
1921 1278 2004 1309 TV.»

260 1334 492 1367 scribendum
517 1336 590 1375 est,
617 1335 758 1377 opinor:
783 1339 812 1367 et
834 1336 861 1367 si
883 1345 948 1367 non
967 1338 1066 1375 putas
1091 1333 1174 1375 (scil.
1195 1335 1334 1366 cautum
1352 1335 1458 1373 esse),
1484 1343 1601 1365 caveas
1616 1333 1698 1365 lieet.
1726 1333 1771 1365 Tu
1790 1336 1928 1373 praetor
1945 1358 1952 1365 .
1969 1356 1978 1364 .
1996 1358 2002 1364 .

259 1390 430 1423 inmittes?
454 1408 489 1413 —
517 1391 548 1423 9.
574 1391 676 1433 legem
698 1391 850 1431 ipsamv
868 1392 933 1431 (est
955 1400 1043 1422 nova
1067 1389 1192 1429 lectio).
1214 1407 1248 1411 —
1277 1390 1328 1421 10.
1356 1390 1414 1421 DE
1436 1389 1703 1421 HEREDITATE
1725 1390 1761 1421 R.
1781 1388 1867 1421 LEX
1886 1389 2007 1421 OPERI

259 1446 311 1478 ΡΑ
327 1471 536 1480 .........
551 1447 586 1478 N
604 1447 682 1478 PVP
707 1447 814 1478 IVNII
834 1446 862 1477 V
887 1447 952 1486 (est
974 1447 1075 1486 igitur
1097 1446 1208 1477 Recita
1230 1447 1310 1486 post
1330 1445 1505 1477 hereditate
1527 1445 1752 1483 addendum).
1781 1463 1815 1467 —
1851 1445 1903 1477 12.
1931 1445 2003 1477 .PR.

262 1501 455 1534 VRBANVS
476 1503 517 1542 V,
543 1511 613 1534 non
636 1502 744 1541 urbis,
775 1504 813 1534 ut
835 1501 944 1533 habet
966 1502 1075 1534 Maius
1099 1502 1132 1532 in
1157 1500 1236 1533 adn.
1270 1518 1305 1522 —
1337 1501 1415 1540 quid
1438 1502 1488 1532 eni
1518 1501 1627 1532 multis
1649 1501 1689 1533 V.
1719 1500 1805 1540 (sort.
1833 1510 1897 1532 ex:
1929 1500 2007 1540 quid

259 1561 304 1590 est
330 1558 366 1590 in
394 1558 505 1590 mullis
533 1558 613 1598 etc.)
641 1576 675 1580 —
709 1558 761 1589 13.
787 1558 816 1588 V
838 1557 946 1589 habet
978 1559 1056 1599 post
1077 1557 1223 1588 Metellus
1252 1565 1320 1588 non
1344 1557 1479 1588 tantum
1502 1557 1715 1595 addiderunt,
1747 1556 1828 1588 sed:
1861 1564 2007 1587 censores

259 1614 472 1653 addiderunt,
499 1622 568 1654 quo
593 1613 736 1646 demum
761 1613 897 1645 adiecto
923 1613 1121 1644 emendatio
1145 1611 1210 1644 loci
1235 1612 1389 1652 perfecta
1414 1614 1477 1644 cst.
1498 1630 1532 1634 —
1561 1613 1612 1644 15.
1638 1613 1805 1651 Perpenna
1827 1611 1880 1643 29.
1906 1611 1948 1643 42
1972 1613 2007 1643 et

259 1670 278 1701 5
303 1669 370 1701 alii.
398 1687 432 1692 —
467 1670 653 1701 censoribus
679 1669 851 1701 redemerit
882 1678 955 1701 eum
978 1671 1079 1709 Lagg.
1107 1669 1247 1709 praeter
1270 1668 1309 1699 27
1328 1667 1363 1707 (2)
1396 1668 1567 1699 omittunt.
1604 1667 1748 1699 Videtur
1771 1668 1895 1700 Cicero
1918 1668 2006 1699 scri-

258 1726 390 1766 psisse:
424 1725 486 1765 Qui
516 1726 554 1757 de
581 1726 618 1757 L.
643 1726 772 1757 Marcio
795 1727 840 1757 M.
866 1726 1032 1765 Perperna
1063 1723 1246 1755 censoribus
1272 1748 1277 1754 .
1298 1748 1328 1754 ..
1355 1724 1478 1754 socium
1501 1732 1540 1754 ne
1563 1723 1743 1762 admittite,
1776 1731 1844 1755 non
1868 1724 1906 1754 ut
1928 1724 2007 1764 post

257 1780 442 1812 censoribus
475 1779 605 1821 aliquid
638 1781 673 1812 in
708 1780 804 1812 libris
836 1780 942 1821 desit,
978 1780 1041 1812 sed
1071 1781 1108 1810 ut
1138 1780 1254 1810 orator
1285 1779 1358 1819 ipse
1382 1778 1491 1810 verba
1516 1777 1601 1818 legis
1626 1779 1804 1810 interiecta
1828 1778 2005 1810 brevitatis

259 1844 364 1868 causa
388 1837 556 1868 omiserit.
586 1855 619 1859 —
647 1837 699 1868 16.
724 1837 861 1868 admitto
883 1837 992 1868 Maius
1016 1843 1134 1867 erroro
1157 1842 1356 1875 operarum.
1379 1852 1414 1856 -—
1439 1843 1517 1865 neve
1537 1833 1698 1874 redimito]
1722 1842 1762 1865 ne
1783 1842 1861 1866 uere
1882 1834 2006 1866 dimitto

257 1892 310 1924 29.
340 1910 375 1914 -
401 1893 454 1924 21.
479 1891 634 1924 suberant
657 1900 699 1923 ex
722 1892 763 1923 29
788 1900 850 1924 nos
875 1892 908 1923 in
933 1891 1012 1923 adn.
1039 1890 1251 1927 adiecimus,
1277 1890 1311 1921 in
1335 1899 1404 1930 quo
1427 1890 1593 1922 subierant
1616 1891 1752 1921 exstare
1777 1888 1861 1922 falso
1882 1889 1917 1921 Z.
1935 1890 2007 1920 tra—

257 1947 354 1980 didit.
392 1966 427 1971 -—
462 1948 516 1980 23.
542 1950 578 1979 tu
606 1955 676 1980 om.
703 1947 744 1979 29
769 1956 823 1989 p.;
859 1955 962 1986 neque
990 1951 1024 1978 tn
1055 1946 1097 1978 29
1128 1955 1199 1978 sec.
1226 1954 1343 1977 manu.
1373 1963 1407 1967 —
1442 1946 1495 1977 25.
1521 1946 1565 1976 ad
1592 1946 1626 1977 id
1649 1954 1728 1985 opus
1750 1945 1782 1977 5.
1807 1945 1860 1977 27.
1887 1944 1940 1978 42.
1969 1962 2004 1967 —-

256 2003 309 2035 29.
335 2004 390 2035 HS
412 2012 482 2035 om.
509 2002 562 2035 14.
588 2003 641 2035 29.
670 2020 704 2025 —
731 2004 781 2034 De
807 2011 954 2034 numero
979 2003 1139 2043 sequenti
1162 2002 1250 2033 haec
1274 2001 1393 2033 scribit
1417 2002 1603 2033 Brunnius:
1636 2002 1748 2033 «Nacti
1770 2001 1827 2033 der
1848 2001 1921 2033 sehr
1941 2009 2007 2032 un-

256 2059 436 2091 deutliehen
458 2059 537 2091 Zahl
559 2059 692 2091 CILX1111
714 2059 755 2089 ist
777 2059 859 2090 noch
882 2059 988 2091 Raum
1009 2058 1220 2098 voi-handen,
1249 2061 1335 2090 elwa
1357 2066 1418 2089 zur
1446 2057 1694 2098 Wiederholung
1715 2066 1780 2089 von
1802 2057 1911 2097 celos),
1933 2064 2006 2088 was

257 2114 336 2147 aber
357 2115 446 2147 nieht
466 2115 616 2147 wirklich
637 2124 683 2147 zu
704 2114 796 2146 sehen
820 2115 893 2146 ist.»

342 2192 421 2225 pag.
448 2183 522 2215 173.
547 2192 580 2215 v.
607 2184 638 2215 1.
665 2192 688 2214 a
709 2183 886 2214 luorumV
910 2183 990 2223 (non
1013 2191 1056 2214 ea:
1078 2182 1234 2222 tuorum).
1254 2199 1288 2203 —
1315 2182 1347 2213 2.
1373 2181 1505 2212 delitum
1528 2189 1597 2212 non
1622 2182 1675 2213 est
1697 2181 1731 2212 in
1743 2181 1784 2220 V,
1809 2180 1873 2213 sed
1895 2181 2005 2221 DE]-

256 2238 416 2279 E'CTVM,
441 2237 555 2271 littera
578 2240 657 2280 post
679 2239 740 2270 DE
755 2239 898 2270 incerta.
919 2256 954 2260 —
982 2237 1014 2270 4.
1037 2238 1221 2278 petivissem
1236 2237 1276 2276 V,
1301 2238 1339 2268 ut
1361 2236 1441 2270 alibi
1466 2237 1498 2268 in
1521 2236 1574 2268 liis
1590 2235 1686 2268 libris
1707 2237 1839 2277 optimi.
1860 2254 1897 2261 —
1922 2237 1953 2269 9.
1972 2238 2007 2269 et

259 2297 311 2329 10.
333 2296 425 2327 euius
446 2295 484 2327 de
507 2294 598 2326 bonis
619 2303 682 2336 pro
703 2294 817 2334 quibus
833 2295 870 2326 de
893 2294 921 2325 b.
948 2293 1003 2325 bis
1028 2294 1159 2334 flagitat
1180 2294 1304 2325 Bakius
1329 2291 1350 2324 l.
1370 2302 1400 2324 c.
1431 2302 1465 2334 p.
1486 2292 1559 2324 193.
1576 2310 1610 2314 -
1638 2293 1690 2324 10.
1709 2292 1838 2324 milibus
1861 2301 1931 2324 om.
1949 2292 2002 2325 29.

260 2371 294 2375 -
316 2352 368 2385 13,
386 2352 545 2383 tuitorum
559 2350 600 2382 V.
625 2351 663 2381 In
679 2349 759 2381 adn.
779 2349 931 2381 scribas:
958 2353 981 2381 t.
999 2358 1067 2381 una
1082 2349 1242 2381 ademisti.
1256 2367 1299 2371 —-
1316 2348 1368 2380 14.
1388 2349 1493 2388 aliqui
1509 2349 1537 2379 V
1553 2350 1588 2380 et
1610 2349 1663 2380 29.
1690 2347 1825 2389 (salsum
1841 2349 1895 2380 est
1911 2347 2006 2389 quod

259 2410 294 2441 Z.
312 2407 419 2440 habet
435 2408 469 2439 in
491 2406 581 2439 Add.
606 2415 641 2447 p.
660 2405 756 2437 1023.
775 2405 808 2437 in
832 2406 873 2437 29
893 2407 1028 2437 exstare
1053 2405 1172 2445 quique
1194 2414 1256 2446 pro
1280 2406 1396 2444 cuique
1417 2413 1452 2436 V.
1473 2404 1537 2444 13.)
1562 2423 1605 2427 —-
1629 2404 1680 2437 16.
1707 2404 1813 2444 operis
1834 2407 1864 2436 et
1885 2404 1921 2436 in
1941 2404 2007 2435 ista

257 2466 359 2505 Lagg.
385 2463 526 2505 praeter
547 2462 601 2494 27.
627 2479 670 2484 —
693 2461 744 2492 17.
770 2461 930 2493 mercedes
952 2461 1054 2501 Lagg.
1081 2469 1215 2492 onmes.
1238 2478 1282 2483 —
1304 2461 1357 2492 20.
1384 2461 1564 2492 ostendiam
1586 2460 1639 2492 29.
1658 2477 1701 2483 —
1723 2460 1777 2493 25.
1802 2459 2007 2501 rescripserit

257 2521 299 2552 29
316 2529 371 2562 p.;
397 2518 587 2558 ascripserit
608 2517 649 2549 29
673 2525 764 2549 corr.
791 2518 825 2548 ct
848 2517 867 2548 6
891 2515 957 2548 alii.
977 2535 1018 2539 —
1041 2516 1093 2549 34.
1120 2525 1220 2556 quam
1243 2516 1296 2548 29.
1315 2515 1368 2548 42.
1394 2517 1425 2548 5.
1452 2516 1483 2548 6.
1502 2517 1560 2548 27:
1582 2517 1780 2556 priusquam
1800 2515 1876 2549 rell.
1900 2517 2003 2557 Lagg.

342 2595 421 2629 pag.
447 2585 522 2618 174.
555 2594 588 2617 v.
614 2585 668 2617 11.
700 2585 945 2616 arbitrarentur
970 2585 1073 2625 Lagg.
1103 2586 1244 2625 praeter
1269 2584 1322 2615 29.
1351 2602 1393 2606 -
1423 2584 1474 2615 12.
1501 2584 1658 2615 iudicium
1684 2592 1808 2616 omnes
1835 2584 1938 2624 Lagg.
1963 2601 2006 2607 —

258 2643 311 2676 13.
333 2644 420 2685 Iotx]
444 2642 568 2675 chooo
591 2641 644 2672 29.
663 2640 704 2672 42
729 2642 763 2672 et
785 2641 804 2672 5
828 2639 902 2678 alii:
935 2640 988 2672 XL
1013 2640 1031 2671 6
1056 2641 1090 2671 et
1112 2639 1166 2672 45.
1183 2658 1226 2662 —
1250 2640 1302 2671 15.
1327 2640 1456 2671 milibus
1479 2647 1549 2671 om.
1568 2639 1621 2671 42.
1639 2657 1682 2663 -
1705 2639 1759 2672 18.
1784 2639 1888 2682 istius]
1911 2640 2007 2672 huius

257 2699 288 2731 V
304 2700 369 2739 (est
391 2706 481 2730 nova
503 2696 605 2729 lectio
628 2695 812 2736 notabilis).
830 2714 873 2719 —
898 2696 949 2728 19.
974 2695 1102 2727 Haboni
1124 2695 1165 2735 V,
1191 2704 1259 2727 non
1282 2695 1418 2727 Raboni.
1443 2713 1486 2718 ——
1509 2696 1562 2727 20.
1584 2695 1758 2735 pupillum]
1778 2704 1860 2736 pup.
1878 2696 1908 2728 V
1931 2695 2003 2737 (sic,

257 2756 298 2786 ut
315 2755 455 2795 saepius
478 2754 512 2785 in
534 2753 570 2785 h.
588 2761 621 2784 v.
649 2752 698 2784 Cf.
723 2761 828 2793 supra
852 2760 886 2793 p.
906 2751 985 2790 172,
1006 2751 1071 2792 10.)
1095 2769 1139 2773 -
1161 2752 1213 2783 ,5.
1238 2751 1375 2791 inperite
1390 2751 1430 2782 V.
1451 2768 1485 2773 —
1512 2751 1565 2783 26.
1591 2760 1825 2785 commoverem
1839 2751 1870 2784 V
1891 2752 1931 2783 ut
1953 2752 2007 2784 est

258 2810 295 2842 in
316 2810 357 2843 29
382 2811 462 2850 (nou
484 2808 706 2848 concitarem).
730 2826 773 2830 —
796 2808 848 2839 30.
873 2816 947 2839 eum
969 2816 1039 2839 om.
1064 2808 1105 2839 29
1128 2817 1162 2849 p.

346 2886 426 2920 pag.
453 2877 526 2909 175.
552 2886 585 2908 v.
611 2876 642 2908 3.
666 2885 768 2916 neque
791 2879 820 2907 te
842 2879 951 2907 tamen
972 2876 1122 2907 monebat
1144 2875 1183 2907 V.
1209 2892 1251 2898 —
1284 2874 1316 2907 4.
1336 2875 1526 2917 praetexta]
1551 2875 1607 2907 hic
1631 2875 1748 2909 deficit
1769 2876 1804 2908 in
1826 2874 1893 2908 hac
1915 2876 2002 2908 orat.

261 2965 314 2998 42.
339 2982 383 2987 —
404 2963 472 2995 sine
495 2962 573 2994 bula
594 2963 648 2994 29.
666 2980 708 2984 —
732 2964 762 2993 9.
790 2962 841 3003 Q.]
866 2971 966 3002 quam
982 2963 1034 2995 29.
1052 2981 1096 2985 ——
1118 2927 1354 3003 exstinguenda
1369 2962 1421 2993 29.
1439 2979 1482 2984 —
1507 2961 1558 2994 14.
1585 2963 1656 3002 quis
1679 2963 1764 2995 enim
1786 2965 1831 2994 est
1854 2963 1874 2994 5
1899 2964 1934 2995 et
1947 2962 2002 2995 29.

263 3020 375 3061 (deest
397 3018 491 3061 apud
514 3018 562 3058 Z.)
586 3035 629 3040 ψ
653 3020 795 3057 quatuor
817 3018 871 3050 29.
896 3036 939 3041 —
961 3018 1015 3049 26.
1040 3018 1088 3049 illi
1111 3017 1151 3049 29
1168 3026 1201 3060 p.
1220 3036 1262 3040 —
1284 3020 1523 3058 eaespectamus,
1551 3019 1589 3049 ut
1611 3019 1680 3050 iam
1703 3017 1861 3051 Herelius
1883 3017 2002 3059 voluit,

260 3075 386 3108 Bakius
410 3082 551 3115 quoque
574 3082 609 3114 p.
636 3072 710 3105 194.
736 3072 758 3105 1.
784 3082 814 3105 c.
840 3074 1014 3114 proponit.
1046 3089 1081 3096 —
1107 3073 1160 3106 27.
1186 3082 1229 3105 ea:
1252 3072 1366 3105 Cilicia
1388 3073 1428 3103 29
1451 3083 1485 3114 p.

346 3151 427 3185 pag.
453 3142 527 3174 176.
550 3150 585 3173 v.
611 3141 642 3172 1.
666 3141 789 3172 mulcta
811 3141 914 3182 Lagg.
931 3159 975 3164 —
998 3142 1030 3174 2.
1055 3145 1101 3173 est
1123 3149 1192 3173 om.
1218 3141 1321 3181 Lagg.
1349 3140 1433 3173 dett.
1451 3159 1494 3164 ——
1517 3142 1549 3174 6.
1573 3144 1609 3173 ut
1630 3141 1787 3175 levissime
1809 3151 1879 3177 om.
1896 3143 2000 3185 Lagg.

261 3199 403 3240 praeter
424 3197 478 3230 29.
502 3214 546 3220 —
568 3196 622 3229 21.
646 3197 804 3228 iudicium
825 3197 878 3229 29.
903 3214 947 3219 —
969 3196 1021 3229 34.
1047 3205 1106 3238 ego
1128 3197 1191 3228 nisi
1213 3196 1320 3228 habet
1342 3197 1382 3229 V.

347 3266 426 3299 pag.
452 3259 527 3291 177.
558 3267 592 3291 v.
618 3259 650 3290 2.
681 3267 782 3298 quam
809 3259 992 3299 largissime
1025 3258 1133 3290 habet
1154 3259 1194 3298 V,
1227 3267 1296 3290 non
1318 3260 1356 3289 ut
1379 3259 1425 3290 ait
1447 3251 1555 3293 Maius
1578 3268 1679 3301 quam
1700 3260 1935 3304 largissimam.
1958 3278 2001 3287 ·—

261 3313 429 3354 oportebat
451 3322 531 3355 quos
553 3322 623 3347 om.
648 3313 765 3347 verbis
786 3317 900 3355 erepta
920 3317 1000 3348 esset
1018 3314 1160 3355 facultas
1181 3322 1295 3347 eorum
1317 3312 1425 3346 habet
1446 3315 1487 3348 V.
