2143 3713
303 180 384 224 458
737 188 1044 230 SUPPLEMEN
1049 188 1158 230 TUM
1186 190 1582 233 ADNOTATIONIS

386 292 465 324 pag.
490 284 564 316 246.
589 293 623 316 ν.
641 285 672 316 6.
693 289 830 326 propter
850 287 935 317 hanc
957 295 1108 326 causam,
1135 288 1236 327 quod,
1262 297 1335 320 cum
1358 298 1466 321 omnes
1487 289 1590 321 Siculi
1611 299 1653 322 ex
1675 299 1771 323 censu
1786 293 1961 332 quotannis
1975 293 2038 324 tri-

302 338 380 369 buta
401 339 588 379 conferant,
617 341 652 371 in
673 349 769 372 censu
792 343 858 373 cet.
883 341 1109 382 probabiliter
1131 351 1226 384 susp.
1252 344 1375 376 Bakius
1400 344 1420 376 1.
1447 354 1477 376 c.
1505 354 1537 385 p.
1564 345 1636 376 201.
1674 364 1708 369 —
1739 347 1771 378 8.
1796 348 2039 379 aestumationis

302 394 353 425 29.
381 411 417 417 —
444 394 474 426 9.
500 395 564 433 cui]
593 397 648 435 qui
669 396 721 428 29.
747 396 799 429 42.
828 415 863 419 —-
890 398 940 428 45.
966 398 1067 428 solent
1088 398 1163 439 esse]
1191 398 1411 439 «postulatur
1433 401 1568 431 solerent
1592 409 1672 439 esse,
1706 403 1833 443 quippe
1857 401 1912 434 illo
1936 412 2039 444 prae·

301 450 395 480 textu
418 449 580 482 utebatur
595 451 742 490 Verres;
768 451 977 484 alienissimo
1001 451 1077 484 loco
1094 461 1194 484 suam
1211 455 1418 486 sententiam
1435 456 1610 496 posuisset
1625 458 1774 488 orator.»
1799 458 1890 489 Bake
1909 466 1941 498 p.
1960 458 2035 490 204.

300 503 404 536 Paulo
435 507 513 546 post
536 508 578 546 (v.
604 506 670 546 24.)
701 507 795 539 idem
819 508 1034 539 Timarchides
1061 510 1140 549 post
1169 508 1220 539 hic
1248 509 1485 542 inducendum
1509 513 1622 551 putat,
1657 511 1751 551 quod
1774 512 1824 543 hic
1846 513 1891 544 sit
1911 513 2038 545 adver—

298 558 414 599 bium.
439 569 508 592 non
531 570 740 603 pronomen,
767 563 920 603 itemque
945 563 1039 595 idem
1056 572 1182 595 nomen
1199 572 1232 604 p.
1251 565 1326 604 2¹6,
1344 565 1394 597 32.
1416 568 1500 607 etp.
1518 567 1593 604 217,
1614 566 1665 598 49.
1691 575 1753 608 pro
1777 568 1894 608 spurio
1918 567 2036 600 habet.

301 631 337 638 -
361 615 414 647 25.
440 619 548 648 tamen
569 618 604 648 in
621 618 735 658 priore
757 619 882 650 actione
905 618 944 651 42
968 628 1016 660 p.‚
1047 619 1122 651 tort.
1147 621 1251 651 recte.
1273 638 1307 643 —
1334 621 1386 653 35.
1410 622 1499 653 mira
1523 623 1651 662 quidem
1672 623 1713 653 29
1737 631 1770 664 p.
1792 641 1827 645 —
1857 623 1910 655 36.
1935 624 2039 655 hianti

298 673 396 710 atque
417 671 598 704 imminenti
620 673 673 705 29.

383 736 462 768 pag.
488 729 562 760 247.
586 738 619 760 v.
647 730 676 760 4.
700 732 736 760 ut
759 737 827 761 om.
847 730 865 760 7
882 729 966 761 dett.
995 748 1029 752 -—
1055 730 1086 762 3.
1113 731 1357 763 accuratissime
1379 731 1432 764 42.
1454 751 1488 756 —
1515 733 1545 765 4.
1570 733 1724 773 indaqari
1747 733 1851 765 idem.
1873 751 1909 756 —
1935 734 1987 765 40.
2007 738 2036 766 et

299 791 368 814 om.
395 783 500 815 idem.
524 801 557 806 -
585 783 636 816 44.
661 785 754 816 istius
775 785 833 816 iste
855 784 894 817 42
919 794 951 826 p.
974 804 1007 808 —
1036 786 1086 817 46.
1112 795 1265 826 regnasse
1287 795 1355 818 om.
1381 787 1421 820 42
1446 797 1478 829 p.
1501 806 1535 810 —
1563 788 1613 820 48.
1641 789 1666 819 is
1690 797 1758 820 om.
1777 788 1829 820 42.
1851 806 1885 810 —
1911 790 1963 820 20.
1981 790 2031 831 ne]

297 838 342 869 sic
365 837 405 870 42
430 848 464 879 p.
485 856 520 861 —
547 840 598 871 22.
626 840 753 871 denarii
777 848 844 871 om.
864 840 904 872 42
929 849 961 881 p.
989 841 1137 880 (videtur
1150 844 1228 873 nota
1244 843 1287 881 X,
1313 852 1379 883 qua
1398 842 1559 876 denarius
1583 844 1808 884 significatur,
1834 844 2030 884 excidisse.)

302 910 336 916 —-
361 894 489 925 tricenti
512 895 552 926 29
578 895 664 935 (sort.
683 895 827 936 treceni).
848 914 883 919 —
909 896 961 928 24.
985 897 1113 928 XXXIX
1131 898 1224 928 mitia
1247 907 1316 930 om.
1335 898 1375 930 42
1390 908 1424 939 p.
1445 916 1479 920 —
1506 900 1558 931 29.
1584 900 1770 930 naviculari
1787 898 1838 931 42.
1861 918 1895 922 -
1914 899 1966 931 30.
1984 900 2038 940 fa-

297 949 408 981 tebare
431 950 535 982 idem.
563 968 597 972 —
633 951 685 983 34.
712 952 816 983 dicere
840 960 908 983 om.
935 952 1039 984 idem.
1070 969 1103 975 —
1138 962 1203 984 non
1228 962 1264 994 p.
1290 963 1320 985 r.
1345 962 1446 986 causa
1463 956 1647 994 pervenisse
1670 955 1709 987 42
1734 964 1768 997 p.
1796 972 1830 976 —
1861 955 1913 986 32.
1940 955 2035 987 dubi—

297 1005 387 1037 tabat
410 1005 451 1037 42
474 1014 508 1046 p.

382 1069 459 1102 pag.
484 1061 558 1093 248.
583 1070 616 1093 ν.
643 1062 673 1093 6.
699 1071 827 1094 censum
843 1063 882 1101 V,
909 1072 976 1094 non
1000 1072 1122 1095 census
1144 1081 1179 1086 -
1205 1063 1235 1095 8.
1261 1065 1288 1095 si
1311 1073 1418 1096 omnes
1441 1068 1583 1097 tacerent
1607 1067 1659 1097 est
1682 1066 1714 1097 in
1731 1066 1771 1097 V.
1793 1083 1828 1088 -
1855 1066 1884 1098 9.
1907 1075 1942 1098 re
1966 1067 2039 1106 ipsa

294 1117 359 1156 fac.
385 1116 469 1148 dett.
498 1134 532 1138 —
561 1118 612 1148 44.
638 1118 673 1149 L.
700 1127 769 1149 om.
796 1119 897 1159 Lagg.
926 1135 960 1141 —
994 1120 1100 1150 Lelilii
1123 1120 1152 1151 6.
1178 1118 1239 1157 457.
1271 1121 1363 1152 Letili
1386 1119 1457 1152 rell.
1483 1122 1585 1161 Lagg.
1614 1138 1649 1144 —-
1677 1122 1728 1153 45.
1756 1122 2033 1161 QVIB.!1LQVID

297 1172 335 1203 V.
363 1189 397 1193 —-
424 1173 451 1203 si
474 1173 546 1212 quis
568 1173 619 1204 29.
647 1190 682 1196 --
716 1174 767 1205 48.
793 1177 884 1206 tuam
907 1175 1037 1214 quicum
1060 1175 1093 1206 id
1116 1176 1202 1214 quod
1224 1176 1262 1206 V.
1291 1194 1324 1198 —
1363 1177 1414 1208 49.
1440 1185 1518 1208 sane
1540 1186 1591 1208 eos
1621 1177 1722 1216 (num
1746 1186 1777 1208 m
1801 1178 2038 1219 superscripta

294 1227 353 1267 sit,
379 1227 533 1268 dignosci
557 1237 625 1260 non
648 1229 773 1270 potest)
797 1231 882 1261 testis
906 1231 944 1261 V.
972 1248 1006 1252 ——
1033 1231 1086 1263 20.
1112 1234 1240 1262 tantam
1262 1231 1300 1262 V.
1325 1250 1358 1254 —
1385 1233 1435 1263 22.
1462 1236 1533 1263 erat
1557 1234 1640 1264 enim
1663 1241 1761 1263 censa
1777 1231 1816 1264 42
1833 1241 1868 1273 p.
1889 1234 1968 1272 (om.
1989 1234 2035 1273 Z.)

297 1300 331 1305 —
358 1283 410 1315 23.
437 1284 474 1315 de
496 1293 578 1315 novo
602 1284 654 1316 29.
690 1303 725 1307 -
758 1289 843 1325 post.
877 1286 975 1325 anno]
1004 1290 1166 1325 postremo
1190 1286 1230 1318 42
1255 1295 1288 1327 p.
1326 1305 1359 1308 »ῃ
1396 1287 1448 1319 24.
1481 1297 1626 1319 creare·
1642 1306 1659 1310 —
1677 1288 1849 1319 observare
1871 1288 1912 1320 42
1936 1297 1970 1329 p.
1999 1304 2034 1310 —

294 1339 346 1370 25.
373 1339 457 1381 taus]
482 1343 532 1371 tus
556 1340 593 1371 V.
623 1358 657 1363 —
683 1340 735 1372 26.
762 1349 843 1380 equo
867 1342 977 1373 animo
1002 1342 1040 1372 V.
1069 1359 1102 1363 —
1130 1343 1183 1374 28.
1210 1343 1348 1374 relinere
1364 1360 1411 1366 —-
1428 1343 1460 1374 in
1479 1344 1653 1383 provincia
1676 1352 1745 1374 om.
1765 1343 1805 1375 42
1823 1352 1876 1384 p.;
1902 1344 1936 1374 in
1954 1353 2038 1384 pro-

294 1395 436 1426 vinciam
457 1396 497 1427 V.
517 1413 552 1417 —
579 1396 631 1428 29.
657 1397 766 1436 etiam]
791 1397 875 1428 enim
898 1398 949 1428 27.
975 1398 1027 1429 29.
1051 1416 1084 1420 —-
1111 1397 1163 1428 34.
1190 1398 1289 1429 irrita
1311 1398 1414 1439 iussit]
1439 1399 1548 1430 iratus
1569 1400 1609 1430 sit
1632 1398 1672 1431 42
1695 1407 1728 1439 p.
1750 1416 1784 1420 —
1811 1398 1863 1430 33.
1882 1399 2037 1432 Heracleo

293 1450 334 1482 29
360 1452 394 1482 et
417 1451 436 1482 6
459 1450 526 1483 alii.

380 1514 457 1547 pag.
482 1507 556 1538 249.
589 1515 621 1538 ν.
648 1507 699 1539 40.
724 1508 780 1548 sac
802 1508 862 1549 ita]
896 1509 982 1549 facio
1013 1508 1053 1540 42
1084 1518 1117 1550 p.
1153 1527 1187 1530 -
1221 1509 1273 1541 44.
1302 1510 1364 1540 isla
1387 1518 1455 1540 om.
1482 1510 1534 1541 29.
1563 1528 1597 1532 -
1632 1510 1682 1541 217.
1708 1518 1782 1541 reus
1804 1514 1849 1541 est
1870 1511 2038 1543 maximus

289 1563 441 1604 plurimis
463 1564 652 1595 criminibus
674 1564 714 1596 42
738 1574 772 1606 p.
794 1584 828 1588 —
855 1566 907 1597 23.
934 1569 1101 1597 consumta
1125 1566 1163 1596 V.
1192 1583 1226 1587 -
1253 1566 1305 1596 25.
1332 1567 1450 1605 ceperit
1473 1575 1512 1597 nc
1527 1567 1640 1598 celcris
1662 1568 1738 1607 (pro
1762 1567 1858 1597 ceteri
1881 1567 1917 1606 si)
1941 1567 1999 1598 hoc
2015 1576 2037 1598 a

293 1619 384 1651 uobis
413 1621 473 1652 erit
501 1620 712 1660 coprobatum
739 1622 777 1652 V.
810 1639 844 1643 —
881 1622 939 1653 hoc
967 1631 989 1652 a
1016 1621 1114 1660 vobis]
1151 1621 1265 1652 addidi
1298 1621 1331 1651 in
1355 1621 1472 1652 adnot.
1499 1623 1739 1653 auctoritatem
1764 1621 1893 1653 codicis
1916 1622 1969 1653 29.
1998 1641 2031 1644 —

293 1676 334 1707 26
359 1683 410 1716 sq.
437 1676 664 1716 capiendis--
680 1677 917 1716 capiendarum
944 1678 1045 1717 Lugg.
1078 1678 1218 1717 praeter
1242 1676 1294 1708 42.
1333 1694 1366 1698 —
1400 1677 1451 1708 27.
1477 1677 1658 1708 absterrere
1688 1677 1794 1709 habet
1817 1678 1856 1715 V,
1883 1679 1917 1709 et
1939 1681 2035 1710 recto

294 1731 448 1771 quidem.
477 1749 512 1754 -—
538 1732 808 1772 conprobarimus
830 1733 869 1764 V.
897 1750 931 1754 —
958 1734 1010 1764 29.
1034 1733 1098 1764 Hs.
1118 1733 1210 1764 celso
1227 1734 1238 1765 1!
1255 1733 1280 1763 Γ
1295 1732 1455 1772 populum
1477 1732 1568 1763 uerbi
1583 1733 1728 1773 gratiam
1744 1733 1771 1763 V
1789 1732 1883 1772 (num
1902 1734 2035 1766 Vinitio

295 1788 373 1818 novi
397 1796 537 1827 versus,
563 1790 600 1819 ut
623 1789 732 1820 Maius
756 1788 855 1827 dicit,
882 1788 1034 1820 deletum
1060 1789 1120 1828 sit,
1147 1788 1297 1819 Brunnio
1322 1789 1491 1819 incertum
1516 1787 1674 1827 videtur).

377 1851 455 1883 pag.
480 1844 554 1875 220.
580 1852 612 1876 v,
640 1845 670 1875 4.
696 1845 798 1885 coegit
821 1847 918 1884 atque
941 1853 1009 1876 om.
1035 1845 1088 1876 29.
1110 1862 1145 1866 —
1170 1844 1260 1885 num]
1284 1853 1385 1875 unum
1409 1843 1450 1876 42
1467 1852 1500 1884 p.
1524 1862 1558 1866 -—
1584 1843 1614 1876 3.
1639 1853 1763 1876 morem
1785 1844 1970 1884 accipiundi
1991 1849 2036 1877 set

293 1896 345 1929 42.
372 1915 407 1920 -
435 1899 486 1930 46.
510 1900 638 1931 nullum
666 1900 778 1932 haberi
801 1901 852 1932 29.
882 1918 916 1921 —
952 1900 1003 1930 47.
1028 1909 1152 1932 necesse
1182 1904 1226 1931 est
1255 1900 1341 1931 enim
1363 1900 1408 1931 sic
1431 1900 1637 1931 considerare
1660 1899 1700 1932 42
1723 1909 1758 1941 p.
1786 1918 1820 1922 —
1849 1900 1900 1932 48.
1925 1901 2034 1943 honos]

290 1962 371 1985 onus
392 1953 433 1985 42
457 1963 489 1995 p.
519 1973 553 1977 —-
593 1956 644 1987 49.
669 1956 834 1987 simulatio
865 1959 1059 1996 quaestuosa
1081 1956 1133 1987 29.
1168 1973 1202 1977 —
1232 1956 1285 1987 20.
1310 1965 1423 1987 verum
1447 1959 1476 1987 et
1499 1964 1529 1994 q.
1556 1955 1596 1987 42
1622 1964 1655 1997 p.
1682 1973 1716 1977 ——
1744 1957 1890 1995 quotiens
1912 1965 2035 1989 omnes

291 2009 393 2050 Lagg.
422 2028 456 2032 —
481 2014 510 2042 et
533 2012 620 2048 quod
642 2012 695 2043 29.
721 2011 774 2044 42.
802 2030 837 2034 —
864 2012 917 2043 21.
944 2012 1092 2052 auferres
1115 2012 1144 2043 6.
1172 2012 1223 2043 27.
1251 2011 1311 2047 42;
1338 2012 1473 2051 auferas
1496 2012 1546 2043 29.
1577 2030 1611 2034 —
1635 2012 1681 2051 ut]
1706 2015 1764 2043 aut
1787 2011 1827 2044 42
1852 2021 1885 2053 p.
1913 2029 1948 2034 —
1975 2012 2035 2044 ab-

288 2065 415 2107 stulisti]
439 2067 579 2098 statuisli
602 2067 707 2099 idem.
736 2085 769 2089 -
802 2069 855 2099 22.
878 2072 1040 2107 ponentur
1064 2067 1169 2099 idem.
1199 2085 1233 2089 —
1267 2068 1319 2098 25.
1344 2068 1488 2107 fecerunt
1513 2067 1616 2099 idem.
1645 2084 1679 2088 —
1709 2067 1762 2099 26.
1787 2076 1846 2099 nos
1869 2066 1909 2100 42
1933 2077 1966 2109 p.
1997 2087 2030 2091 —

289 2122 341 2152 27.
367 2122 482 2153 civitas
507 2123 600 2154 natta
631 2123 682 2154 29.
710 2141 745 2145 —-
782 2124 834 2155 28.
866 2123 965 2164 mato]
996 2125 1090 2155 modo
1117 2125 1218 2163 Lagg.
1245 2124 1385 2163 praeter
1407 2122 1447 2154 42
1472 2132 1504 2163 p.
1543 2123 1596 2153 Sic
1620 2123 1722 2154 etiam
1748 2123 1780 2154 in
1805 2132 1854 2154 or.
1881 2133 1914 2164 p.
1942 2123 2032 2155 Sulia

290 2177 391 2209 codd.
417 2177 576 2218 vulgares
599 2188 664 2210 uno
687 2180 781 2210 modo
805 2179 953 2218 habent,
982 2188 1045 2220 pro
1071 2188 1138 2220 qua
1163 2178 1309 2210 icc-tione
1333 2188 1399 2210 uno
1421 2179 1508 2209 malo
1532 2179 1665 2219 primus
1691 2188 1731 2210 ex
1757 2179 1881 2210 Erfurt.
1908 2181 1942 2211 et
1967 2180 2032 2211 Te-

289 2242 403 2273 gerns.
429 2235 572 2266 restitui.
593 2252 627 2256 -
655 2235 707 2266 29.
725 2244 811 2267 nunc
834 2236 886 2266 cui
910 2235 950 2267 42
974 2245 1006 2276 p.
1030 2251 1064 2258 —-
1091 2235 1143 2266 30.
1170 2234 1224 2273 acl]
1249 2235 1307 2265 has
1322 2234 1362 2266 42
1381 2243 1413 2275 p.
1434 2251 1468 2255 —-
1496 2234 1548 2265 31.
1569 2235 1715 2274 primum
1733 2234 1839 2266 habet
1854 2234 1907 2274 42,
1935 2235 2028 2276 quod

290 2290 323 2320 Z.
349 2290 474 2321 omisit.
512 2290 575 2330 (Ait
599 2290 830 2323 Niebuhrius:
853 2292 1001 2331 primam
1024 2291 1113 2329 VIII,
1149 2291 1169 2321 i.
1196 2299 1225 2321 o.
1253 2299 1376 2322 omnes
1400 2290 1501 2330 Lagg.
1529 2291 1668 2330 praeter
1683 2289 1749 2330 42.)
1770 2309 1804 2313 —
1831 2290 1882 2322 33.
1902 2291 2031 2323 demon-

286 2348 450 2377 straretur
472 2345 511 2377 42
535 2354 569 2386 p.
598 2365 633 2369 —
659 2347 711 2378 36.
738 2347 852 2378 totiens
875 2346 1031 2387 plerique
1057 2348 1091 2377 et
1114 2346 1163 2377 sie
1187 2345 1290 2386 paulo
1315 2347 1403 2386 post.

374 2409 452 2442 pag.
478 2402 552 2432 224.
578 2410 609 2433 v.
637 2402 667 2433 4.
693 2403 767 2433 novi
790 2411 858 2434 om.
878 2403 980 2443 Lagg.
999 2403 1139 2443 praeter
1162 2402 1214 2432 29.
1234 2401 1286 2433 42.
1308 2419 1342 2422 —
1369 2402 1399 2432 2.
1426 2410 1466 2432 ac
1488 2401 1540 2432 29.
1563 2419 1596 2424 —
1624 2400 1655 2433 4.
1682 2402 1745 2433 tuis
1765 2401 1897 2433 iniuriis
1918 2402 1971 2433 29.
1994 2420 2028 2425 —

286 2466 352 2488 non
373 2466 456 2488 novo
478 2457 583 2498 modo]
615 2467 697 2489 novo
721 2467 789 2489 om.
814 2458 855 2490 42
888 2459 967 2497 (non
991 2459 1104 2496 modo,
1132 2458 1169 2488 ut
1192 2457 1238 2488 ait
1261 2457 1463 2498 Zumptius).
1492 2474 1526 2478 —
1554 2458 1584 2488 6.
1611 2457 1751 2488 decimas
1773 2456 1824 2489 42.
1854 2475 1888 2480 —
1915 2457 1946 2489 7.
1971 2458 2032 2489 im—

283 2516 438 2552 peratum
460 2512 501 2545 42
524 2522 559 2555 p.
587 2531 621 2535 —
648 2517 825 2545 aestument
848 2514 900 2545 29.
929 2532 962 2536 —
990 2514 1020 2545 8.
1047 2514 1200 2545 denarios
1223 2521 1291 2544 om.
1318 2512 1370 2544 42.
1399 2512 1447 2544 Cs.
1474 2521 1578 2553 supra
1603 2512 1647 2544 ad
1670 2522 1704 2553 p.
1730 2513 1804 2551 217,
1831 2513 1883 2544 22.
1913 2532 1947 2536 —
1976 2514 2027 2546 44.

280 2569 450 2609 postulare
472 2568 512 2601 42
536 2578 569 2610 p.
601 2588 635 2592 —
662 2570 695 2600 in
717 2578 820 2600 unum
843 2573 871 2601 te
892 2570 996 2611 reu-m]
1023 2570 1079 2600 «in
1104 2578 1195 2600 reum
1218 2572 1247 2600 te
1270 2569 1371 2608 Lagg.
1397 2570 1537 2609 praeter
1560 2569 1571 2598 4
1582 2567 1632 2600 4.»
1670 2569 1724 2600 Sic
1748 2568 1958 2601 Niebuhrius
1984 2569 2027 2601 ad

286 2623 471 2657 lectionem
495 2626 528 2656 in
552 2623 715 2656 lemmate
739 2625 962 2666 propositam.
1005 2626 1133 2656 Carent
1156 2625 1257 2665 Igitur
1284 2622 1454 2655 vocabulo
1482 2633 1603 2661 unum;
1630 2623 1795 2664 equidem
1820 2623 1957 2656 malim:
1994 2626 2028 2657 in

284 2689 386 2712 unum
407 2683 437 2712 te
459 2681 534 2712 sine
555 2690 659 2712 reum.
687 2698 722 2702 -—
750 2681 800 2712 42.
827 2682 939 2712 omnia
962 2689 1031 2712 om.
1058 2681 1159 2721 Lagg.
1187 2681 1325 2721 praeter
1348 2680 1399 2710 29.
1426 2679 1479 2711 42.
1510 2696 1544 2701 —
1572 2679 1623 2711 44.
1650 2680 1678 2711 ei
1702 2688 1771 2711 om.
1798 2678 1838 2711 42
1863 2689 1896 2721 p.
1924 2681 2028 2720 (tacet

285 2736 350 2775 Z.),
376 2737 413 2766 ut
436 2737 489 2767 est
511 2736 603 2777 apud
621 2737 725 2767 Prisc.
746 2738 784 2768 11.
811 2745 844 2776 p.
865 2736 979 2768 447.-
1003 2737 1177 2778 perficiant
1200 2735 1240 2768 42
1256 2745 1290 2777 p.
1311 2752 1345 2756 —
1374 2735 1425 2766 46.
1444 2739 1488 2766 est
1510 2735 1578 2776 hoc]
1605 2735 1690 2766 enim
1706 2735 1748 2767 42
1765 2744 1798 2776 p.
1822 2754 1857 2758 —
1883 2736 1933 2767 47.
1954 2739 2028 2776 pete

283 2792 340 2823 29:
363 2795 472 2831 petere
494 2791 535 2823 42
559 2800 614 2832 p.;
639 2792 677 2823 de
699 2795 728 2823 te
751 2793 768 2823 7
794 2791 865 2824 rell.
895 2811 929 2815 —
966 2796 996 2824 te
1018 2793 1186 2823 inimicum
1209 2791 1249 2824 42
1273 2801 1307 2832 p.
1344 2807 1377 2813 —
1416 2791 1468 2822 48.
1493 2791 1573 2822 nihil
1596 2800 1652 2831 eqo
1675 2800 1756 2832 rogo
1780 2790 1887 2823 habet
1910 2791 1962 2830 42,
1988 2793 2026 2823 ut

284 2848 317 2879 in
342 2847 421 2879 adn.
443 2847 516 2878 crit.
536 2847 780 2887 indicavimus,
807 2857 875 2879 non
898 2849 977 2879 nihii
998 2857 1096 2889 roqo,
1121 2850 1159 2880 ut
1182 2849 1216 2879 Z.
1236 2848 1394 2879 affirmat.
1416 2865 1451 2868 -
1478 2848 1530 2878 49.
1556 2855 1595 2878 ne
1618 2846 1748 2878 hahent
1771 2855 1893 2879 omnes
1917 2848 2021 2887 Lagg.

285 2905 425 2944 praeter
452 2903 487 2941 6,
514 2903 572 2943 qui
599 2903 732 2935 omittit.
758 2922 793 2926 —
830 2904 881 2935 23.
907 2914 972 2935 non
1002 2913 1124 2936 necesse
1151 2913 1215 2936 esse
1240 2905 1280 2935 sit
1295 2903 1347 2935 42.
1370 2919 1403 2925 —
1431 2903 1473 2942 id]
1499 2903 1532 2933 in
1559 2902 1599 2934 42
1624 2912 1677 2943 p.‚
1714 2904 1752 2933 ut
1779 2903 1885 2934 eiiam
1913 2912 1943 2933 v.
1970 2901 2023 2935 34.

285 2959 378 2990 idem
402 2967 465 3000 pro
489 2959 521 2989 id
544 2958 659 2990 habet.
682 2977 717 2981 —
742 2968 810 2998 qua
832 2968 901 2991 om.
927 2960 1032 2992 idom.
1055 2978 1088 2982 —-
1116 2961 1168 2992 26.
1195 2969 1246 2991 eos
1268 2961 1327 2999 ita]
1351 2960 1401 2991 sic
1424 2960 1475 2990 29.
1495 2958 1551 2991 42:
1578 2959 1626 2989 ita
1649 2967 1701 2990 eos
1719 2957 1792 2989 rell.
1812 2959 1912 2998 Lagg.
1933 2960 1968 2990 et
1984 2959 2023 2990 O.

285 3014 352 3055 (eos
380 3015 429 3046 ita
457 3015 634 3055 Zumptius
664 3017 757 3047 recte
787 3015 840 3047 ille
872 3016 1014 3056 quidem
1043 3017 1196 3057 scripsit,
1232 3016 1293 3048 sed
1327 3015 1486 3046 codicum
1512 3014 1707 3046 testimonia
1731 3022 1800 3045 non
1825 3013 1961 3054 attulit.)
1986 3032 2020 3036 —-

288 3070 341 3103 34.
365 3079 439 3102 cum
462 3070 498 3111 is]
524 3071 615 3101 cuius
636 3070 677 3102 42
701 3080 735 3111 p.
764 3087 798 3093 -
826 3071 878 3103 37.
905 3072 1004 3103 datur
1026 3072 1059 3102 id
1082 3072 1207 3112 accipio
1232 3080 1300 3103 om.
1326 3071 1366 3102 42
1392 3079 1424 3111 p.
1453 3087 1489 3092 —
1516 3071 1568 3102 38.
1594 3070 1734 3101 decimas
1757 3068 1861 3101 idem.

377 3135 454 3167 pag.
479 3127 554 3157 222.
590 3135 622 3157 ν.
651 3128 680 3157 4.
710 3127 822 3167 populi
844 3127 895 3168 R.]
921 3128 1095 3167 praetoria
1121 3126 1162 3159 42
1186 3136 1219 3168 p.
1255 3145 1288 3147 —
1323 3127 1354 3157 2.
1381 3127 1492 3158 aedem
1520 3126 1707 3157 uotcaniam
1728 3125 1826 3156 inser.
1852 3124 1958 3158 idem.
1985 3143 2019 3147 —

289 3182 320 3214 3.
345 3191 388 3214 ex
410 3183 458 3213 his
479 3182 594 3213 statuis
617 3181 722 3214 idem.
752 3201 785 3204 —
818 3183 849 3215 4.
875 3185 960 3214 enim
983 3192 1052 3214 om.
1078 3183 1171 3214 idem
1194 3191 1227 3223 p.
1256 3201 1289 3204 —
1324 3182 1353 3213 6.
1379 3183 1530 3223 confitere
1552 3182 1592 3214 42
1617 3191 1649 3222 p.
1684 3199 1718 3203 —-
1751 3181 1803 3212 44.
1830 3189 1911 3212 cum
1934 3181 1966 3213 M
1989 3182 2023 3212 et

291 3237 379 3278 Lg-42
402 3238 539 3270 honestis
561 3238 712 3269 habeant
735 3247 798 3279 pro
822 3239 939 3278 iratos,
966 3239 1044 3271 vide
1068 3248 1111 3270 ne
1134 3239 1263 3278 infestos
1285 3237 1510 3269 scribendum
1535 3238 1589 3270 sit.
1610 3255 1644 3260 —
1670 3236 1723 3267 20.
1743 3236 1828 3268 voles
1843 3245 1911 3268 om.
1930 3236 1971 3268 42
1986 3245 2018 3278 p.

294 3311 329 3316 —
354 3294 480 3326 testium
502 3294 564 3326 29:
591 3294 720 3326 testibus
742 3294 782 3326 42
805 3304 854 3336 p.‚
879 3296 1134 3327 testimoniorum
1155 3293 1229 3326 rell.
1258 3312 1292 3315 -
1319 3302 1334 3326 e
1357 3302 1420 3335 pro
1441 3302 1483 3325 ea:
1507 3293 1612 3325 habet
1627 3292 1655 3323 V
1677 3293 1711 3324 in
1734 3290 1802 3324 fine
1826 3300 1959 3325 versus.
1984 3309 2018 3314 —
