2143 3713
304 268 384 309 678
832 269 885 307 IN
917 268 961 307 L.
994 266 1284 307 CATILINAM
1315 268 1471 308 LIBER
1500 268 1550 307 II.

306 383 341 422 si
380 385 421 422 et
458 382 499 421 in
538 379 640 421 urbe
678 384 721 420 et
757 378 801 419 in
841 378 987 419 eadem
1027 382 1165 418 mente
1204 383 1468 431 permanent,
1513 391 1561 418 ea
1595 391 1702 432 quae
1738 383 1949 419 merentur
1981 393 2052 420 ex-

305 458 323 484 s
356 447 505 484 ectent.

327 460 352 498 p
418 506 485 545 VI.
518 502 583 544 42.
613 505 667 544 At
695 505 821 544 etiam
852 507 968 549 sunt,
1000 502 1073 555 qui
1104 501 1265 549 dicant,
1297 502 1507 550 Quirites,
1538 516 1561 542 a
1593 516 1657 543 me
1689 504 1730 542 in
1753 503 1948 544 exsilium
1970 503 2053 544 eie-

307 573 415 608 ctum
452 579 544 606 esse
586 566 815 607 Catilinam.
878 564 1001 612 Quod
1042 577 1119 616 ego
1159 563 1193 603 si
1234 564 1358 603 verbo
1388 565 1555 618 assequi
1586 578 1774 618 possem,
1812 566 1910 606 istos
1940 566 2053 620 ipsos

275 629 521 675 5eiicerem,
565 628 636 682 qui
666 628 770 668 haec
800 628 1041 680 loquuntur.
1099 626 1234 665 Homo
1266 626 1375 665 enim
1404 626 1598 666 videlicet
1626 626 1797 666 timidus
1828 632 1899 667 aut
1927 628 2054 668 etiam

305 691 593 744 permodestus
622 703 766 729 vocem
797 688 982 729 consulis
1011 687 1118 727 ferre
1139 701 1222 727 non
1243 687 1397 740 potuit:
1429 689 1548 729 simul
1569 694 1694 742 atque
1716 689 1774 728 ire
1796 689 1836 728 in
1860 689 2053 730 exsilium

306 754 443 793 iussus
474 757 559 799 est,
597 752 748 805 paruit.
808 750 952 799 Quid?
989 754 1033 789 ut
1062 749 1256 789 hesterno
1287 749 1377 796 die,
1418 764 1511 790 cuin
1542 751 1652 791 domi
1683 764 1798 792 meae
1828 764 1962 803 paene
1991 751 2053 789 in-

307 814 502 856 terfectus
533 827 689 861 essem,
721 817 909 853 senatum
939 813 982 851 in
1012 812 1156 852 aedem
1183 813 1294 852 Iovis
1316 812 1488 852 Statoris
1509 813 1752 860 convocavi,
1783 825 1869 852 rem
1889 825 2051 852 omnem

306 877 357 918 ad
397 882 535 930 patres
577 876 832 928 conscriptos
873 873 1026 921 detuli,
1056 896 1110 903 —
1149 888 1231 927 quo
1263 888 1354 913 cum
1387 874 1559 914 Catilina
1589 876 1793 922 venisset,
1833 874 1925 926 quis
1957 888 2050 914 eum

259 946 293 974 ⁴0
306 945 470 980 senator
497 938 753 992 appellavit?
785 936 877 989 quis
908 935 1130 976 salutavit?
1162 936 1253 988 quis
1285 935 1465 989 denique
1492 937 1549 976 ita
1569 937 1759 989 adspexit
1782 940 1827 975 ut
1846 935 2050 989 perditum

306 1002 460 1048 civem,
491 1014 537 1040 ac
567 1012 652 1039 non
682 999 820 1052 potius
850 1002 898 1037 ut
927 997 1322 1050 importunissimum
1352 997 1543 1038 hostem?
1574 999 1677 1051 quin
1698 1000 1818 1039 etiam
1845 999 2050 1052 principes

305 1064 393 1103 eius
423 1061 580 1102 ordinis
610 1064 769 1114 partem
800 1058 913 1098 illam
944 1058 1257 1106 subselliorum,
1287 1059 1339 1098 ad
1369 1072 1492 1113 quam
1523 1060 1594 1099 ille
1614 1065 1868 1108 accesserat,
1898 1060 2048 1100 nudam

304 1130 428 1178 atque
458 1124 622 1163 inanem
652 1121 929 1175 reliquerunt:
970 1142 1023 1149 —
1052 1121 1120 1160 hic
1151 1134 1227 1173 ego
1259 1121 1481 1161 vehemens
1510 1121 1580 1160 ille
1612 1122 1781 1168 consul,
1821 1121 1891 1174 qui
1921 1123 2047 1162 verbo

303 1187 411 1226 cives
442 1186 485 1225 in
515 1184 706 1225 exsilium
737 1183 878 1230 eiicio,
912 1183 1097 1236 quaesivi
1127 1196 1150 1222 a
1177 1183 1371 1230 Catilina,
1401 1183 1443 1222 in
1472 1187 1672 1223 nocturno
1703 1188 1907 1223 conventu
1936 1184 2047 1237 apud

255 1256 290 1284 1¹5
303 1250 356 1288 M.
379 1249 555 1288 Laecam
585 1246 732 1286 fuisset
762 1258 905 1285 necne.
956 1242 1022 1284 43.
1047 1245 1147 1284 Cum
1178 1245 1271 1291 ille,
1301 1245 1426 1285 homo
1447 1244 1766 1292 audacissimus,
1797 1245 2048 1285 conscientia

303 1310 518 1350 convictus
548 1308 680 1363 primo
711 1307 961 1353 reticuisset,
993 1306 1167 1359 patefeci
1200 1312 1356 1353 cetera;
1389 1307 1486 1360 quid
1518 1320 1567 1347 ea
1595 1313 1715 1346 nocte
1746 1308 1916 1360 egisset,
1947 1307 2047 1360 quid

301 1373 343 1412 in
379 1371 610 1426 proximam
651 1370 956 1417 constituisset,
999 1383 1121 1422 quem
1161 1369 1212 1408 ad
1255 1369 1423 1409 moduni
1455 1374 1564 1409 esset
1593 1370 1630 1408 ei
1661 1369 1765 1408 ratio
1796 1370 1920 1409 totius
1949 1369 2046 1409 belli

302 1433 528 1486 descripta,
560 1432 720 1472 edocui.
772 1432 872 1471 Cum
902 1431 1150 1478 haesitaret,
1181 1444 1274 1470 cuin
1306 1435 1531 1477 teneretur,
1562 1431 1770 1484 quaesivi,
1801 1431 1903 1484 quid
1928 1430 2046 1470 dubi-

301 1502 406 1537 taret
434 1492 640 1548 proficisci
671 1508 743 1542 eo,
783 1507 867 1547 quo
898 1494 977 1533 iam
1015 1493 1173 1546 pridem
1204 1499 1391 1545 pararet,
1437 1506 1528 1533 cum
1569 1506 1701 1540 arma,
1741 1507 1833 1533 cum
1865 1506 2044 1540 secures,

251 1566 286 1594 ΞΟ
300 1572 389 1598 cum
419 1557 574 1604 fasces,
619 1570 711 1596 cum
741 1556 882 1603 tubas,
912 1569 1003 1595 cum
1035 1555 1153 1607 signa
1182 1555 1393 1602 militaria,
1425 1569 1516 1594 cum
1548 1556 1728 1608 aquilam
1757 1555 1868 1595 illam
1899 1568 2043 1608 argen-

300 1625 428 1667 team,
460 1619 525 1659 cui
555 1619 624 1658 ille
655 1618 778 1658 etiam
808 1618 1031 1658 sacrarium
1065 1613 1300 1670 [scelerum]
1325 1616 1436 1656 domi
1459 1630 1557 1657 suae
1578 1617 1753 1664 fecerat,
1783 1618 1930 1657 scirem
1952 1630 2042 1657 esse

384 1834 413 1865 4.
439 1834 465 1865 si
489 1834 528 1873 et]
553 1836 583 1865 et
605 1833 632 1864 si
655 1832 676 1864 h
692 1842 739 1871 w,
766 1836 795 1864 ct
819 1842 887 1864 om.
915 1833 1094 1871 CVezg,
1123 1832 1140 1862 6
1166 1831 1219 1863 alii
1244 1833 1346 1871 Lagg.
1376 1849 1409 1853 —
1447 1833 1475 1863 el
1499 1832 1576 1872 post
1596 1832 1676 1863 urbe
1699 1840 1767 1863 om.
1793 1842 1815 1873 q
1840 1834 1873 1864 et
1895 1834 1915 1866 5
1939 1834 2040 1875 Lagg.

298 1903 332 1907 a
355 1885 573 1924 permaneant
595 1891 615 1914 0
630 1892 658 1914 z.
680 1899 715 1903 —-
741 1890 781 1914 ea
805 1891 874 1913 oni.
893 1882 939 1919 V;
965 1885 993 1913 et
1017 1891 1056 1914 ea
1072 1892 1104 1913 0.
1127 1900 1160 1904 —
1188 1883 1218 1913 3.
1244 1883 1282 1913 At
1304 1885 1377 1913 sunt
1394 1882 1493 1913 etiam
1509 1881 1586 1913 cod.
1608 1883 1741 1921 Franc.,
1768 1881 1822 1913 ed.
1842 1883 1927 1914 Ven.
1947 1882 2040 1915 ⁴472.

298 1951 331 1956 -
360 1934 453 1973 Quir.
480 1932 535 1972 qui
559 1933 669 1963 dicant
691 1932 756 1963 VL
770 1932 807 1962 Ο.
835 1932 955 1970 (dic-unt
979 1932 1003 1962 C
1020 1932 1061 1972 z.)
1089 1950 1122 1954 —-
1152 1933 1286 1964 eiectum
1308 1933 1342 1963 in
1365 1933 1500 1963 exilium
1523 1933 1547 1963 Β
1563 1942 1580 1963 a
1595 1942 1611 1963 z
1625 1934 1667 1970 L,
1703 1934 1737 1964 in
1760 1933 1838 1964 easil.
1863 1942 1885 1963 a
1906 1942 1957 1964 me
1978 1935 2043 1965 eie-

291 1988 379 2016 ctum
402 1993 440 2017 1·;
467 1993 486 2013 o
512 1983 545 2013 in
568 1983 704 2014 emiliam
728 1983 807 2023 post
830 1982 1008 2013 Catilinam
1032 1982 1150 2014 habet.
1180 2001 1214 2004 κ
1241 1981 1271 2013 li.
1300 1982 1395 2013 Catil.
1422 1991 1486 2013 esse
1510 1991 1547 2021 g,
1580 1991 1644 2013 esse
1668 1992 1737 2014 oni.
1762 1982 1784 2013 l)
1797 1992 1826 2014 s.
1858 2001 1893 2005 —
1927 1984 1958 2013 5.
1985 1983 2043 2015 hoc

292 2035 325 2066 d.
355 2052 389 2056 —
415 2033 566 2064 locuntur
588 2041 606 2063 a
622 2032 643 2063 b
658 2041 675 2064 c
690 2041 708 2063 e
723 2033 731 2063 i
745 2030 754 2063 l
768 2041 789 2072 q
804 2040 819 2063 s
834 2041 853 2062 u
870 2041 897 2063 w
911 2040 948 2070 Χ,
975 2033 1032 2072 Lg.
1052 2033 1082 2062 7.
1102 2032 1140 2069 ὓς
1167 2032 1320 2071 loquatur
1344 2041 1359 2062 ι·
1373 2042 1401 2062 z.
1424 2050 1458 2054 —-
1483 2033 1568 2063 enim
1584 2041 1652 2064 om.
1673 2033 1694 2063 d
1719 2034 1753 2064 et
1769 2034 1826 2073 Lg.
1847 2033 1898 2063 46,
1917 2032 1968 2064 43.
1988 2033 2039 2064 53.

291 2086 351 2122 65,
379 2084 416 2115 O.
444 2100 478 2104 —
506 2085 564 2113 aut
587 2083 697 2121 etiam]
721 2082 771 2113 vel
794 2082 892 2113 etiam
916 2081 956 2119 d,
983 2082 1082 2112 eliam
1107 2081 1191 2119 (sine
1216 2082 1283 2119 aut)
1310 2082 1375 2111 (IV
1399 2082 1457 2121 Lg.
1475 2082 1535 2117 0213
1562 2085 1591 2112 et
1614 2082 1670 2121 Lg.
1697 2082 1726 2112 7.
1755 2083 1806 2113 46.
1825 2080 1884 2120 43,
1912 2082 1986 2113 LO.
2005 2100 2038 2103 —

290 2135 321 2166 6.
343 2133 491 2173 perferre
513 2133 537 2163 B
553 2141 628 2172 pq,
661 2133 720 2172 Lg.
746 2131 799 2163 43,
829 2150 862 2153 —
895 2135 993 2171 atque
1023 2132 1118 2162 simut
1142 2132 1171 2167 ις
1208 2131 1304 2161 simut
1326 2134 1360 2161 ut
1384 2139 1415 2161 0.
1444 2148 1477 2152 —
1511 2132 1541 2162 7.
1570 2131 1682 2170 Qutcl‘?
1703 2132 1748 2172 ut]
1780 2133 1830 2163 sic
1853 2132 1975 2172 scripsi
2000 2140 2041 2162 cx

290 2185 378 2216 Bac
409 2184 443 2214 ct
467 2182 544 2213 cod.
571 2181 712 2219 Colon.,
744 2182 1020 2221 interpunctione
1044 2180 1175 2221 vulgari
1206 2190 1268 2221 pei·
1292 2182 1399 2211 totam
1425 2180 1605 2220 periodum
1631 2181 1832 2213 emendata:
1870 2181 1925 2220 qui
1954 2190 2038 2212 cum.

291 2234 375 2273 Quid
397 2235 432 2263 ut
456 2241 495 2267 03
522 2231 576 2270 qut
599 2234 635 2262 ut
657 2229 878 2271 bgilrstu
894 2240 953 2261 κν)
968 2240 984 2261 z
1010 2232 1067 2271 lig.
1094 2230 1146 2262 46.
1173 2230 1231 2267 48,
1266 2231 1342 2269 quid
1368 2232 1423 2270 Lg.
1443 2231 1471 2260 9.
1492 2232 1551 2267 ¹20,
1586 2234 1620 2261 ut
1646 2232 1702 2270 Lg.
1722 2231 1782 2266 5:33
1808 2231 1886 2270 quid
1907 2232 1942 2260 ut
1965 2230 2042 2268 qui-

288 2292 362 2314 cum
385 2283 423 2319 k;
450 2281 506 2320 qui
528 2289 602 2311 cum
627 2280 666 2313 h;
693 2280 816 2319 quieuit
839 2289 875 2316 e,
903 2280 978 2311 cod,
998 2281 1140 2317 Mureti,
1168 2281 1212 2311 L:
1241 2281 1326 2318 qnod
1343 2279 1395 2310 vel
1421 2281 1475 2318 qui
1502 2281 1560 2319 (sic
1577 2282 1680 2312 etiam
1697 2278 1809 2312 schol.
1830 2277 2037 2317 G1·on.)rell.

288 2335 411 2373 laag:
434 2331 567 2370 paruit,
593 2330 661 2361 ivit.
686 2330 841 2361 Hesterno
865 2330 914 2360 die
931 2330 956 2360 O
981 2338 1021 2360 ex
1047 2329 1088 2365 d,
1115 2328 1177 2359 scd
1201 2327 1325 2367 legitur
1350 2329 1381 2359 iii
1406 2329 1471 2360 hoc
1493 2331 1525 2359 ot
1550 2331 1582 2360 in
1602 2332 1718 2361 Pare:
1742 2330 1866 2368 paruit.
1884 2330 2041 2360 Hesterna

288 2384 417 2422 quidem
440 2382 502 2411 die.
532 2398 565 2401 -
592 2381 742 2411 hesterna
765 2380 817 2410 ab
834 2379 968 2417 cdoz,
994 2380 1013 2409 5
1038 2377 1091 2409 alii
1116 2379 1217 2418 Lagg.
1247 2395 1281 2400 —
1309 2379 1359 2409 die
1383 2380 1523 2417 Quirites
1546 2389 1562 2409 a
1577 2379 1641 2410 cd.
1671 2398 1704 2402 -
1730 2388 1821 2410 meae
1843 2387 1912 2410 om.
1939 2378 1973 2409 b.
2003 2396 2035 2399 —-

287 2442 385 2465 essem
418 2431 524 2470 interf.
552 2431 578 2464 i;
616 2430 799 2469 interfectos
828 2439 892 2461 esse
924 2438 956 2460 u.
986 2446 1019 2450 ψ
1058 2429 1088 2460 8.
1115 2428 1290 2459 convocavi
1322 2429 1487 2465 BaerZ,
1521 2430 1538 2459 6
1563 2428 1616 2459 alii
1642 2430 1761 2468 Lagg.:
1798 2429 1913 2459 vocavi
1935 2428 1971 2459 R.
2002 2445 2033 2449 —

287 2486 317 2514 t).
344 2482 440 2514 retuli
464 2481 503 2511 V.
532 2497 566 2501 —
594 2479 646 2510 40.
671 2482 854 2511 senatorem
873 2479 1008 2519 pellavit
1032 2487 1071 2519 p,
1098 2478 1189 2509 unde
1207 2478 1370 2509 Pithoeus
1386 2479 1551 2510 coniecit:
1578 2482 1708 2510 senator
1730 2477 1932 2517 compellavit
1955 2475 2040 2517 (quis

285 2536 474 2564 senatorum
497 2538 570 2561 eum
593 2538 670 2568 app.
697 2529 739 2567 ο).
769 2547 803 2550 ——
829 2528 887 2568 ita]
913 2529 960 2559 ila
983 2537 1046 2558 non
1071 2537 1104 2560 r:
1141 2538 1204 2559 non
1229 2528 1277 2558 ita
1300 2537 1329 2558 z.
1359 2546 1392 2549 —
1428 2529 1478 2558 44.
1502 2529 1757 2567 perditissimum
1781 2537 1849 2560 om.
1875 2531 1910 2559 ut
1933 2537 1972 2559 w.
2002 2547 2035 2552 -

287 2583 337 2614 42.
365 2581 504 2613 eiusdem
527 2579 568 2615 d;
594 2579 689 2609 huius
712 2587 743 2609 e.
772 2596 807 2600 —
836 2578 886 2609 43.
912 2578 984 2608 hinc
1008 2588 1035 2609 s.
1066 2593 1100 2599 —
1127 2578 1239 2608 consul
1263 2578 1313 2609 ille
1336 2587 1367 2608 ο.
1390 2596 1423 2599 —
1452 2578 1501 2609 ti..
1528 2579 1607 2609 civis
1629 2587 1646 2609 a
1673 2580 1707 2609 et
1732 2579 1786 2617 Lg.
1806 2578 1836 2608 9.
1861 2595 1895 2599 -
1922 2578 1955 2608 in
1978 2587 2038 2609 ηο-

283 2636 399 2663 clm-no
431 2628 671 2667 bdilrstu,
704 2628 783 2659 cod.
818 2629 935 2659 Puro:
967 2630 1125 2658 nocturno
1157 2628 1181 2658 L
1217 2636 1297 2658 cuni
1329 2627 1432 2658 Prisc.
1459 2626 1532 2658 Vol.
1561 2629 1598 2658 ΙΙ.
1624 2636 1657 2668 p.
1685 2626 1757 2658 445.
1785 2628 1874 2667 etp.
1902 2627 1986 2664 4703
2017 2637 2039 2658 a

285 2685 444 2713 nocturno
468 2687 511 2714 w,
538 2687 583 2708 an
606 2678 640 2708 in
663 2680 747 2708 noct.
775 2678 798 2707 C
814 2677 875 2716 Vq
892 2686 917 2708 w
932 2686 949 2707 x
977 2679 1011 2708 et
1034 2677 1053 2707 o
1077 2676 1131 2707 ulii
1157 2677 1277 2716 Lagg.:
1305 2686 1346 2707 an
1371 2680 1529 2708 nocturno
1553 2686 1623 2717 ep,
1651 2675 1762 2707 Scliol.
1783 2678 1885 2708 Gron.
1905 2678 1940 2708 et
1962 2676 2035 2709 rell.

284 2733 403 2771 Lagg.,
430 2730 466 2760 ut
483 2727 630 2758 videtur.
659 2727 724 2766 (Dc
749 2726 827 2757 cod.
854 2735 870 2757 r
893 2726 1038 2758 Orellius
1064 2727 1209 2759 erravit:
1237 2726 1343 2758 lialwt
1367 2729 1411 2758 is:
1439 2728 1564 2765 questui
1587 2736 1628 2757 an
1653 2727 1790 2757 catilina
1814 2727 1846 2757 in
1867 2726 2036 2765 nocturno)

288 2800 321 2802 »ἡ
350 2781 401 2811 45.
427 2779 568 2810 Laecam
591 2777 624 2807 li.
653 2775 673 2806 Ι.
700 2776 804 2807 etiam
830 2777 851 2806 t.
882 2794 915 2798 —-
944 2777 996 2807 46.
1024 2776 1198 2817 convictus]
1222 2780 1398 2808 commotus
1420 2777 1487 2807 lik.
1517 2794 1550 2799 —-
1576 2777 1771 2814 reticuisset,
1794 2780 1957 2816 postremo
1975 2786 2037 2816 pa-

283 2831 373 2870 tefeci
395 2829 506 2860 Diorn.
533 2835 566 2867 p.
593 2826 666 2857 386.
693 2827 743 2863 Ρ.,
769 2825 831 2856 scd
857 2825 957 2857 abest
983 2829 1146 2865 postremo
1170 2835 1189 2857 a
1214 2826 1291 2857 cod.
1319 2827 1407 2858 Mon.
1436 2844 1470 2848 -—
1507 2830 1614 2857 (falcra
1638 2836 1705 2858 oni.
1734 2835 1772 2866 q:
1799 2830 1917 2857 cuncta
1939 2835 1969 2858 e.
1999 2844 2032 2848 —a

283 2881 394 2920 eyia-set
423 2878 703 2916 imoqrswx,
736 2875 795 2914 Lg.
821 2875 874 2906 53.
900 2876 951 2907 58.
979 2885 1059 2906 cuni
1091 2877 1265 2907 Prisciano
1290 2877 1327 2907 11.
1356 2886 1388 2917 p.
1416 2876 1498 2908 44⁷6:
1536 2885 1605 2907 oni.
1631 2877 1743 2917 egisset
1767 2886 1804 2914 c,
1842 2876 1952 2916 egisset
1980 2876 2035 2906 ubi

280 2930 391 2969 suisset
409 2929 432 2959 (Ζ
447 2926 469 2958 l)
484 2926 505 2957 d
520 2925 528 2957 l
544 2926 556 2956 t
572 2934 591 2956 u
618 2925 652 2955 et
668 2923 754 2963 rell.,
781 2926 818 2955 ut
834 2925 986 2962 videtur,
1012 2926 1114 2965 [θρὶξ.
1133 2944 1166 2948 >⁴
1195 2926 1245 2957 47.
1265 2926 1299 2956 in
1317 2926 1509 2966 prooeimam
1533 2935 1550 2956 a
1565 2936 1583 2956 c
1597 2925 1604 2956 l
1620 2934 1653 2957 m
1669 2928 1678 2956 t
1694 2935 1714 2956 u
1729 2935 1765 2956 z:
1790 2926 1823 2956 in
1842 2926 2035 2965 prom-imma

281 2989 321 3017 g,
347 2979 381 3008 in
402 2976 562 3016 prozima
586 2976 630 3012 R,
654 2975 813 3014 proxima
836 2976 942 3006 Prisc.
970 2974 990 3006 Ι.
1017 2985 1046 3006 c.
1077 2993 1110 2997 —
1136 2979 1213 3007 esset
1237 2984 1305 3007 om.
1332 2985 1369 3013 o,
1396 2977 1423 3006 ei
1447 2985 1522 3016 sup.
1551 2975 1606 3007 lin.
1626 2975 1741 3008 habet.
1772 2994 1806 2998 —-
1831 2975 1870 3016 ei]
1895 2976 1944 3007 rei
1967 2975 2030 3007 bs.

285 3046 318 3050 -
345 3027 441 3058 totius
465 3033 534 3057 Onl.
562 3025 595 3055 d.
625 3043 659 3046 Η
688 3025 738 3056 48.
764 3025 891 3056 edocuit
914 3034 952 3062 u,
979 3026 1074 3057 docnt
1098 3026 1180 3065 Vgi
1197 3035 1229 3057 in
1245 3035 1307 3062 rs,
1334 3024 1352 3057 li
1377 3023 1430 3055 alii
1456 3026 1555 3064 Lagg.
1576 3025 1700 3064 (edocui
1723 3033 1792 3056 0111.
1812 3024 1861 3062 L.)
1889 3039 1922 3046 —
1951 3027 2034 3056 tene-

281 3077 381 3117 retur]
407 3078 619 3106 cunctaretur
642 3076 699 3115 Lg.
727 3074 778 3106 4³6.
806 3076 866 3112 53,
895 3077 928 3107 L.
951 3093 985 3098 -—
1013 3077 1064 3107 49.
1090 3085 1126 3107 eo
1145 3076 1309 3117 proficisci
1332 3076 1388 3113 Lg.
1408 3075 1437 3105 6.
1457 3074 1508 3105 53.
1528 3074 1590 3105 soli
1615 3084 1694 3106 cum
1713 3073 1879 3106 Diomede
1904 3083 1937 3114 p.
1956 3074 2029 3106 387.

281 3129 315 3158 et
339 3126 494 3158 Charisio
518 3134 551 3166 p.
577 3125 651 3156 202.
677 3126 732 3163 P.;
766 3125 827 3156 sed
861 3126 923 3157 hos
953 3126 1198 3165 grammaticos
1223 3124 1337 3156 locuni
1361 3132 1403 3154 cx
1427 3125 1593 3155 memoria
1619 3125 1743 3155 citasse
1768 3123 1883 3164 prodit
1908 3133 2029 3157 eorum

279 3176 382 3208 lectio
414 3175 616 3216 interrogavi
639 3184 702 3215 pro
726 3175 882 3213 quaesivi.
919 3194 952 3197 —
987 3177 1130 3214 pararat
1154 3174 1192 3213 d,
1229 3174 1247 3204 7
1274 3175 1372 3212 Lagg.
1399 3171 1498 3209 dett,
1531 3174 1573 3210 L,
1606 3175 1758 3213 parasset
1781 3174 1805 3203 C
1831 3174 1864 3204 et
1888 3175 1945 3214 Lg.
1971 3174 2027 3212 46,

281 3226 356 3256 fort.
384 3225 523 3256 rectius.
552 3242 586 3246 -
614 3233 687 3255 cum
709 3232 835 3255 secures
856 3233 925 3256 oni.
952 3224 994 3261 l»,
1020 3233 1094 3255 cum
1117 3233 1185 3255 oni.
1213 3223 1326 3263 Vp.—
1353 3222 1404 3253 ⁶20.
1430 3231 1505 3253 cum
1526 3223 1614 3263 faces
1637 3232 1741 3261 ruw,
1766 3223 1785 3253 5
1810 3223 1930 3263 Lagg.;
1956 3233 2030 3255 cum

281 3275 452 3314 dignitates
475 3283 547 3305 cum
568 3274 670 3314 fasces
692 3273 866 3310 Bthz,
903 3274 921 3304 3
946 3273 999 3305 alii
1027 3275 1127 3313 Lagg.
1155 3273 1228 3312 (sed
1254 3274 1266 3303 t
1288 3272 1452 3311 difflatas.)
1481 3291 1514 3295 -
1546 3273 1637 3304 illam
1660 3281 1728 3304 om.
1755 3273 1813 3313 Lg.
1841 3273 1892 3305 46.
1918 3273 1978 3311 43ς
2005 3283 2027 3305 u

281 3332 356 3363 sup.
383 3322 439 3354 lin.
467 3322 584 3354 habet.
612 3341 646 3345 —
679 3323 732 3354 ⁶2⁴.
758 3324 811 3354 cui
832 3324 931 3354 ctiam
953 3324 1005 3354 illc
1027 3333 1059 3354 0.
1080 3340 1114 3344 —
1139 3323 1292 3354 scelerum
1316 3330 1384 3353 oni.
1413 3323 1456 3353 ei
1482 3324 1515 3353 et
1532 3321 1599 3354 Pal.
1619 3323 1637 3353 6
1662 3323 1695 3353 ct
1719 3322 1754 3360 9;
1787 3323 1942 3354 scelerum
1970 3332 2027 3355 sa-

280 3372 427 3402 crarium
452 3371 473 3403 b
489 3381 507 3403 c
522 3380 583 3403 os.
617 3373 757 3413 lrrepsit
780 3371 952 3412 glossema
977 3380 1017 3403 ex
1042 3380 1091 3403 or.
1117 3372 1141 3403 1.
1168 3370 1198 3411 ἓ.
1224 3370 1276 3402 ⁶24.
1305 3389 1339 3393 —
1365 3371 1475 3402 domui
1497 3372 1540 3403 rt
1562 3372 1580 3402 3
1604 3372 1704 3412 Lagg.
