2143 3713
248 220 328 261 288
724 225 778 264 IN
807 226 1026 266 VERREM
1054 226 1214 267 ACTIO
1247 227 1490 269 SECUNDA

248 334 289 373 Si
321 335 452 374 doceo
482 335 615 388 pluris
645 336 858 390 aliquanto
890 339 1074 390 potuisse
1095 339 1275 379 vendere
1299 354 1435 394 neque
1459 341 1507 380 iis
1529 341 1709 381 voluisse
1732 347 1771 382 te
1792 344 1996 399 addicere,

246 399 316 451 qui
347 403 487 437 contra
516 399 741 451 Apronium
774 400 1015 446 licerentur,
1063 405 1103 439 ct
1133 402 1313 453 Apronio
1355 404 1484 442 multo
1516 404 1705 451 minoris,
1753 418 1875 457 quam
1906 408 1996 447 aliis

244 459 429 512 potueris
459 461 660 509 vendere,
693 461 935 500 tradidisse:
968 462 1001 499 si
1031 461 1107 500 hoc
1140 463 1289 509 doceo,
1322 466 1526 516 poteritne
1558 470 1596 503 te
1627 466 1716 517 ipse
1746 467 1870 512 Alba,
1902 473 1997 508 tuus

241 522 554 575 antiquissimus
585 536 666 563 non
698 524 832 561 solum
863 523 1030 569 amicus,
1062 537 1203 563 verum
1235 526 1354 564 etiam
1378 534 1546 573 amator,
1578 527 1821 568 absolvere?
1853 530 1996 568 LXIV.

212 584 341 626 5Dieo
383 585 567 636 equitem
598 586 849 629 Romanum,
891 585 1102 624 hominem
1145 587 1185 624 in
1217 588 1359 639 primis
1390 589 1632 635 honestum,
1678 589 1726 637 Q.
1757 591 1996 637 Minucium,

242 659 334 686 cum
366 647 428 686 sui
460 646 661 686 similibus
693 647 743 685 ad
782 646 976 685 decumas
1018 649 1103 699 agri
1143 648 1333 688 Leontini
1377 651 1497 690 tritici
1539 651 1721 690 modium
1763 665 1847 690 non
1886 653 1996 692 mille

242 722 318 749 nec
350 708 431 748 duo
462 722 538 748 nee
569 710 645 748 tria
676 709 810 755 milia,
843 708 914 747 sed
946 709 997 747 ad
1030 723 1132 749 unas
1163 711 1285 750 unius
1317 713 1401 763 agri
1435 713 1629 752 decumas
1660 714 1784 753 tritici
1814 715 1996 754 modium

242 771 407 823 triginta
437 771 618 810 voluisse
650 771 823 809 addere:
866 771 901 809 ei
936 777 1180 824 potestatem
1214 773 1376 812 emendi
1408 788 1489 813 non
1522 789 1613 814 esse
1643 775 1813 822 factam,
1851 790 1901 815 ne
1932 790 1996 816 res

241 834 371 873 abiret
400 834 450 872 ab
471 834 668 885 Apronio.
720 830 811 871 149.
844 834 1003 885 Negare
1034 834 1125 880 hoc,
1157 834 1235 873 nisi
1266 835 1373 874 sorte
1403 849 1555 889 negare
1579 838 1716 876 omnia
1738 839 1996 885 constituisti,

191 909 226 938 4ο
241 895 356 935 nullo
387 895 509 935 modo
541 901 671 947 potes.
731 895 869 934 Palam
900 908 965 934 res
1007 901 1120 947 gesta
1152 902 1234 943 est,
1273 898 1452 937 maximo
1491 905 1717 946 conventu,
1760 899 1995 952 Syracusis:

239 958 355 997 testis
387 962 449 996 est
479 962 565 996 tota
595 957 828 1009 provincia,
874 963 1090 1009 propterea
1133 958 1243 1010 quod
1277 958 1462 1012 undique
1493 960 1544 999 ad
1577 962 1772 1001 emendas
1802 962 1995 1001 decumas

239 1020 374 1060 solent
404 1033 452 1058 eo
484 1019 720 1058 convenire.
782 1019 904 1066 Quod
937 1019 1024 1058 sive
1054 1019 1192 1059 fateris
1225 1021 1311 1059 sive
1352 1021 1629 1069 convinceris,
1669 1030 1770 1076 quot
1801 1030 1840 1064 et
1871 1037 1994 1077 quam

239 1081 466 1121 manifestis
498 1081 618 1121 rebus
650 1086 832 1127 teneare,
863 1094 947 1119 non
970 1081 1115 1121 vides?
1160 1083 1340 1122 Primum
1363 1088 1472 1123 tuam
1495 1098 1580 1123 rem
1603 1085 1713 1124 illam
1737 1090 1778 1124 et
1798 1085 1993 1138 praedam

236 1143 387 1182 fuisse:
419 1156 535 1189 nam,
568 1143 608 1181 ni
638 1143 693 1182 ita
724 1148 846 1190 esset,
878 1157 949 1182 cur
979 1148 1020 1182 tu
1051 1145 1278 1196 Apronium
1311 1145 1514 1192 malebas,
1547 1160 1669 1199 quem
1702 1160 1846 1186 omnes
1877 1153 1992 1187 tuum

186 1219 222 1248 ⁴5
236 1211 544 1258 procuratorem
576 1218 666 1244 esse
696 1205 736 1244 in
769 1206 972 1250 decumis,
1003 1211 1117 1245 tuum
1148 1207 1359 1258 negotium
1390 1221 1511 1259 agere
1543 1209 1834 1261 loquebantur,
1868 1222 1993 1263 quam

235 1267 464 1307 Minucium
495 1267 689 1307 decumas
721 1269 807 1319 agri
837 1268 1029 1307 Leontini
1062 1271 1251 1308 sumere?
1306 1270 1466 1309 Deinde
1498 1270 1744 1311 immensum
1774 1277 1899 1325 atque
1930 1272 1993 1311 in-

234 1329 396 1369 finitum
429 1330 587 1369 lucrum
620 1342 710 1368 esse
741 1329 914 1368 sactum:
948 1343 1040 1369 nam
1073 1331 1105 1369 si
1143 1344 1228 1373 xxx
1267 1336 1308 1371 tu
1341 1338 1571 1371 commotus
1602 1347 1685 1372 non
1717 1347 1849 1381 esses,
1881 1340 1991 1374 certe

233 1392 311 1432 hoc
331 1392 439 1431 idem
462 1392 564 1431 lucri
582 1392 786 1431 Minucius
807 1392 994 1444 Apronio
1016 1393 1194 1431 libenter
1216 1393 1411 1440 dedisset,
1433 1395 1465 1433 si
1489 1395 1556 1434 ille
1576 1395 1762 1448 accipere
1778 1396 1992 1436 voluisset.

234 1451 328 1493 1150.
362 1454 568 1502 Quantam
600 1454 725 1506 igitur
754 1454 813 1492 illi
846 1468 961 1507 spem
992 1455 1168 1507 praedae
1200 1456 1449 1508 propositam
1481 1457 1728 1496 arbitramur
1747 1458 1888 1505 fuisse,
1921 1460 1991 1511 qui

182 1522 392 1560 entantum
438 1529 636 1569 praesens
679 1516 836 1555 lucrum
877 1517 990 1555 nulla
1028 1531 1152 1570 opera
1195 1519 1400 1570 insumpta
1442 1520 1735 1572 contempserit
1763 1526 1887 1573 atque
1920 1521 1991 1560 de-

232 1581 445 1634 spexerit?
466 1579 627 1618 Deinde
649 1579 737 1631 ipse
760 1580 965 1618 Minucius
988 1593 1215 1633 numquam
1241 1577 1373 1633 [tanti]
1394 1581 1546 1620 habere
1564 1581 1777 1627 voluisset,
1810 1583 1842 1621 si
1866 1582 1991 1622 decu-

232 1657 318 1683 mas
341 1648 384 1682 tu
412 1643 501 1694 lege
523 1642 743 1680 Hieronica
768 1642 990 1689 vende1·es;
1023 1643 1096 1681 sed
1119 1643 1218 1695 quia
1239 1643 1319 1681 tuis
1342 1643 1461 1682 novis
1484 1644 1630 1682 edictis
1654 1649 1694 1682 et
1716 1645 1989 1697 iniquissimis

231 1705 427 1745 institutis
467 1704 557 1756 plus
596 1703 808 1756 aliquanto
847 1716 889 1742 se
931 1718 1055 1757 quam
1096 1705 1292 1744 decumas
1332 1705 1565 1744 ablaturum
1607 1705 1796 1752 videbat,
1838 1706 1988 1746 idcirco

230 1768 392 1819 longius
433 1778 677 1819 progressus
718 1771 791 1804 est.
850 1767 902 1804 At
942 1767 1124 1820 Apronio
1165 1780 1327 1820 semper
1364 1767 1458 1819 plus
1500 1767 1623 1806 etiam
1668 1766 1796 1806 multo
1835 1767 1908 1806 abs
1949 1772 1988 1806 te

178 1841 215 1870 2⁵
230 1829 478 1883 permissum
511 1833 585 1875 est,
618 1841 741 1880 quam
773 1829 883 1881 quod
917 1828 1119 1868 edixeras.
1169 1829 1378 1876 Quantum
1410 1830 1534 1882 igitur
1557 1835 1773 1882 quaestum
1795 1835 1987 1882 putamus

227 1892 381 1932 factum
415 1904 505 1931 esse
535 1903 609 1943 per
639 1903 746 1937 eum,
778 1891 840 1929 cui
875 1891 1040 1944 quidvis
1071 1892 1226 1930 licitum
1259 1892 1335 1939 sit,
1366 1906 1457 1931 eum
1490 1897 1647 1931 tantum
1678 1891 1781 1930 lucri
1810 1892 1988 1931 voluerit

228 1955 383 1995 addere
416 1955 472 2001 is,
513 1954 599 1999 cui,
640 1953 672 1991 si
704 1953 897 1993 decumas
925 1954 1114 2001 emisset,
1155 1954 1265 1994 idem
1298 1968 1381 1993 non
1412 1955 1582 1994 liceret?
1642 1950 1735 1993 list.
1772 1955 1985 1994 Postremo

226 2018 297 2057 illa
329 2016 499 2071 quidem
531 2021 640 2055 certe
671 2015 744 2054 tihi
775 2017 964 2068 praecisa
995 2022 1056 2056 est
1086 2016 1287 2064 defensio,
1320 2018 1359 2055 in
1392 2031 1474 2070 qua
1507 2022 1549 2056 tu
1573 2030 1736 2069 semper
1756 2016 1895 2055 omnia
1916 2021 1986 2056 tua

225 2079 336 2118 furta
365 2084 491 2131 atque
522 2077 674 2130 flagitia
703 2077 832 2118 latere
862 2092 985 2131 posse
1016 2079 1239 2118 arbitratus
1271 2093 1336 2125 es,
1368 2093 1517 2131 magno
1550 2085 1587 2118 te
1619 2079 1814 2118 decumas
1844 2077 1987 2117 vendi-

176 2151 212 2182 30
227 2141 350 2189 disse,
382 2141 492 2194 plebi
523 2142 732 2180 Romanae
765 2141 1042 2189 consuluisse,
1075 2154 1264 2181 annonae
1294 2142 1570 2195 prospexisse.
1619 2143 1712 2180 Non
1743 2145 1878 2194 potest
1905 2140 1985 2179 hoc

226 2204 366 2243 dicere
407 2204 464 2250 is,
509 2203 580 2257 qui
622 2215 772 2255 negare
808 2216 893 2242 non
936 2209 1073 2257 potest
1113 2217 1156 2243 se
1196 2204 1319 2243 unius
1359 2205 1444 2256 agri
1477 2204 1672 2243 decumas
1704 2215 1790 2241 xxx
1820 2202 1985 2241 milibus

226 2267 409 2306 modium
441 2265 623 2311 minoris,
656 2278 780 2318 quam
811 2266 1006 2317 potuerit,
1039 2265 1290 2313 vendidisse,
1321 2272 1367 2305 ut
1397 2266 1532 2312 etiam,
1565 2266 1597 2304 si
1629 2265 1702 2304 tibi
1734 2264 1812 2303 hoc
1839 2278 1984 2304 conce-

225 2330 341 2376 dam,
389 2328 572 2368 Minucio
613 2332 651 2366 te
691 2327 784 2366 ideo
831 2341 912 2366 non
959 2327 1203 2375 tradidisse,
1252 2328 1364 2381 quod
1404 2328 1484 2367 iam
1524 2327 1757 2366 addixisses
1795 2326 1982 2378 Apronio

225 2388 353 2443 (aiunt
383 2390 494 2429 enim
525 2394 564 2429 te
596 2390 651 2429 ita
682 2390 890 2437 dictitare,
932 2391 1043 2443 quod
1089 2404 1166 2443 ego
1208 2395 1402 2444 exspecto
1454 2390 1663 2443 cupioque
1706 2394 1744 2428 te
1782 2388 1840 2428 ita
1879 2388 1981 2428 illud

312 2535 341 2565 t.
367 2533 504 2564 vendere
520 2549 566 2554 --
584 2535 613 2562 te
635 2531 786 2562 addicere
810 2530 917 2570 [342ῑ
945 2534 974 2562 te
996 2533 1132 2563 vendere
1148 2550 1195 2556 -—
1212 2532 1362 2563 addicere
1387 2530 1459 2562 rell.
1487 2532 1524 2562 O.
1547 2549 1581 2553 —-
1608 2530 1639 2562 3.
1665 2530 1801 2561 rendere
1825 2529 1913 2569 [342
1930 2540 1977 2569 φῖ

222 2591 291 2615 om.
325 2585 383 2614 ctt.
400 2584 436 2614 O.
461 2600 494 2603 —
512 2582 579 2620 ipse
594 2581 682 2620 [329
699 2583 724 2611 Α
742 2581 765 2611 Β
792 2580 864 2619 (sed
891 2581 978 2620 [329
1008 2582 1107 2621 ipsa):
1136 2582 1194 2612 isle
1217 2581 1305 2620 [342
1330 2590 1381 2619 φς
1409 2589 1477 2611 om.
1507 2579 1589 2611 dett.
1617 2580 1654 2611 O.
1670 2597 1704 2600 —
1720 2580 1751 2610 5.
1779 2580 1859 2619 dico]
1883 2580 1979 2612 doceo

225 2634 308 2665 dett.
340 2651 374 2655 ——
402 2633 431 2663 6.
458 2632 524 2662 suis
548 2629 635 2670 [342
661 2632 695 2661 ct
718 2631 737 2661 5
762 2629 815 2660 alii
843 2630 916 2669 (sed
939 2630 980 2662 42
1004 2633 1070 2662 suis
1092 2632 1244 2671 milibus).
1274 2649 1308 2652 —
1334 2632 1420 2661 mod.
1448 2640 1508 2661 ηοη
1540 2629 1626 2660 mille
1654 2638 1710 2660 nec
1743 2630 1805 2660 duo
1834 2639 1892 2661 nec
1913 2631 1980 2661 tria

219 2683 313 2714 milia
330 2681 435 2722 [342;
462 2681 607 2711 modium
622 2690 687 2710 non
702 2680 731 2710 Χ
744 2680 883 2726 *non—{Y
897 2689 960 2711 non
974 2681 1061 2711 XXX
1077 2682 1186 2721 [3329
1201 2691 1206 2717 3
1224 2681 1368 2711 modium
1384 2690 1445 2710 non
1470 2681 1535 2717 clo,
1563 2689 1626 2710 non
1644 2679 1764 2717 cIacIa,
1790 2688 1855 2710 von
1871 2681 1979 2712 cloclo

219 2739 284 2770 cla.
300 2739 358 2769 ett.
369 2738 406 2768 o.
420 2753 455 2758 -
466 2736 496 2767 7.
511 2736 597 2766 mod.
611 2735 691 2766 min.
711 2737 737 2767 N
751 2745 757 2773 3
778 2736 865 2767 mute
877 2725 1066 2775 Lgteff.
1082 2739 1219 2778 trigama
1232 2736 1319 2777 Lgta
1329 2738 1372 2768 N:
1388 2737 1507 2768 vxxix*
1519 2735 1589 2767 ren.
1602 2737 1716 2774 Lagg.;
1732 2734 1819 2766 xxx*
1830 2736 1923 2767 mum
1939 2738 1975 2769 o.

221 2806 255 2811 —
271 2789 300 2819 ei
317 2786 424 2827 [342;
446 2789 475 2817 et
491 2787 518 2817 ei
536 2788 593 2817 ott.
613 2786 650 2817 Ο.
670 2803 702 2808 -
723 2786 754 2816 9.
774 2786 903 2817 abirent
922 2788 1020 2826 Lagg.
1041 2787 1125 2819 dett.
1144 2806 1178 2810 —
1198 2789 1249 2819 40.
1269 2796 1320 2818 res
1331 2787 1448 2826 palam
1467 2787 1554 2826 [329
1572 2788 1596 2817 A
1616 2787 1650 2816 B.
1675 2802 1708 2806 -
1730 2785 1781 2816 Η.
1802 2790 1979 2826 propterea

220 2837 374 2876 quicquid
392 2835 502 2875 [3342
520 2844 552 2874 p.
574 2844 619 2867 m.
635 2845 640 2873 3
655 2839 832 2874 praelerea
850 2837 1023 2875 quodquod
1039 2846 1109 2869 sce.
1130 2846 1176 2868 m.
1195 2856 1228 2860 -—
1246 2837 1295 2867 42.
1317 2846 1351 2867 eo
1365 2844 1433 2866 om.
1455 2835 1555 2876 1342,
1580 2839 1661 2869 item
1680 2832 1730 2864 44.
1750 2835 1802 2867 29.
1821 2844 1854 2875 p.
1874 2845 1920 2867 m.
1939 2852 1973 2859 —

220 2887 272 2917 43.
297 2886 478 2926 manifestis
494 2885 589 2916 rebus
605 2884 693 2924 [342
711 2886 732 2916 1⁴*
752 2885 804 2924 (cf.
825 2886 855 2924 Q
875 2886 948 2916 ⁴207.
970 2887 1007 2917 V.
1028 2888 1057 2926 Q.
1078 2887 1146 2926 39):
1171 2887 1287 2926 manif.
1306 2887 1339 2916 in
1357 2886 1450 2917 rebus
1466 2889 1491 2917 A
1511 2888 1533 2917 13
1552 2888 1576 2918 N
1596 2889 1619 2918 O
1645 2888 1696 2927 (cf.
1717 2888 1758 2919 ad
1778 2889 1814 2919 [l.
1834 2887 1863 2927 S,
1885 2886 1973 2927 tw:

217 2937 375 2966 'naz-irruis
398 2936 428 2966 in
454 2934 549 2965 rebus
571 2935 672 2973 Lagg.
700 2934 774 2965 rell.
802 2937 835 2965 ct
860 2934 943 2966 dett.
973 2954 1005 2956 —
1037 2936 1086 2968 44.
1113 2938 1147 2967 m·
1171 2936 1277 2975 [342ς
1312 2936 1372 2966 nisi
1396 2938 1453 2966 eu.
1482 2939 1517 2967 0.
1548 2955 1582 2959 —
1609 2942 1701 2969 tuum
1725 2940 1977 2977 procuratorem

217 2994 282 3017 esse
304 2986 339 3016 in
362 2986 443 3023 dec„
469 2988 560 3015 tuum
583 2993 654 3024 neq.
682 2993 780 3024 affere
797 2984 884 3022 [342
912 2985 991 3023 (om.
1010 2987 1083 3024 esse)
1102 2995 1149 3024 cp:
1176 2989 1267 3016 tuum
1281 2994 1466 3024 procurare
1481 2986 1512 3016 in
1532 2987 1673 3018 devmnis
1688 2987 1852 3026 neqolimn
1869 2986 1972 3017 codd.

217 3040 290 3072 rell.
325 3042 362 3072 O.
393 3059 425 3063 —
455 3040 502 3072 47.
531 3031 617 3071 XXX
644 3040 732 3079 [342
752 3041 791 3071 Ι·“;
822 3040 910 3071 XXX
928 3041 1073 3072 modium
1101 3041 1201 3072 trilici
1223 3043 1249 3072 A
1267 3041 1303 3078 B,
1331 3039 1452 3081 pleriq.
1480 3040 1543 3074 al:
1575 3043 1663 3074 XXX
1681 3042 1809 3073 milibus
1831 3043 1976 3073 modium

217 3091 317 3121 tritici
341 3091 378 3122 O.
409 3108 442 3112 —
470 3093 505 3121 tu
527 3098 596 3121 om.
624 3090 712 3129 [329
730 3090 766 3120 B.
797 3107 831 3111 —
859 3099 923 3120 non
947 3099 978 3121 es
1002 3091 1102 3131 [342.
1134 3110 1167 3113 -
1195 3090 1245 3122 48.
1272 3090 1405 3121 libenter
1429 3099 1497 3121 om.
1524 3092 1626 3131 [329.
1656 3110 1689 3114 -
1716 3092 1768 3122 21.
1795 3091 1879 3122 tanti
1902 3100 1971 3123 om.

217 3139 307 3179 [314
330 3140 369 3171 27
393 3140 434 3170 29
460 3138 519 3175 42;
553 3148 593 3170 ex
618 3142 644 3170 A
670 3140 692 3170 B
719 3138 799 3170 nihil
825 3141 1004 3171 enotatum
1030 3143 1093 3172 est.
1123 3159 1157 3163 —-
1184 3141 1236 3172 22.
1263 3141 1341 3178 quia
1372 3140 1461 3179 [342
1485 3143 1510 3171 A
1534 3142 1574 3171 B:
1607 3141 1692 3180 quod
1716 3142 1774 3172 ctt.
1801 3142 1837 3172 O.
1866 3159 1900 3163 —
1927 3141 1974 3171 tui

216 3189 318 3229 [342.
348 3207 382 3212 —
409 3189 519 3220 edictis
541 3190 633 3220 novis
657 3189 740 3220 dett.
759 3207 793 3210 —
810 3192 839 3220 et
861 3190 1008 3227 iniquiss.
1035 3199 1103 3221 om.
1130 3190 1230 3230 [329.
1252 3207 1286 3211 -
1303 3190 1356 3220 26.
1382 3198 1447 3220 esse
1468 3190 1592 3229 fac-tum
1616 3190 1720 3221 idem.
1742 3206 1776 3211 —
1796 3190 1849 3220 ⁵27.
1875 3190 1973 3220 emis-

214 3243 259 3270 sec
283 3248 353 3271 om.
378 3238 480 3279 [342.
502 3256 537 3261 -
556 3239 610 3270 28.
636 3242 679 3269 est
704 3239 842 3278 defensio
866 3238 973 3279 [342;
1001 3240 1181 3280 defensione
1203 3238 1266 3275 293
1292 3239 1353 3278 def.
1380 3242 1425 3269 cst
1449 3241 1506 3270 ctt.
1527 3240 1562 3270 Ο.
1584 3256 1620 3262 -
1640 3240 1692 3271 34.
1717 3238 1856 3278 milibus]
1879 3238 1973 3270 milia

215 3288 305 3328 [342
324 3290 367 3326 N;
401 3297 469 3320 om.
497 3289 555 3319 ctt.
583 3304 619 3310 —-
646 3287 697 3318 33.
725 3290 753 3318 le
775 3288 846 3319 ideo
871 3287 979 3328 [342τ
1012 3289 1083 3322 ideo
1106 3293 1135 3321 te
1158 3290 1216 3321 ctt.
1243 3289 1278 3320 Ο.
1308 3306 1342 3311 -
1370 3289 1455 3327 quod
1478 3289 1546 3320 iam
1568 3289 1682 3320 acidia:-
1709 3296 1777 3320 om.
1803 3287 1904 3328 [342.
1934 3305 1968 3310 -

215 3338 267 3370 34.
292 3340 340 3370 ita
361 3339 442 3371 illud
465 3340 510 3371 N:
535 3339 585 3370 ita
607 3338 714 3379 Lgfiz:
740 3339 820 3370 illud
843 3340 901 3370 ctt.
