2127 3708
590 229 687 271 CAP.
716 228 1078 270 xxv-xxvii.
1116 227 1189 282 §S-
1220 227 1416 269 68—74.
1822 227 1875 269 49

129 341 269 383 omnia
303 346 400 382 nata
439 355 528 382 esse
567 341 775 382 dicuntur.
833 342 1067 382 Noluerunt
1102 341 1201 381 feris
1233 354 1384 394 corpus
1417 339 1618 388 obiicere,
1649 353 1701 381 nc
1731 341 1876 382 hestiis

129 418 320 458 quoque,
367 418 473 458 quae
514 409 671 444 tantum
712 403 848 444 scelus
879 405 1133 457 attigissent,
1174 403 1489 442 immanioribus
1520 406 1752 442 uteremur:
1790 416 1876 443 non

129 467 187 505 sic
218 467 353 507 nudos
384 467 426 506 in
457 468 611 506 flumen
643 466 848 513 deiicere,
880 480 931 505 ne
963 480 1056 506 cum
1088 465 1213 505 delati
1238 465 1438 505 essentia
1459 477 1596 511 marc,
1628 464 1765 517 ipsum
1785 465 1877 518 pol-

128 528 313 576 luerent,
345 541 427 582 quo
460 533 615 575 cetera,
648 541 755 582 quac
777 528 931 568 violata
963 534 1080 575 sunt,
1113 527 1272 580 expiari
1302 530 1524 580 putantur:
1557 526 1741 580 denique
1771 527 1876 566 nihil

129 595 212 631 tam
232 591 313 631 vile
342 603 481 643 neque
512 596 595 630 tam
614 591 784 643 vulgare
807 596 890 638 est,
923 591 1041 630 cuius
1063 596 1220 644 partem
1243 589 1370 629 ullam
1391 589 1650 642 reliquerint.
1696 586 1761 628 72.
1782 590 1878 629 Ete-
1908 597 1926 627 5

128 654 214 693 nim
255 653 355 707 quid
388 657 449 692 est
487 657 570 692 tam
601 666 820 693 commune
853 666 978 706 quam
1009 653 1179 705 spiritus
1210 653 1336 699 vivis,
1382 656 1491 691 terra
1521 650 1720 698 mortuis,
1766 663 1877 690 mare

128 715 447 762 fluctuantibus,
477 715 575 755 litus
607 715 784 754 eiectis?
828 715 889 754 Ita
910 715 1074 763 vivunt,
1106 714 1205 754 (lum
1227 719 1426 768 possunt,
1458 718 1504 753 ut
1524 714 1676 753 ducere
1698 712 1877 753 animam

130 777 180 817 de
211 777 326 818 caelo
356 789 440 816 non
471 782 647 830 queant3
687 777 745 816 ita
775 778 1029 825 moriuntur,
1070 782 1116 817 ut
1156 791 1300 818 eorum
1336 789 1431 817 ossa
1460 781 1570 816 terra
1599 788 1684 815 non
1715 780 1879 828 tangat3

129 840 187 879 ita
215 839 421 879 iactantur
448 840 666 887 fluctibus,
697 845 743 879 ut
771 852 1001 893 numquam
1030 838 1280 887 adluantur;
1311 839 1367 879 ita
1396 844 1609 892 postremo
1642 838 1880 885 eiiciuntur,

129 906 176 941 ut
204 915 256 941 ne
286 901 338 941 ad
368 915 468 942 saxa
498 902 667 956 quidem
698 903 850 942 mortui
882 902 1197 955 conquiescant.
1247 901 1367 942 Tanti
1390 899 1582 942 maleficii
1604 901 1782 947 crimen,
1813 900 1930 940 cuiio

130 961 333 1004 maleficio
373 969 456 1003 tam
495 964 658 1017 insigne
695 965 948 1018 supplicium
991 968 1053 1004 est
1083 965 1376 1013 constitutum,
1418 964 1595 1018 probare
1626 968 1688 1011 te,
1733 962 1880 1010 Eruci,

130 1039 274 1066 censes
314 1039 439 1079 posse
478 1027 630 1066 talibus
669 1027 794 1074 viris,
840 1027 874 1067 si
914 1039 967 1066 ne
998 1039 1165 1066 causam
1197 1027 1367 1080 quidem
1397 1024 1589 1066 maleficii
1619 1025 1880 1079 protuleris?

131 1088 174 1128 Si
203 1088 314 1129 hunc
345 1089 456 1142 apud
494 1090 700 1130 bonorum
733 1094 940 1142 emptores
979 1089 1094 1141 ipsos
1125 1101 1364 1137 accusares,
1404 1089 1530 1143 eique
1563 1089 1721 1129 iudicio
1754 1089 1882 1142 Chry-

131 1164 314 1205 sogonus
344 1157 578 1205 praeesset,
620 1156 758 1192 tamen
788 1151 1031 1205 diligentius
1062 1151 1336 1204 paratiusque
1366 1152 1567 1192 venisses.
1627 1150 1692 1191 73.
1724 1152 1881 1200 Utrum,

132 1214 233 1268 quid
272 1219 437 1267 agatur,
474 1228 561 1254 non
599 1214 750 1254 vides?
791 1227 842 1254 an
873 1213 985 1266 apud
1017 1227 1124 1267 quos
1154 1216 1328 1266 agatur?
1383 1214 1530 1267 Agitur
1561 1214 1613 1254 de
1642 1214 1933 1268 parricidio,⁴5

132 1277 245 1330 quod
276 1277 364 1317 sine
395 1277 536 1317 multis
567 1277 704 1317 causis
736 1276 892 1330 suscipi
922 1290 1008 1316 non
1036 1281 1202 1330 potest:
1243 1276 1354 1330 apud
1392 1276 1585 1317 homines
1616 1281 1755 1317 autem
1785 1289 1885 1329 pru-

132 1339 398 1379 dentissimos
429 1339 584 1392 agitur,
616 1339 689 1393 qui
719 1339 960 1392 intelligunt
987 1339 1200 1379 neminem
1229 1352 1281 1379 ne
1303 1339 1523 1379 minimum
1554 1338 1727 1394 quidem
1756 1338 1885 1378 male-

131 1398 270 1442 ficium
300 1401 389 1441 sine
420 1414 546 1442 causa
575 1401 808 1442 admittere.

243 1464 413 1503 XXVII.
457 1465 580 1504 Esto:
619 1478 786 1505 causam
823 1464 1012 1518 proferre
1050 1478 1137 1505 non
1166 1469 1301 1518 potes.
1352 1464 1534 1505 Tametsi
1566 1465 1705 1506 statim
1734 1464 1886 1505 vicisse

133 1526 284 1574 debeo,
315 1530 454 1566 tamen
484 1527 535 1567 de
565 1540 659 1570 meo
691 1527 781 1568 iure
812 1527 1011 1568 decedam
1039 1533 1079 1568 et
1108 1528 1203 1576 tihi,
1235 1527 1349 1582 quod
1370 1528 1414 1568 in
1433 1528 1516 1569 alia
1536 1541 1662 1569 causa
1680 1541 1766 1568 non
1787 1536 1935 1568 con-20

134 1588 345 1636 cederem,
384 1589 428 1629 in
464 1589 543 1630 hac
581 1590 830 1638 concedam,
868 1590 1000 1631 fretus
1029 1590 1156 1631 huius
1185 1591 1440 1631 innocentia.
1498 1592 1592 1632 Non
1625 1604 1781 1646 quaero
1813 1590 1886 1630 abs

134 1659 194 1700 te,
225 1665 352 1706 quare
381 1656 541 1706 patrem
573 1653 667 1692 Sex.
698 1653 873 1693 Roscius
905 1653 1128 1694 occiderit:
1171 1667 1349 1707 quaero,
1390 1667 1474 1708 quo
1514 1654 1641 1695 modo
1673 1653 1886 1694 occiderit.

133 1715 196 1754 Ita
225 1728 380 1769 quaero
411 1715 483 1755 abs
513 1721 574 1763 te,
621 1715 663 1755 C.
693 1715 838 1764 Eruci,
880 1730 963 1770 quo
1006 1716 1161 1756 modo?
1204 1721 1245 1756 et
1275 1717 1334 1756 sic
1363 1722 1501 1757 tecum
1532 1730 1671 1770 agam,
1716 1721 1763 1756 ut
1793 1728 1887 1756 meo

134 1777 228 1817 loco
259 1778 325 1818 vel
354 1777 638 1830 respondendi
669 1778 735 1817 vel
765 1778 1059 1831 interpellandi
1083 1779 1157 1818 tibi
1190 1783 1441 1831 potestatem
1470 1779 1622 1819 faciam
1651 1779 1718 1819 vel
1750 1779 1888 1826 etiam,

137 1840 170 1879 si
202 1840 305 1893 quid
333 1840 472 1887 voles,
503 1840 801 1892 interrogandi.
861 1838 926 1880 74.
959 1841 1053 1888 Quo
1084 1841 1209 1882 modo
1244 1842 1427 1882 occidit?
1457 1843 1548 1896 ipse
1579 1843 1803 1897 percussit,
1835 1851 1939 1882 an25

138 1901 232 1941 aliis
262 1901 538 1941 occidendum
570 1901 715 1941 dedit?
765 1903 807 1942 Si
838 1903 977 1956 ipsum
1007 1904 1165 1956 arguis,
1196 1905 1352 1944 Romae
1382 1918 1468 1944 non
1497 1905 1599 1945 fuitt
1631 1906 1665 1946 si
1687 1919 1762 1959 per
1782 1906 1888 1946 alios

136 1962 284 2004 fecisse
316 1963 440 2011 dicis,
478 1977 634 2018 quaero
666 1977 884 2013 servosne,
926 1978 980 2004 an
1010 1965 1194 2005 liberos?
1250 1964 1299 2006 Si
1329 1967 1491 2014 liberos,
1531 1980 1637 2021 quos
1666 1967 1889 2008 homines?

137 2026 375 2067 indidemne
406 2027 591 2074 Ameria,
623 2039 675 2066 an
704 2025 830 2067 hosce
863 2041 915 2067 ex
944 2028 1047 2068 urbe
1079 2029 1278 2069 sicarios?
1324 2029 1366 2069 Si
1386 2030 1572 2077 Ameria,
1605 2030 1677 2083 qui
1708 2034 1806 2069 sunt
1833 2030 1889 2070 ii?

138 2101 212 2128 cur
239 2100 324 2127 non
355 2090 649 2129 nominantur?
695 2090 729 2129 si
758 2090 909 2137 Roma,
941 2090 1050 2130 unde
1083 2104 1154 2131 eos
1184 2095 1357 2131 noverat
1385 2092 1581 2139 Roscius,
1614 2091 1687 2144 qui
1715 2092 1889 2131 Romam

137 2150 277 2191 multis
317 2151 436 2190 annis
476 2165 560 2191 non
589 2152 702 2191 venit
740 2165 879 2206 neque
909 2165 1109 2206 umquam
1138 2153 1233 2206 plus
1264 2153 1401 2193 triduo
1430 2153 1537 2193 fuit?
1582 2153 1659 2193 Ubi
1690 2167 1761 2194 eos
1792 2163 1939 2195 con—30

136 2213 278 2252 venit?
309 2214 479 2266 quicum
508 2213 672 2254 locutus
704 2216 795 2254 est?
838 2215 1049 2268 quomodo
1080 2216 1315 2268 persuasit?
1362 2215 1569 2255 «Pretium
1600 2215 1754 2256 dedit.»
1816 2217 1891 2258 Cui

137 2275 279 2316 dedit?
319 2289 395 2330 per
424 2289 550 2330 quem
579 2276 723 2316 dedit?
765 2277 876 2317 unde
907 2282 979 2317 aut
1009 2282 1210 2331 quantum
1242 2277 1387 2318 dedit?
1432 2278 1580 2318 Nonne
1609 2277 1675 2318 his
1704 2279 1890 2333 vestigiis

223 2406 254 2438 4.
285 2406 459 2438 uoluerunt
489 2416 607 2447 corpas
629 2407 756 2440 abicere
779 2409 816 2440 G.
857 2425 891 2431 -
929 2409 961 2440 2.
991 2417 1075 2449 quae
1097 2417 1167 2440 om.
1194 2410 1232 2441 G.
1266 2426 1302 2432 —
1337 2411 1504 2440 uteremur
1528 2409 1599 2441 GM
1611 2417 1686 2441 vc:
1722 2413 1893 2443 uterentur

138 2455 290 2497 CHSa,
329 2455 407 2489 cod.
435 2457 472 2488 C.
499 2457 617 2498 Steph.
646 2475 681 2479 —
719 2457 749 2489 3.
775 2458 809 2489 id
832 2459 937 2499 ipsum
960 2457 982 2493 (ἐ
1006 2459 1040 2490 in
1064 2467 1172 2500 marg.
1201 2460 1236 2491 et
1258 2468 1294 2497 χ.
1322 2476 1359 2481 —
1392 2460 1422 2491 5.
1448 2458 1521 2500 vile]
1545 2458 1622 2490 utile
1645 2468 1675 2491 c.
1704 2478 1741 2484 —
1774 2461 1889 2504 ullam]

136 2505 240 2537 ullam
263 2506 307 2538 eis
330 2505 352 2540 8
375 2507 410 2539 in
434 2514 544 2547 marg.
573 2525 609 2530 —
634 2508 749 2539 etenim
772 2508 850 2548 quid
872 2512 917 2540 est
940 2511 1009 2540 tam
1032 2518 1146 2540 comm.
1166 2510 1208 2541 L:
1243 2509 1358 2541 etenim
1381 2509 1460 2548 quid
1484 2512 1552 2540 tam
1575 2512 1621 2541 est
1642 2519 1757 2543 comm.
1785 2511 1888 2544 codd.

138 2556 301 2588 orationis
331 2557 367 2588 et
397 2557 442 2595 O;
479 2557 557 2596 quid
584 2557 670 2589 enim
697 2561 765 2590 tam
795 2567 910 2590 comm.
939 2559 1060 2591 Cicero
1085 2567 1122 2590 se
1154 2559 1228 2600 ipse
1253 2559 1363 2591 citans
1388 2559 1422 2591 in
1446 2559 1539 2590 Orat.
1566 2559 1595 2600 S.
1623 2560 1697 2592 407.
1725 2562 1759 2592 et
1783 2561 1892 2599 Quin-

138 2604 185 2637 til.
217 2605 288 2639 ΧΠ,
317 2606 353 2646 6,
386 2605 439 2645 4.;
479 2607 557 2646 quid
587 2610 631 2638 est
662 2608 748 2640 enim
776 2611 845 2640 tam
872 2617 988 2640 comm.
1019 2609 1121 2640 Arus.
1154 2609 1258 2641 Mess.
1292 2618 1326 2650 p.
1355 2609 1430 2641 ⁵22⁴.
1464 2608 1584 2647 Lind.;
1619 2618 1700 2640 nam
1733 2610 1812 2648 quid
1847 2614 1893 2642 est

137 2657 207 2687 tam
235 2664 352 2689 comm.
383 2657 480 2688 Serv.
512 2656 557 2688 ad
580 2657 681 2698 Verg.
707 2659 792 2690 Aen.
820 2659 843 2690 Ι.
871 2657 944 2690 540.
980 2674 1016 2681 -
1053 2658 1085 2690 7.
1111 2658 1200 2689 littus
1228 2659 1346 2691 eiectus
1368 2660 1405 2691 G.
1443 2675 1477 2682 —
1515 2659 1546 2691 8.
1573 2661 1665 2690 terra
1686 2668 1752 2690 non
1775 2662 1893 2700 tangat

138 2705 325 2747 GMvac,
350 2704 446 2745 Pall.‚
473 2705 573 2738 codd.
600 2706 677 2739 sort.
704 2716 846 2740 omnes:
873 2711 998 2740 terram
1018 2718 1085 2740 non
1108 2711 1248 2749 tanyant
1270 2710 1312 2748 L,
1337 2710 1376 2741 ut
1400 2711 1453 2741 est
1474 2709 1509 2740 in
1534 2707 1636 2740 codd.
1658 2706 1790 2748 aliquot
1805 2710 1892 2741 Ora-

137 2754 223 2786 toris
245 2753 267 2786 l.
294 2763 325 2787 c.
352 2771 388 2779 -
416 2755 447 2787 9.
473 2756 655 2789 adluantur
677 2757 754 2789 cod.
782 2759 819 2790 C.
846 2758 979 2799 Steph.,
1006 2758 1098 2790 Crat.
1117 2767 1255 2799 margO,
1283 2759 1308 2790 L
1332 2758 1407 2799 (sed
1429 2759 1465 2790 hi
1481 2757 1684 2798 actitantur-Q
1711 2757 1891 2791 abluantur

138 2803 362 2844 GMOvac,
394 2803 490 2844 Pall.‚
523 2806 626 2838 codd.
652 2806 829 2849 plerique,
861 2809 899 2838 ut
920 2807 1069 2839 videtur.
1106 2809 1144 2839 ln
1168 2808 1311 2840 Oratore
1337 2809 1523 2840 auctoritas
1547 2807 1710 2839 codicum
1734 2807 1891 2841 similiter

135 2853 345 2886 variantium
372 2853 445 2886 fere
476 2863 540 2896 par
564 2858 628 2889 est.
671 2857 721 2889 Cf.
747 2857 893 2890 Osenbr.
920 2857 965 2889 ad
987 2857 1022 2889 h.
1047 2856 1069 2889 l.
1098 2859 1131 2890 et
1154 2858 1261 2889 Klotz.
1288 2857 1342 2889 ed.
1368 2859 1409 2889 II.
1435 2856 1545 2889 Praef.
1570 2865 1605 2897 p.
1630 2856 1705 2888 XIV
1727 2865 1780 2898 sq.
1820 2858 1891 2890 Va-

136 2903 242 2936 rietas
264 2902 422 2936 lectionis
446 2907 521 2936 orta
545 2907 598 2938 est
621 2915 664 2938 ex
687 2907 862 2948 frequenti
886 2906 1089 2940 confusione
1113 2908 1413 2949 praepositionum
1436 2908 1480 2938 ad
1504 2908 1539 2938 et
1562 2907 1619 2944 ab,
1651 2906 1701 2937 sic
1730 2906 1765 2938 in
1788 2907 1887 2941 Verr.

136 2952 176 2984 V.
214 2953 246 2994 g.
271 2953 324 2986 96.
356 2953 458 2987 codd.
491 2956 630 2997 optimi,
667 2957 772 2989 etiam
800 2957 905 2989 Paris.
937 2956 1117 2988 abluantur
1144 2966 1251 2998 prave
1275 2956 1424 2994 habent,
1460 2964 1585 2988 verum
1608 2955 1790 2988 adluantur
1810 2958 1887 2991 Vat.

136 3001 298 3044 palimps.
326 3020 361 3026 —
388 3003 440 3036 ⁴4.
465 3005 585 3046 tamen]
610 3009 679 3037 tum
700 3015 733 3038 v.
762 3024 797 3029 —
826 3009 1032 3046 paratusque
1054 3008 1091 3038 G.
1119 3025 1155 3030 —
1187 3007 1239 3039 1¹6.
1265 3007 1385 3047 suspici
1408 3007 1490 3039 GM.
1518 3023 1554 3028 —
1581 3005 1632 3037 48.
1659 3007 1766 3038 causis
1786 3017 1821 3040 v.
1849 3027 1885 3032 —

137 3050 190 3082 49.
210 3054 316 3092 potest
338 3054 375 3085 G.
403 3071 440 3077 —
465 3055 519 3092 20„
545 3056 632 3094 quod
654 3065 723 3088 om.
742 3066 774 3088 v.
804 3074 840 3079 —-
864 3057 916 3088 Ἣ.
943 3056 1000 3087 abs
1022 3057 1061 3096 te]
1086 3065 1128 3088 ev
1151 3060 1180 3088 te
1205 3057 1244 3088 H.
1272 3074 1308 3078 —
1334 3056 1387 3088 23.
1413 3056 1478 3094 ita,·
1503 3063 1627 3095 quaero
1650 3054 1811 3097 distingui
1834 3058 1889 3090 iu-

136 3097 198 3132 bet
227 3102 305 3135 Gar.
329 3102 362 3134 2.
394 3102 470 3136 coll.
497 3105 618 3137 Lamb.
645 3105 690 3137 ad
712 3107 794 3138 Hor.
820 3106 931 3137 Serm.
957 3106 993 3144 2,
1020 3106 1051 3144 7,
1076 3107 1108 3138 2.
1136 3124 1172 3128 —-
1205 3114 1275 3138 meo
1301 3106 1370 3137 loco
1395 3105 1532 3145 Madvig
1565 3104 1637 3145 (Op.
1663 3105 1689 3136 1.
1713 3114 1747 3146 p.
1774 3107 1884 3150 AQJ:

135 3148 171 3180 in
192 3159 229 3183 eo
251 3151 320 3184 loco
344 3153 446 3185 codd.
473 3155 508 3186 et
531 3154 610 3187 edd.
636 3156 785 3197 priores.
812 3172 849 3179 —
881 3156 934 3187 ⁶27.
961 3155 1095 3197 quaero]
1127 3165 1244 3196 queros
1266 3164 1346 3194 quos
1369 3157 1396 3187 G
1420 3154 1661 3197 (depravatum
1683 3154 1822 3188 videtur
1845 3166 1888 3190 ex

138 3206 273 3240 quaero,
295 3210 356 3242 per
372 3212 463 3243 quos,
490 3205 585 3245 quod
600 3204 728 3237 vellem
747 3206 783 3237 in
806 3205 910 3237 codd.
928 3205 1166 3246 inveniretur).
1184 3224 1220 3229 —-
1239 3205 1266 3237 si
1282 3205 1408 3247 liberos]
1426 3206 1475 3238 sic
1491 3202 1629 3243 Madw'g
1646 3202 1692 3243 (et
1708 3206 1788 3237 ante
1805 3215 1888 3239 eum

137 3248 311 3291 Matthiae,
338 3253 397 3294 qui
413 3252 528 3287 solum
545 3255 724 3287 «liberosPn
742 3255 904 3295 addidit):
931 3263 1000 3287 om.
1018 3255 1047 3286 si
1062 3255 1115 3288 lib.
1134 3255 1236 3287 codd.
1256 3256 1291 3287 et
1307 3255 1344 3286 Ο.
1365 3255 1415 3287 Cf.
1433 3264 1469 3296 p.
1486 3254 1540 3286 5⁴.
1557 3261 1592 3284 v,
1606 3251 1659 3284 ⁴3.
1678 3269 1713 3275 —
1733 3254 1786 3287 28.
1804 3255 1889 3287 indi-

136 3297 258 3353 demae]
274 3301 386 3335 iudica
401 3312 446 3335 an
460 3312 493 3337 v.
515 3322 550 3328 —
567 3305 594 3337 si
610 3305 745 3338 Ameria
764 3315 783 3338 a
797 3314 838 3338 c:
864 3306 892 3337 si
906 3305 1058 3338 Ameriae
1081 3306 1108 3337 G
1120 3306 1153 3338 M
1165 3306 1190 3337 T
1202 3314 1262 3344 xv
1285 3304 1360 3346 (sed
1377 3307 1474 3338 Gom.
1492 3306 1543 3346 si).
1563 3318 1600 3326 --
1624 3302 1659 3344 ii]
1676 3303 1727 3335 sic
1742 3305 1885 3346 scripsi:

134 3345 169 3378 ἢ*
183 3347 274 3390 vulg.
294 3367 330 3375 —-
347 3351 402 3385 29.
419 3353 448 3387 si
461 3354 566 3388 Roma
582 3354 637 3388 ed.
652 3356 689 3388 R.
706 3356 824 3398 Steph.
838 3364 870 3389 a.
887 3354 1003 3388 4543.:
1027 3355 1055 3388 si
1066 3356 1189 3389 Romae
1206 3354 1310 3389 codd.
1325 3357 1362 3389 et
1377 3355 1458 3389 edd.
1473 3357 1557 3390 vett.
1574 3373 1616 3396 :-
1634 3351 1687 3386 3⁴.
1705 3357 1751 3388 est
1766 3362 1836 3387 om.
1850 3362 1884 3387 v.

197 3408 315 3443 Cicnao
334 3411 368 3445 Τ.
383 3413 417 3446 11.
1593 3418 1621 3461 4
