2127 3708
667 233 762 275 cn».
791 231 851 272 lx
866 251 920 262 -
935 231 1007 271 xl.
1045 228 1118 283 §§.
1149 227 1194 270 31
1217 250 1271 259 -
1286 227 1352 269 38.
1857 218 1882 261 9

149 350 244 390 illos
276 349 575 394 obtineremus;
615 358 753 399 neque
794 345 876 384 illis
916 356 1115 397 umquam
1146 344 1245 383 satis
1276 342 1354 382 suit
1384 342 1486 381 illud
1519 342 1726 388 obtinere,
1769 337 1883 393 quod

147 412 314 464 probari
347 410 536 449 omnibus
567 412 730 461 posset:
762 407 819 447 ita
849 407 938 447 sine
970 406 1121 445 iniuria
1154 406 1380 458 potentiam
1412 405 1545 444 levem
1567 409 1692 457 atque
1716 403 1884 454 inopem

149 487 238 513 esse
268 473 526 514 arbitrantur.
587 471 636 509 X.
675 471 827 509 Verum
866 469 1064 523 quoniam
1096 469 1168 508 tibi
1201 469 1326 507 instat
1355 467 1626 514 Hortensius,
1667 470 1712 504 ut
1743 478 1811 503 eas
1843 463 1882 501 in

149 536 386 582 consilium;
417 546 439 573 a
460 546 523 571 me
546 532 750 585 postulat,
782 545 833 571 ne
855 531 1032 571 dicendo
1056 536 1219 583 tempus
1240 531 1476 577 absumam3
1508 529 1714 582 queritur,
1746 526 1885 579 priore

149 603 321 651 patrono
341 609 507 636 causam
526 595 776 636 defendente
797 608 1024 648 numquam
1056 593 1241 647 perorari
1263 593 1472 646 potuisse:
1504 604 1588 630 non
1610 590 1743 643 patiar
1764 589 1885 628 istam
1919 602 1937 631 5

147 672 310 698 manere
340 659 643 711 suspicionem,
684 670 761 696 nos
791 669 877 695 rem
907 656 1081 696 iudicari
1113 656 1248 702 nolle,
1294 668 1371 694 nec
1403 654 1505 693 illud
1538 652 1638 691 mihi
1669 650 1885 702 arrogabo,

145 734 209 760 me
239 733 360 772 posse
390 732 555 760 causam
587 718 846 758 commodius
878 719 1184 766 demonstrare,
1216 731 1340 772 quam
1362 722 1483 756 antea
1506 717 1789 755 demonstrata
1810 712 1886 758 sit;

143 796 278 835 neque
318 787 455 821 tamen
486 787 567 821 tam
599 781 727 820 multa
758 781 882 820 verba
918 781 1087 828 faciam,
1128 787 1349 835 propterea
1382 780 1495 832 quod
1527 782 1568 818 et
1597 778 1647 817 ab
1678 776 1773 821 illo,
1815 774 1887 827 qui

143 849 229 885 tum
261 844 386 892 dixit,
418 843 637 883 informata
669 843 750 883 iam
782 856 906 883 causa
936 849 1020 890 est,
1052 849 1092 883 et
1122 858 1144 883 a
1176 857 1264 891 me,
1296 843 1367 896 qui
1397 855 1534 895 neque
1557 838 1793 890 excogitare
1817 849 1888 875 ne-

143 921 223 961 que
253 906 521 960 pronuntiare
554 906 683 945 multa
713 919 905 958 possum,
947 906 1128 946 brevitas
1160 906 1417 959 postulatur,
1450 917 1557 958 quae
1588 901 1778 941 mihimet
1807 898 1936 951 ipsilo

141 970 391 1012 amicissima
430 973 503 1009 est.
562 967 627 1008 355.
668 969 854 1016 Faciam,
897 969 1011 1021 quod
1053 974 1092 1009 te
1130 983 1254 1022 saepe
1285 966 1558 1009 animadverti
1588 964 1743 1010 facere,
1782 962 1888 1000 Hor-

141 1032 269 1073 tensi:
310 1036 438 1071 totam
476 1044 624 1071 causae
665 1044 781 1070 meae
821 1031 1048 1071 dictionem
1090 1037 1221 1072 certas
1253 1032 1295 1071 in
1327 1035 1465 1084 partes
1497 1029 1692 1069 dividam.
1752 1026 1814 1063 Tu
1846 1023 1889 1062 id

141 1108 304 1148 semper
337 1095 461 1142 facis,
503 1094 602 1148 quia
647 1107 810 1146 semper
849 1098 990 1146 potes3
1032 1107 1107 1147 ego
1139 1095 1181 1134 in
1211 1095 1288 1134 hac
1320 1106 1443 1133 causa
1473 1092 1622 1132 faciam
1653 1093 1887 1142 propterea,

141 1158 253 1211 quod
284 1158 325 1197 in
355 1157 432 1197 hac
467 1157 614 1196 videor
643 1169 766 1209 posse
798 1155 946 1195 facere.
989 1156 1113 1204 Quod
1144 1157 1219 1196 tibi
1250 1161 1397 1196 natura
1418 1155 1509 1202 dat,
1541 1158 1587 1193 ut
1609 1165 1773 1205 semper
1790 1164 1889 1204 pos-

140 1220 218 1267 sis,
250 1219 290 1259 id
321 1220 421 1259 mihi
452 1232 577 1259 causa
607 1218 820 1265 concedit,
850 1223 897 1258 ut
925 1219 1051 1258 hodie
1082 1219 1254 1272 possim.
1308 1219 1451 1258 Certos
1483 1216 1583 1256 mihi
1614 1213 1715 1255 fines
1747 1212 1937 1255 termi-is

140 1295 300 1336 nosque
342 1282 613 1329 constituam,
652 1286 769 1320 extra
808 1294 914 1334 quos
957 1283 1097 1335 egredi
1128 1296 1213 1321 non
1243 1282 1422 1335 possim,
1461 1280 1495 1320 si
1527 1279 1705 1318 maxime
1736 1275 1886 1316 velim:

138 1350 184 1385 ut
215 1349 255 1384 et
285 1344 383 1383 mihi
416 1345 467 1384 sit
487 1344 774 1398 propositum,
807 1345 857 1383 de
882 1358 966 1398 quo
990 1345 1148 1392 dicam,
1181 1349 1221 1384 et
1241 1344 1490 1384 Hortensius
1509 1342 1660 1382 habeat
1684 1338 1887 1392 exposita,

139 1409 190 1448 ad
221 1420 327 1462 quae
357 1408 628 1460 respondeat,
661 1411 701 1446 et
733 1412 796 1455 tu,
829 1407 871 1447 C.
894 1408 1060 1461 Aquili,
1092 1408 1173 1447 iam
1195 1412 1291 1447 ante
1313 1407 1452 1446 animo
1474 1404 1715 1458 prospicere
1737 1400 1887 1455 possis,

139 1470 291 1524 quibus
322 1470 372 1510 de
402 1470 524 1509 rebus
555 1470 773 1509 auditurus
805 1470 873 1509 sis.
932 1468 998 1509 36.
1031 1471 1257 1522 Negamus,
1288 1474 1328 1508 te
1356 1468 1467 1508 bona
1487 1469 1529 1507 P.
1553 1464 1758 1514 Quinctii,
1791 1463 1887 1501 Sex.

137 1533 287 1580 Naevi,
319 1532 555 1585 possedisse
588 1546 640 1572 ex
670 1533 807 1572 edicto
841 1533 1059 1585 praetoris.
1109 1533 1157 1571 In
1188 1546 1237 1572 eo
1270 1532 1441 1585 sponsio
1472 1531 1581 1570 facta
1612 1533 1686 1569 est.
1737 1526 1888 1566 Osten-
1901 1536 1937 1565 ΞΟ

139 1596 232 1635 dam
270 1596 470 1648 primum,
510 1609 677 1635 causam
707 1608 791 1635 non
822 1594 975 1642 fuisse,
1017 1609 1090 1635 cur
1119 1609 1142 1635 a
1173 1600 1365 1648 praetore
1403 1593 1658 1647 postulares,
1702 1595 1749 1630 ut
1777 1589 1888 1628 bona

138 1659 180 1697 P.
212 1657 396 1706 Quinctii
436 1658 696 1710 possideres;
743 1658 917 1705 deinde,
961 1671 1012 1697 ex
1052 1658 1189 1698 edicto
1232 1662 1270 1697 te
1311 1657 1528 1710 possidere
1559 1668 1645 1695 non
1674 1652 1887 1707 potuisse3

138 1726 370 1773 postremo,
402 1734 486 1759 non
516 1721 768 1773 possedisse.
820 1720 1009 1768 Quaeso,
1045 1721 1086 1760 C.
1118 1720 1260 1774 Aquili
1290 1733 1476 1773 vosque,
1508 1718 1581 1772 qui
1604 1717 1703 1757 estis
1726 1717 1767 1755 in
1789 1728 1889 1754 con-

138 1783 253 1830 silio,
293 1787 360 1829 ut,
401 1782 503 1835 quid
540 1782 751 1835 pollicitus
792 1783 893 1829 sim,
936 1783 1158 1835 diligenter
1187 1783 1413 1823 memoriae
1445 1780 1663 1821 mandetis.
1721 1777 1888 1818 Etenim

137 1857 223 1883 rem
262 1843 425 1882 facilius
466 1848 594 1883 totam
624 1844 859 1896 accipietis,
900 1845 933 1884 si
963 1846 1066 1885 haec
1098 1845 1392 1893 memineritis,
1433 1849 1474 1884 et
1503 1857 1568 1883 me
1598 1841 1720 1882 facile
1751 1844 1887 1881 vestra
1900 1848 1938 1878 25

140 1904 445 1945 existimatione
482 1906 753 1953 revocabitis,
791 1906 825 1946 si
867 1912 983 1947 extra
1011 1908 1089 1947 hos
1120 1908 1329 1947 cancellos
1361 1906 1501 1960 egredi
1532 1906 1739 1951 conabor,
1780 1915 1887 1956 quos

140 1968 238 2007 mihi
257 1968 345 2020 ipse
367 1968 633 2009 circumdedi.
664 1971 779 2021 Nego
800 1969 929 2010 fuisse
952 1984 1140 2018 causam,
1173 1985 1246 2011 cur
1264 1972 1517 2024 postularet3
1547 1981 1654 2021 nego
1677 1980 1729 2006 ex
1750 1964 1886 2004 edicto

139 2029 353 2083 possidere
383 2031 592 2082 potuisse3
623 2045 729 2083 nego
760 2033 1012 2084 possedisse.
1058 2034 1170 2073 Haec
1202 2033 1280 2073 tria
1310 2047 1402 2073 cum
1435 2033 1643 2077 docuero,
1674 2040 1887 2082 peroraro.

250 2093 320 2131 XI.
359 2090 423 2131 37.
460 2094 552 2132 Nou
582 2093 660 2132 fuit
690 2107 835 2142 causa,
876 2109 949 2134 cur
978 2096 1226 2147 postulares.
1288 2096 1369 2144 Qui
1401 2096 1481 2135 hoc
1511 2093 1689 2146 intelligi
1720 2091 1887 2144 potest?

139 2155 247 2203 Quia
279 2155 373 2194 Sex.
395 2155 550 2195 Naevio
582 2169 720 2209 neque
752 2170 802 2195 ex
833 2158 1045 2197 societatis
1076 2159 1239 2198 ratione
1270 2172 1410 2212 neque
1440 2157 1635 2211 privatim
1657 2153 1887 2208 quidquam
1902 2160 1938 2191 30

138 2217 280 2256 debuit
311 2216 544 2264 Quinctius.
593 2218 698 2265 Quis
728 2219 824 2258 huic
855 2220 915 2259 rei
946 2220 1063 2260 testis
1095 2223 1186 2259 est?
1236 2221 1372 2268 Idem,
1405 2221 1476 2274 qui
1497 2218 1722 2259 acerrimus
1744 2216 1889 2255 adver-

137 2278 283 2318 sarius.
328 2279 374 2318 ln
405 2279 513 2319 hanc
544 2293 630 2319 rem
662 2285 721 2328 te,
754 2286 815 2329 te,
847 2282 1038 2335 inquam,
1070 2288 1238 2331 testem,
1270 2283 1422 2331 Naevi,
1453 2283 1604 2323 citabo.
1661 2281 1827 2320 Annum
1849 2282 1890 2318 et

137 2354 185 2380 eo
217 2341 373 2381 diutius
403 2347 498 2394 post
528 2347 704 2382 mortem
737 2344 778 2383 C.
803 2344 990 2392 Quinctii
1019 2345 1098 2385 fuit
1127 2347 1170 2386 in
1192 2347 1326 2386 Gallia
1347 2351 1481 2386 tecum
1504 2344 1628 2385 simul
1652 2342 1887 2393 Quinctius.

134 2404 266 2450 Doce,
311 2408 350 2442 te
388 2404 546 2456 petisse
586 2405 636 2444 ab
675 2419 723 2445 eo
764 2407 883 2446 istam
924 2408 1066 2447 nescio
1101 2423 1226 2462 quam
1266 2408 1613 2449 innumerabilem
1643 2406 1886 2461 pecuniam3

136 2465 257 2512 doce,
287 2465 514 2519 aliquando
546 2468 800 2508 mentionem
830 2469 1001 2517 fecisse,
1032 2470 1190 2510 dixisse
1221 2472 1389 2511 deberi:
1421 2471 1616 2510 debuisse
1647 2469 1886 2509 concedam.
1901 2475 1937 2504 35

136 2524 201 2565 38.
231 2527 407 2567 Moritur
439 2528 480 2567 C.
513 2529 755 2579 Quinctius,
802 2532 873 2585 qui
905 2532 1001 2580 tibi,
1040 2538 1087 2572 ut
1123 2534 1204 2581 ais,
1247 2534 1369 2573 certis
1408 2532 1648 2572 nominibus
1688 2531 1886 2584 grandem

135 2588 354 2641 pecuniam
385 2590 541 2631 debuit.
586 2592 717 2633 Heres
749 2593 839 2633 eius
870 2595 912 2633 P.
936 2594 1157 2643 Quinctius
1187 2596 1230 2635 in
1253 2595 1429 2635 Galliam
1460 2595 1511 2634 ad
1543 2600 1582 2634 te
1613 2595 1751 2647 ipsum
1773 2593 1888 2634 venit

220 2751 249 2782 4.
274 2760 421 2790 unquam
444 2750 507 2782 illis
530 2760 548 2782 e
573 2752 607 2783 et
630 2752 668 2784 A.
697 2770 732 2775 -—
769 2754 799 2784 ⁶2.
832 2754 935 2793 possit
959 2763 977 2786 e
1002 2756 1037 2786 et
1059 2755 1097 2786 A.
1127 2773 1160 2776 —
1199 2754 1229 2786 6.
1255 2763 1356 2794 neque
1381 2755 1482 2786 tacite
1506 2752 1656 2785 Klotzius
1681 2754 1736 2786 ed.
1763 2753 1819 2785 alt.
1849 2771 1884 2776 —-

133 2800 164 2832 8.
184 2803 253 2831 casm
275 2809 344 2832 om.
362 2801 394 2832 k.
421 2800 534 2832 Malim
551 2801 676 2833 abesse
701 2805 820 2834 tamen.
842 2821 876 2825 ——
904 2805 999 2844 quod]
1025 2805 1105 2843 quia
1121 2813 1151 2836 e.
1174 2822 1209 2826 --
1237 2804 1267 2835 9.
1286 2807 1356 2836 tum
1371 2805 1431 2835 BG
1444 2804 1470 2835 K
1488 2804 1639 2844 (praeter
1655 2804 1698 2843 e):
1725 2808 1800 2835 ante
1817 2813 1835 2835 e
1853 2805 1887 2835 et

132 2849 249 2883 ALQO.
271 2868 305 2872 -
329 2851 396 2881 iam
417 2851 597 2891 informata
613 2852 636 2883 B
651 2853 677 2883 G
690 2852 712 2883 d
725 2853 746 2883 h
762 2853 782 2884 k
797 2862 829 2884 m
847 2854 881 2884 et
893 2853 932 2884 V.
950 2871 984 2876 —
1006 2854 1057 2885 40,
1074 2855 1219 2894 postulat
1234 2855 1267 2885 k.
1289 2873 1323 2877 —
1347 2854 1394 2885 13.
1415 2854 1495 2892 quia
1509 2863 1636 2893 semper
1655 2857 1746 2893 potes
1763 2862 1831 2885 om.
1851 2854 1884 2885 k.

136 2917 171 2922 —
198 2898 248 2931 44.
275 2900 331 2931 dat
354 2917 372 2922 -
387 2917 404 2922 -
420 2918 438 2923 -
454 2900 607 2941 coneedit]
632 2903 776 2933 concedit
799 2920 817 2924 -
832 2919 850 2925 -
866 2920 883 2925 —
907 2903 964 2934 dat
987 2904 1029 2942 L,
1056 2904 1148 2935 dat-
1164 2924 1183 2929 -
1199 2922 1216 2927 -
1233 2905 1291 2935 dat
1306 2903 1340 2937 Ξ.
1362 2921 1396 2926 —
1424 2904 1476 2935 47.
1501 2907 1531 2935 el
1551 2906 1630 2935 ante
1655 2913 1687 2935 v.
1712 2904 1791 2934 mihi
1814 2912 1883 2934 oni.

133 2949 164 2980 k.
186 2965 222 2971 -
250 2949 301 2980 48.
326 2949 510 2989 perspicere
532 2950 564 2981 k.
593 2968 627 2972 ——
662 2951 714 2982 49.
739 2952 906 2992 Neqamus
929 2953 1009 2994 cet]
1053 2954 1102 2986 Cf.
1129 2955 1226 2986 Mart.
1254 2955 1337 2994 Cap.
1365 2953 1408 2985 de
1432 2954 1521 2985 rhet.
1546 2962 1580 2995 p.
1607 2952 1682 2985 434.
1710 2954 1818 2994 Capp.
1847 2970 1882 2974 —

132 2998 209 3030 Sex.
234 2998 353 3030 Naeuii
375 2998 398 3029 b
413 2998 505 3037 cdi,
531 3000 624 3031 Sewti
649 3001 769 3032 Naeuii
791 3003 823 3033 k.
845 3020 880 3024 —
906 3002 958 3033 ΞΟ.
982 3003 1020 3034 In
1037 3003 1083 3044 eo]
1108 3004 1142 3035 in
1165 3013 1204 3035 oa
1225 3004 1326 3035 verba
1348 3005 1384 3035 L.
1411 3003 1464 3044 (ea
1487 3012 1528 3035 ex
1553 3001 1752 3041 codicibus,
1786 3002 1886 3034 'cerba

133 3057 174 3079 ex
199 3048 422 3089 coniectura.)
449 3066 485 3071 —
510 3051 648 3091 sponsio]
673 3053 837 3091 responsio
861 3053 893 3083 k.
916 3070 948 3073 —
975 3053 1027 3085 ⁶22.
1054 3057 1084 3084 te
1107 3062 1176 3085 om.
1203 3054 1283 3085 km.
1306 3071 1341 3076 —-
1366 3053 1418 3085 ⁶23.
1444 3063 1508 3085 non
1533 3062 1602 3085 om.
1621 3054 1654 3084 k.
1676 3069 1710 3075 -
1738 3053 1790 3085 25.
1816 3041 1886 3083 reni.

132 3100 234 3128 totam
255 3098 385 3137 facilius
402 3099 567 3139 accipietes
590 3101 621 3132 k.
644 3119 678 3124 —
705 3102 757 3133 27.
783 3102 851 3141 ipse
872 3102 951 3133 mihi
973 3103 1012 3141 k,
1038 3104 1117 3134 milti
1138 3104 1201 3143 ipsi
1226 3113 1243 3135 e
1263 3105 1297 3134 et
1312 3104 1349 3135 A.
1372 3121 1407 3125 —
1433 3104 1485 3136 28.
1507 3113 1670 3144 peroraro
1695 3102 1769 3134 akl
1793 3104 1828 3134 et
1842 3104 1882 3141 V,

132 3147 213 3179 item
232 3156 301 3188 mg.
327 3148 359 3180 f:
380 3149 545 3188 perorabo
569 3152 594 3181 A
611 3150 717 3184 LssO.
745 3151 829 3183 Illud
854 3152 1067 3184 divinaverat
1087 3152 1230 3185 Orellius
1254 3152 1329 3185 coll.
1356 3153 1455 3185 Verr.
1475 3155 1506 3193 3,
1533 3154 1586 3191 66,
1613 3153 1685 3185 454.
1721 3153 1770 3185 Cf.
1797 3153 1882 3184 infra

133 3197 164 3237 g.
191 3197 243 3228 94.
276 3206 339 3238 pro
364 3198 519 3230 Cluentio
551 3200 581 3240 ἓ.
610 3200 639 3231 6.
665 3210 728 3242 pro
754 3200 869 3233 Caelio
894 3202 924 3242 S.
951 3203 1002 3234 70.
1032 3221 1066 3224 -—
1093 3203 1146 3234 029.
1169 3204 1349 3242 postularet
1372 3205 1392 3234 k
1418 3206 1452 3235 et
1477 3213 1544 3243 mg.
1571 3203 1604 3237 8.
1627 3221 1662 3226 —
1688 3204 1739 3235 30.
1763 3204 1884 3243 priua-

131 3250 199 3278 tum
223 3255 253 3278 e.
275 3265 310 3270 —
336 3247 388 3279 32.
413 3249 451 3279 In
473 3249 557 3280 hanc
577 3258 647 3280 rem
666 3251 687 3281 k
703 3259 783 3282 curn
805 3250 914 3283 tribus
933 3252 1204 3284 oxoniensibus:
1231 3253 1264 3283 in
1280 3253 1340 3284 hac
1356 3262 1392 3284 re
1408 3255 1433 3285 A
1448 3254 1470 3284 L
1485 3253 1505 3287 ἓ
1521 3254 1558 3284 O.
1587 3252 1636 3284 Cf.
1656 3253 1685 3293 g.
1705 3254 1756 3284 75.
1782 3253 1881 3284 Verr.

132 3297 254 3328 Aecus.
275 3298 305 3335 4,
324 3297 376 3336 44,
396 3298 448 3329 36.
475 3301 510 3330 et
533 3301 739 3341 praesertim
763 3302 794 3339 2,
820 3301 873 3337 59,
902 3300 974 3332 446.
1003 3319 1038 3323 --
1065 3305 1094 3333 te
1116 3301 1226 3333 semel
1250 3302 1416 3334 exhibent
1439 3311 1456 3334 a
1472 3302 1492 3333 b
1507 3312 1525 3333 c
1540 3303 1593 3334 de
1609 3302 1760 3334 fklmn
1784 3304 1819 3334 et
1842 3303 1880 3334 A.

135 3363 169 3368 —
198 3350 273 3379 teste
294 3347 526 3380 Bedehin.
555 3367 589 3371 —
620 3350 673 3382 36.
698 3350 805 3393 certis]
829 3350 924 3382 rectis
948 3359 1016 3392 mg.
1043 3350 1075 3384 ΣΞ.
1101 3351 1177 3383 Vid.
1203 3351 1247 3384 ad
1271 3352 1387 3384 Horat.
1414 3352 1498 3395 Epp.
1525 3352 1557 3393 2,
1584 3352 1614 3392 4,
1641 3352 1715 3386 405.
