2143 3713
575 240 644 280 AD
674 238 872 278 LIBRUM
901 239 952 278 ΙΙ.
981 236 1378 279 ACCUSATIONIS.
1749 227 1829 270 459

108 341 159 371 24.
183 340 261 371 velis
283 341 362 380 post
383 341 528 378 toqatum
551 338 627 376 Lag.
652 335 693 366 29
717 336 751 366 et
773 334 814 366 45
838 335 969 367 habere
992 335 1163 367 videntur.
1198 352 1233 356 —
1269 337 1387 375 roqato
1415 337 1443 365 et
1476 342 1549 365 eum
1571 342 1640 365 om.
1666 332 1706 365 42
1730 341 1763 373 p.
1791 348 1825 352 —

106 399 237 437 rogato,
261 396 359 427 etiam
382 395 437 434 qui
459 393 514 424 tibi
535 399 628 432 susp.
646 390 736 422 Bake
759 388 780 421 l.
801 399 830 422 c.
857 399 889 431 p.
907 391 980 422 202.
1008 391 1137 431 (quidni
1160 390 1295 430 potius:
1321 390 1421 420 etiam
1437 397 1508 420 eum
1525 389 1619 428 qui-2)
1638 405 1672 410 -
1700 389 1751 419 25.
1770 387 1832 418 ini—

104 452 224 483 micum
246 450 285 483 42
311 459 344 491 p.
372 467 407 472 -
433 448 510 488 quin
532 455 590 486 aps
612 449 640 477 te
662 446 700 476 V.
728 463 763 467 —
789 446 840 476 27.
866 449 894 477 et
917 446 1020 485 huius]
1045 445 1155 484 IIIVS,
1181 444 1273 485 quod
1298 444 1330 475 in
1355 447 1384 476 et
1405 445 1498 475 liuius
1519 446 1714 475 correctum
1738 442 1832 473 vide-

106 509 176 545 tur,
202 507 240 537 V.
270 524 303 528 -
329 503 595 545 impudentissime
617 500 656 532 42
681 509 714 541 p.
743 518 778 524 -
803 500 854 532 30.
881 500 1045 541 quoniam]
1068 504 1103 532 ut
1125 501 1193 531 iam
1215 499 1256 532 42
1279 508 1313 540 p.
1333 517 1368 522 —
1395 500 1446 532 34.
1465 499 1505 531 ab
1528 499 1716 530 imitissimis
1738 498 1777 530 42
1795 507 1831 539 p.

105 564 181 602 (non
206 560 448 597 inimicissimis,
474 560 511 590 ut
532 557 578 589 ait
600 557 646 596 Z.)
672 573 706 577 —
739 556 790 588 33.
821 547 947 590 VOLVs.
966 557 1078 588 TATIS
1100 556 1139 587 V.

187 626 262 658 pag.
280 617 353 649 223.
378 625 409 647 v.
426 615 457 646 2.
480 614 528 645 ita
548 621 704 653 maynum
718 615 762 643 est
779 611 882 643 habet
900 613 938 644 V.
960 630 994 634 —
1013 612 1125 643 Latine
1142 612 1242 651 Lagg.
1260 612 1400 651 praeter
1415 610 1468 649 42,
1495 611 1552 651 qui
1567 611 1683 642 Latino
1699 608 1830 640 habere

104 673 292 705 videtur.—
310 671 340 705 4.
362 672 478 702 Verrea
492 670 591 708 Lagg.
610 669 748 708 praeter
763 667 855 699 42.-
876 677 940 699 ηοη
956 676 1024 699 om.
1040 668 1134 698 29.-
1153 667 1183 698 8.
1201 667 1374 698 videantur
1388 667 1508 707 V(B1·.)
1523 668 1558 698 et
1574 667 1675 706 Lagg.
1695 666 1833 705 praeter

103 730 140 766 6;
158 730 265 760 recte.
279 744 315 750 —
335 727 385 759 49.
402 726 543 766 fecerant
559 723 598 762 V,
617 725 653 754 ul
668 724 747 763 Lag.
767 722 817 759 42,
838 725 942 755 recte.
955 741 989 746 —
1008 723 1059 754 2i.
1079 723 1134 762 qui
1158 722 1199 753 ibi
1218 731 1273 762 pr.
1290 722 1422 762 fuerunt
1437 722 1549 762 glossa
1564 721 1701 753 videtur
1716 721 1834 752 Bakio.

104 784 233 824 (fuerint
255 782 319 822 42.)
344 799 378 804 —
404 780 456 812 24.
480 779 523 821 hi]
547 780 571 810 ii
594 779 632 817 V,
657 780 695 810 ut
718 787 758 809 cx
783 779 910 810 mendo
935 778 1011 810 cod.
1031 777 1118 818 Lg42
1143 777 1369 810 scribendum
1397 786 1474 810 esse
1502 777 1743 814 indicavimus,
1762 784 1833 815 quo

103 848 191 871 novo
215 836 370 878 exemplo
394 836 576 876 disputatio
599 834 735 865 Iordani
760 834 802 865 ad
828 843 904 875 pag.
922 834 995 871 223,
1019 834 1071 866 24.
1097 834 1277 865 refutatur.
1304 851 1338 856 —
1367 833 1420 864 26.
1446 833 1501 865 tibi
1524 833 1704 865 necessario
1727 831 1832 863 etiam

102 895 129 925 V
154 893 268 926 habet.
297 909 330 915 -
355 893 407 923 27.
434 890 599 930 QVIDEM
612 893 622 922 ii
637 890 737 921 INTE
760 890 798 921 V.
827 907 860 912 —
888 890 939 921 28.
962 890 1048 922 COS.
1067 890 1105 921 V.
1125 906 1159 911 —
1187 889 1239 921 29.
1259 888 1444 921 lectionem
1469 889 1546 921 cod.
1565 889 1606 920 29
1630 897 1649 920 a
1674 887 1830 928 Zumptio

103 959 170 981 non
194 948 328 980 allatam
352 955 413 979 nos
437 946 644 983 adiecimus,
671 945 733 977 sed
756 946 878 977 vitiose
903 953 1030 986 operae
1048 944 1221 976 dederunt
1243 945 1423 977 observabit
1444 954 1507 986 pro
1531 944 1717 977 obsecrabit.
1747 944 1832 974 ltem

103 1014 135 1046 p.
160 1004 233 1036 224.
259 1004 271 1034 4
300 1004 334 1035 et
355 1003 375 1033 2
403 1002 598 1034 testimonia
627 1001 730 1032 codd.
763 1002 864 1041 Lagg.
890 1001 1084 1033 accuratius
1113 999 1318 1033 rettulimus.
1348 1002 1479 1041 (Utrum
1504 1001 1533 1031 V
1556 1000 1768 1032 obsecrarunt
1791 1006 1834 1030 an

101 1059 296 1092 obsecrarint
318 1057 462 1096 habeat,
487 1058 659 1089 incertum
683 1058 753 1091 cst:
783 1065 824 1088 cx
848 1057 958 1098 spatio
982 1057 1096 1097 potius
1120 1055 1259 1097 colligas
1284 1057 1315 1088 in
1341 1066 1381 1089 eo
1406 1065 1483 1089 esse
1508 1055 1733 1095 obsecrarint.)

184 1123 261 1156 pag.
286 1113 360 1146 224.
393 1122 424 1145 v.
451 1114 480 1145 4.
505 1121 588 1153 prae
611 1112 717 1144 habet
739 1112 778 1150 V,
805 1121 873 1144 nun
898 1121 972 1152 pro.
1002 1130 1036 1134 —
1068 1111 1099 1144 4.
1126 1112 1286 1144 hominem
1308 1113 1348 1144 V.
1377 1131 1411 1136 -
1438 1114 1469 1144 8.
1495 1114 1532 1144 ln
1555 1111 1596 1144 42
1618 1112 1747 1144 thhini
1769 1120 1834 1153 pro

100 1171 282 1203 Netineuses
303 1178 397 1208 esse,
427 1168 518 1210 apud
542 1169 575 1200 Z.
601 1177 669 1200 non
695 1170 1008 1200 commemoratum
1032 1170 1096 1199 est.
1126 1185 1160 1190 —
1193 1168 1223 1200 9.
1250 1168 1337 1200 scitis
1360 1168 1467 1200 habet
1488 1169 1541 1200 29.
1570 1186 1604 1191 —-
1632 1168 1682 1199 42.
1708 1171 1738 1199 et
1760 1176 1831 1199 om.

100 1226 140 1259 42
163 1235 196 1268 p.
223 1243 257 1248 ——
284 1225 335 1257 43.
361 1225 602 1256 arbitrarentur
624 1223 728 1255 idem.
758 1241 792 1245 —
828 1224 879 1255 49.
903 1224 1016 1254 videor
1036 1232 1150 1255 verum
1171 1227 1283 1255 ulrum
1305 1224 1360 1255 29.
1386 1241 1422 1246 -
1449 1223 1501 1256 24.
1527 1233 1626 1264 ecquo
1649 1223 1755 1255 habet
1777 1223 1829 1254 29.

101 1300 135 1305 —
153 1282 205 1313 26.
230 1281 362 1313 iacentis
383 1281 588 1319 reuolsasque
604 1279 655 1311 42.
675 1298 717 1302 —-
738 1279 790 1311 28.
810 1279 1018 1310 arbitrantur
1040 1279 1150 1319 itaque
1166 1280 1267 1311 Rhodi
1290 1279 1330 1311 42
1348 1288 1382 1320 p.
1403 1297 1437 1302 —
1465 1279 1518 1311 34.
1536 1281 1565 1311 ei
1588 1280 1657 1320 reqi
1673 1278 1771 1311 Nieb.
1791 1287 1832 1310 ex

97 1336 169 1369 solo
185 1336 226 1369 42
240 1346 289 1378 p.,
315 1345 383 1368 non
406 1337 488 1368 item
512 1345 554 1367 ex
577 1336 617 1367 29
634 1334 754 1367 attulit.
776 1353 810 1358 —
837 1334 888 1367 34.
907 1335 1067 1366 hominem
1090 1335 1214 1367 Bakius
1230 1334 1250 1366 1.
1270 1344 1298 1367 c.
1327 1344 1359 1376 p.
1379 1336 1451 1367 490.
1471 1335 1707 1367 inducendum
1723 1335 1830 1376 putat.

179 1401 256 1433 pag.
281 1393 354 1424 225.
379 1401 411 1423 v.
439 1392 469 1423 4.
495 1400 547 1423 eos
570 1400 638 1423 om.
665 1390 706 1423 42
730 1400 764 1432 p.
792 1408 826 1412 —
859 1390 890 1422 3.
915 1391 1010 1422 huius
1032 1390 1137 1422 idem.
1165 1408 1199 1412 —
1235 1390 1266 1423 4.
1292 1391 1369 1432 eius]
1397 1400 1461 1423 non
1484 1392 1515 1423 4.
1543 1390 1593 1422 44.
1619 1391 1671 1422 29.
1698 1389 1750 1422 45.
1777 1388 1829 1422 48.

97 1465 131 1470 -
157 1448 187 1478 6.
207 1448 373 1487 praetoris
390 1456 468 1487 pop.
494 1447 542 1488 R.]
563 1456 598 1486 p.
617 1448 653 1479 R.
679 1445 747 1485 42.,
773 1448 810 1478 ut
831 1445 977 1478 fortasse
995 1447 1163 1486 praetoris
1185 1447 1259 1478 sine
1279 1447 1393 1486 populi
1412 1448 1449 1478 R.
1471 1446 1696 1479 scribendum
1720 1446 1774 1478 sit.
1794 1463 1828 1468 —

95 1503 144 1535 40.
168 1503 291 1534 ablecta
314 1503 420 1535 habet
441 1503 495 1543 29,
521 1512 589 1535 non
614 1503 743 1540 abluta,
767 1503 806 1533 ut
828 1504 881 1533 est
904 1502 996 1543 apud
1019 1503 1054 1534 Z.
1076 1519 1111 1525 -
1138 1503 1190 1534 42.
1209 1503 1236 1534 si
1258 1503 1360 1534 ullam
1383 1503 1436 1535 29.
1458 1521 1493 1525 -—
1520 1501 1572 1535 44.
1597 1503 1709 1534 eadem
1731 1511 1833 1533 causa

93 1557 134 1588 29
158 1559 191 1589 et
214 1559 252 1596 6;
278 1567 317 1590 ea
339 1559 377 1590 de
399 1568 502 1590 causa
523 1558 597 1590 rell.
620 1560 760 1600 praeter
781 1557 833 1590 42.
855 1576 889 1580 -
915 1566 1009 1598 equm
1033 1557 1107 1598 (sic)
1131 1558 1184 1589 29.
1207 1575 1241 1580 —
1267 1558 1409 1600 inanem]
1434 1567 1566 1590 munere
1590 1557 1629 1590 42
1654 1567 1687 1599 p.
1716 1573 1751 1580 —·
1778 1558 1830 1589 26.

93 1614 204 1655 quam]
229 1615 384 1653 quoniam
406 1614 459 1646 42.
481 1632 515 1638 —-
542 1614 594 1646 34.
621 1623 659 1646 ea
680 1614 803 1645 molitio
827 1612 867 1645 42
884 1622 918 1654 p.
940 1631 974 1636 —
1000 1614 1089 1646 XXX
1105 1615 1213 1645 minus
1234 1623 1299 1646 non
1322 1615 1375 1647 est
1397 1614 1431 1646 in
1454 1615 1555 1655 Lagg.
1575 1613 1674 1653 dett.,
1701 1612 1744 1645 de
1760 1613 1833 1654 qui-

93 1669 159 1702 bus
183 1679 249 1701 non
274 1672 434 1702 accurate
459 1670 541 1702 dicit
564 1671 598 1701 Z.
625 1687 660 1692 ——
687 1669 738 1701 33.
765 1670 833 1701 eius
856 1678 924 1701 oni.
950 1670 1002 1701 29.

178 1734 255 1766 pag.
281 1726 355 1758 226.
381 1735 414 1757 v.
440 1726 471 1757 8.
498 1725 610 1766 igitur]
635 1726 691 1764 qui
715 1725 755 1757 42
779 1734 812 1766 p.
841 1742 877 1748 —
903 1726 954 1757 40.
980 1726 1038 1757 hoc
1063 1726 1092 1757 6.
1112 1743 1146 1748 -—
1175 1726 1227 1757 42.
1253 1729 1282 1757 et
1305 1734 1374 1758 om.
1394 1725 1446 1758 42.
1464 1744 1507 1749 ——
1531 1725 1582 1757 44.
1607 1734 1723 1758 nomen
1745 1725 1833 1765 ipso—

94 1790 169 1813 rum
197 1782 418 1813 Romanorum
446 1782 499 1813 29.
532 1799 566 1803 —-
606 1782 656 1812 45.
682 1781 838 1812 ἀείεαῑονίι
867 1780 907 1812 42
932 1789 964 1822 p.
998 1799 1032 1803 —
1071 1781 1121 1813 46.
1153 1791 1214 1813 sua
1245 1790 1314 1813 om.
1341 1783 1443 1822 Lagg.
1471 1783 1611 1822 praeter
1633 1782 1687 1813 29.
1712 1781 1765 1814 42.
1791 1799 1832 1804 —-

95 1837 146 1868 47.
172 1836 276 1878 illam]
300 1837 358 1868 illa
381 1838 509 1869 decreta
530 1837 570 1869 42
587 1846 619 1877 p.
640 1854 674 1858 —
702 1837 753 1868 48.
780 1838 885 1868 decem
901 1837 1004 1876 milia]
1029 1837 1061 1868 X
1080 1836 1131 1869 42.
1159 1828 1304 1878 (pro-f)
1323 1856 1358 1860 -
1372 1837 1425 1869 26.
1440 1838 1498 1869 hoc
1513 1837 1620 1869 hahet
1633 1838 1736 1869 etiam
1750 1838 1829 1877 Lag.

95 1891 124 1922 6.
145 1908 179 1913 —
206 1891 259 1922 27.
283 1894 319 1922 ut
342 1891 390 1922 his
412 1892 489 1922 uisis
506 1892 633 1931 quidem
649 1891 689 1923 42
706 1900 738 1932 p.
760 1909 794 1913 —-
821 1892 871 1924 34.
899 1893 980 1933 osuit
995 1893 1048 1930 29,
1073 1892 1186 1934 cffugit
1204 1893 1243 1925 42
1259 1902 1293 1934 p.
1311 1911 1355 1916 -—-
1377 1901 1440 1934 pro
1459 1894 1692 1934 purgationem
1707 1892 1747 1925 42
1764 1901 1832 1924 non

93 1945 199 1977 habet
220 1947 438 1984 vocationem,
468 1948 506 1978 ut
535 1948 588 1979 cst
617 1946 709 1988 apud
733 1948 782 1985 Z.,
814 1948 877 1980 sed
908 1950 1121 1980 vacationem.
1158 1951 1207 1981 Ac
1236 1949 1373 1980 videtur
1398 1947 1501 1980 lectio
1525 1949 1606 1980 ferri
1629 1957 1750 1989 posse3
1787 1948 1830 1980 cf.

96 2010 201 2042 quem
231 2000 346 2034 locum
375 2001 484 2033 attulit
510 2001 659 2035 Kiotzius
689 2003 721 2034 in
748 2002 803 2034 cd.
830 2004 853 2034 1.
880 2012 914 2045 p.
939 2005 1008 2035 XII.
1036 2004 1212 2037 Ciceronis
1235 2004 1328 2046 apud
1350 2005 1498 2036 Nonium
1521 2013 1555 2046 p.
1581 2003 1656 2043 436,
1683 2004 1740 2036 ⁴9:
1770 2013 1832 2044 quo

95 2061 174 2097 (scr.
202 2057 310 2097 quom)
334 2058 413 2088 mihi
436 2062 464 2089 ct
486 2058 629 2098 Philippo
651 2059 858 2090 vacationem
880 2060 955 2097 (Ias,
981 2060 1027 2090 bis
1048 2061 1195 2101 gaudem·
1219 2069 1297 2091 nam
1313 2063 1341 2091 et
1359 2060 1549 2100 praeteritis
1563 2060 1701 2101 iquoscis
1715 2063 1744 2092 et
1759 2069 1834 2092 con-

94 2113 176 2145 cedis
198 2114 323 2153 futura.
354 2129 388 2134 —
415 2112 466 2145 38.
494 2123 556 2153 quo
579 2114 675 2145 simul
698 2114 737 2146 42
763 2123 795 2155 p.
821 2133 864 2137 —-
887 2118 931 2146 est
955 2119 1113 2154 quantum
1136 2124 1204 2147 om.
1232 2116 1338 2147 idem.

179 2177 255 2209 pag.
282 2169 354 2200 2⁴27.
383 2177 417 2199 Υ.
445 2169 474 2201 4.
500 2173 534 2200 at
556 2169 598 2210 hi]
630 2169 732 2201 lectio
756 2170 823 2201 ali
855 2171 887 2201 in
912 2171 941 2201 V
964 2171 1043 2202 facit
1066 2173 1103 2202 ut
1126 2171 1181 2203 hic
1206 2180 1345 2212 quoque
1370 2174 1407 2203 at
1427 2172 1451 2202 ii
1474 2171 1728 2203 restituendum
1753 2181 1831 2204 esse

92 2223 259 2256 videatur.
278 2242 321 2247 —
342 2225 373 2255 2.
400 2233 460 2264 que
484 2233 551 2256 oni.
577 2225 629 2256 27.
656 2225 707 2256 42.
726 2242 769 2248 —
792 2224 822 2256 4.
849 2226 990 2258 decimas
1012 2226 1063 2257 42.
1083 2245 1126 2249 —-
1148 2227 1294 2258 inmunes
1311 2227 1348 2257 V.
1367 2246 1410 2249 —
1432 2228 1463 2259 5.
1489 2227 1599 2269 arant]
1624 2231 1718 2259 erant
1733 2228 1772 2259 V.
1790 2246 1832 2251 —

91 2279 122 2310 7.
145 2279 258 2320 possis]
276 2288 409 2319 possum
432 2280 484 2311 29.
503 2279 562 2319 42,
590 2282 626 2311 ut
647 2281 823 2321 Zumptius
847 2283 942 2313 recte
966 2281 1113 2320 rettulit3
1139 2291 1205 2314 nec
1228 2281 1295 2314 ulla
1319 2284 1373 2315 est
1395 2283 1440 2314 ad
1462 2282 1649 2316 lectionem
1671 2293 1735 2315 non
1755 2293 1833 2323 pos-

90 2336 150 2366 sim
172 2344 205 2366 V.
230 2335 261 2366 8.
288 2336 436 2367 varietas
461 2337 586 2367 notata.
620 2337 707 2368 Cum
732 2337 857 2368 eadem
886 2336 989 2369 lectio
1015 2338 1118 2369 etiam
1143 2338 1175 2369 in
1198 2338 1227 2369 V
1250 2339 1293 2370 sit
1317 2339 1389 2379 (qui
1414 2342 1448 2372 et
1469 2348 1502 2371 V.
1529 2340 1560 2371 7.
1587 2341 1621 2371 et
1643 2349 1675 2372 V.
1702 2340 1732 2371 8.
1753 2349 1833 2380 pos-

90 2399 161 2426 sum
183 2389 301 2430 habet)
315 2415 322 2429 ,
348 2392 386 2422 ut
408 2400 498 2423 nunc
522 2391 663 2423 tandem
687 2401 705 2423 a
729 2393 880 2424 Brunnio
904 2393 1149 2425 confirmatum
1167 2395 1238 2433 est,
1264 2394 1332 2426 iam
1350 2403 1453 2426 nemo
1469 2394 1641 2427 dubitabit
1657 2396 1832 2436 egregiam

91 2446 371 2478 emendationem
387 2448 559 2488 accipere.
577 2465 620 2469 —
643 2448 694 2479 40.
713 2457 785 2479 eum
801 2449 849 2480 his
865 2457 991 2488 quoque
1007 2450 1040 2489 (i.
1060 2458 1090 2481 e.
1109 2449 1292 2490 iudicibus)
1312 2450 1436 2482 Bakius
1453 2460 1487 2492 p.
1505 2451 1579 2483 204.
1608 2451 1690 2491 (eum
1706 2459 1832 2491 quoque

30 2503 34 2511 ⁸
89 2501 179 2533 uobis
200 2502 253 2542 V.)
288 2520 331 2525 —
364 2503 415 2534 44.
441 2503 629 2534 existimant
651 2504 678 2534 V
703 2512 749 2535 m.
776 2513 827 2545 pr.
852 2523 896 2527 —
926 2505 976 2536 43.
1002 2505 1087 2536 enirn
1111 2514 1180 2537 om.
1207 2506 1245 2537 V.
1270 2524 1314 2529 —
1348 2507 1399 2538 45.
1425 2507 1557 2538 inscribi
1579 2507 1625 2544 V;
1657 2515 1742 2538 num
1769 2515 1832 2546 qne

90 2558 364 2599 superscriptum
381 2558 498 2597 fuerit,
524 2559 678 2599 dignosci
702 2568 769 2590 non
794 2561 921 2600 potest.
938 2578 981 2583 ——
1005 2561 1056 2592 46.
1074 2561 1282 2593 inimicorum
1297 2562 1402 2594 habet
1418 2563 1457 2600 V,
1484 2563 1566 2594 item
1584 2563 1710 2602 positas
1725 2572 1756 2594 v.
1777 2563 1828 2595 48.

91 2631 131 2636 -
148 2613 199 2644 47.
219 2614 289 2652 quis
312 2622 379 2645 om.
399 2614 450 2645 29.
465 2632 508 2637 —
531 2615 582 2646 48.
609 2615 650 2645 ab
667 2623 736 2648 om.
755 2613 795 2646 42
813 2624 846 2656 p.
860 2633 904 2638 —
927 2616 1058 2648 Siciliae
1080 2618 1110 2648 5.
1131 2617 1161 2649 6.
1180 2617 1219 2649 42
1236 2627 1243 2648 z
1269 2618 1383 2649 Sicilia
1406 2617 1479 2650 rell.
1498 2619 1600 2658 Lagg.
1618 2635 1660 2641 —
1683 2619 1736 2650 20.
1761 2619 1830 2650 sin-

89 2668 173 2709 gulis
195 2672 224 2700 et
246 2669 314 2700 eius
335 2670 442 2701 idem.
466 2688 509 2692 —-
542 2670 595 2701 24.
617 2673 721 2710 potest
744 2671 782 2702 V.
810 2689 852 2693 —
875 2671 931 2702 tibi
952 2672 1033 2703 nihil
1054 2672 1107 2704 29.
1133 2691 1176 2695 -
1208 2674 1261 2705 22.
1287 2674 1473 2706 Siculorum
1501 2675 1643 2706 omnium
1666 2674 1706 2712 V,
1740 2683 1829 2714 quae

91 2716 172 2755 vera
195 2723 295 2756 lectio
318 2725 464 2757 videtur.
490 2744 533 2748 --
554 2725 607 2757 24.
633 2726 779 2766 speraris
802 2726 907 2758 habet
929 2727 969 2766 V,
995 2730 1030 2759 et
1052 2727 1178 2760 deinde
1198 2737 1291 2769 posse
1312 2730 1512 2770 emtinyuere.
1537 2748 1580 2752 —
1602 2730 1654 2761 27.
1681 2733 1763 2770 aput
1785 2730 1823 2761 V.

94 2796 135 2801 ——
157 2779 209 2811 33.
235 2780 326 2811 circa
349 2781 390 2812 29
414 2790 447 2822 p.

175 2843 252 2876 pag.
278 2835 352 2867 228.
378 2844 409 2868 v.
428 2837 459 2867 5.
486 2837 600 2876 quibus
614 2837 654 2869 42
670 2846 756 2878 p.-—
778 2838 809 2868 7.
835 2838 972 2878 ,arandis
987 2838 1039 2870 42.
1058 2857 1100 2862 --
1123 2841 1153 2872 8.
1173 2840 1386 2880 Carpinatius
1405 2840 1499 2873 delet
1513 2842 1617 2873 Bake.
1632 2859 1675 2865 »-
1698 2842 1749 2873 40.
1769 2841 1829 2873 Ca-

92 2889 238 2922 luuenius
260 2890 301 2923 42
325 2900 358 2932 p.
384 2910 427 2914 —
454 2893 560 2931 portis
580 2892 686 2925 idem.
711 2912 755 2916 —
790 2893 841 2925 43.
866 2894 912 2925 ita
934 2894 1069 2936 factum]
1104 2895 1138 2926 id
1160 2895 1207 2927 ait
1230 2895 1270 2928 42
1295 2905 1328 2937 p.
1352 2915 1396 2919 -—
1431 2896 1481 2929 44.
1508 2898 1630 2929 accedit
1652 2897 1758 2929 idem.
1784 2915 1827 2919 —

94 2945 144 2976 46.
169 2955 204 2977 re
226 2955 295 2978 om.
312 2947 370 2985 ⁶293
395 2956 432 2979 re
454 2956 493 2979 ac
517 2957 586 2980 om.
605 2948 689 2980 dett.
715 2950 842 2989 (minus
866 2952 1029 2981 accurate
1053 2950 1103 2990 Z.)
1119 2969 1162 2973 -—
1187 2951 1236 2982 49.
1255 2952 1282 2982 si
1306 2960 1374 2984 om.
1394 2951 1434 2984 42
1451 2962 1484 2994 p.
1502 2971 1546 2976 —
1568 2962 1607 2985 ea
1630 2963 1714 2993 quae
1730 2957 1829 2985 antea

92 3000 202 3041 scr-ips.
227 3010 266 3033 ea
285 3003 383 3042 plane
406 3004 456 3034 sic
472 3003 526 3041 42,
554 3004 581 3035 si
605 3006 699 3036 recte
724 3014 742 3036 a
766 3006 907 3045 Lagoni.
926 3004 1074 3038 relatum
1090 3008 1153 3038 est.
1171 3025 1214 3030 —
1236 3008 1288 3039 25.
1306 3008 1364 3040 iste
1378 3009 1479 3049 e9erit
1493 3008 1534 3041 42
1551 3018 1585 3050 p.
1602 3027 1645 3032 —-
1661 3009 1712 3040 30.
1729 3010 1829 3049 possit

93 3054 145 3086 29.
170 3074 212 3078 —
234 3056 284 3088 32.
309 3058 370 3090 liae
393 3059 493 3099 Lagg.
520 3061 659 3099 praeter
681 3060 733 3092 42.

178 3120 253 3152 pag.
277 3114 352 3145 229.
377 3123 409 3145 v.
436 3115 466 3145 4.
492 3114 538 3155 at]
562 3115 606 3146 ad
628 3114 680 3147 42.
702 3134 746 3138 —
769 3116 798 3147 6.
825 3117 918 3156 quasi
941 3125 1009 3148 om.
1036 3116 1090 3149 29.
1107 3135 1150 3140 --
1172 3118 1203 3149 7.
1230 3127 1272 3149 ea:
1293 3118 1341 3149 his
1362 3117 1415 3150 42.
1433 3138 1475 3142 —
1500 3120 1551 3151 42.
1577 3120 1756 3152 communis
1770 3120 1824 3153 42.

93 3183 136 3188 -
159 3167 209 3198 48.
235 3170 311 3207 quid
332 3171 493 3202 sociorum
516 3179 585 3202 om.
610 3171 651 3203 42
675 3180 707 3213 p.
725 3190 769 3194 —
785 3174 938 3212 prontizts
961 3173 1065 3205 idem.
1083 3191 1127 3196 —
1149 3174 1202 3205 20.
1227 3174 1449 3206 arbitraretur
1471 3175 1512 3208 42
1535 3185 1568 3217 p.
1586 3194 1629 3199 —-
1652 3177 1704 3209 23.
1729 3177 1827 3209 velint

95 3220 148 3252 27.
164 3221 217 3253 29.
233 3240 277 3246 --
297 3225 350 3257 24.
375 3227 453 3257 auri
475 3230 504 3258 et
526 3228 655 3268 aryenti
677 3228 695 3259 7
713 3228 796 3260 dett.
814 3247 857 3252 —
879 3229 932 3260 28.
957 3229 1007 3270 L.]
1031 3233 1060 3260 tc
1082 3229 1123 3261 42
1146 3238 1179 3270 p.
1196 3247 1240 3252 —
1261 3230 1314 3262 29.
1331 3231 1496 3262 videretur
1512 3231 1552 3264 42
1569 3240 1603 3272 p.
1621 3251 1665 3255 —
1687 3232 1740 3264 30.
1759 3233 1825 3264 Ca-

92 3275 178 3307 nulei
201 3278 300 3319 Lagg.
325 3289 463 3314 omnes:
491 3282 635 3314 Canuleii
658 3284 695 3315 O.
720 3302 763 3307 —
788 3285 840 3316 34.
867 3285 944 3316 dicit
966 3285 1018 3316 29.
1042 3302 1086 3307 ——
1108 3285 1160 3316 35.
1186 3286 1249 3317 ista
1270 3286 1349 3317 mihi
1371 3287 1472 3328 Lagg.
1498 3289 1638 3329 praeter
1661 3288 1680 3319 6
1704 3290 1739 3320 et
1761 3288 1815 3322 42.

90 3347 133 3354 —-
153 3332 278 3366 discedo
298 3334 340 3368 42
360 3345 395 3378 p.
416 3355 451 3361 ——
476 3337 506 3369 3.
528 3338 781 3378 publicanorum
802 3341 921 3372 iudicio
945 3340 1076 3373 inducit
1097 3341 1188 3373 Bake
1211 3349 1246 3382 p.
1264 3342 1338 3375 205.
