2143 3713
619 223 713 265 cip.
744 223 1131 264 XLVIII—XLIX.
1170 222 1244 277 55.
1275 221 1525 265 432—438.
1863 226 1935 267 581

200 340 296 379 dere
326 338 397 378 vix
427 338 568 378 videor
597 348 741 389 posse,
773 335 885 388 quod
917 336 1098 389 elogium
1129 336 1306 376 recitasti
1339 335 1389 376 de
1417 341 1664 378 testamento
1688 338 1759 378 Cn.
1779 339 1943 392 Egnatii

199 401 348 455 patris,
378 399 559 439 hominis
588 398 867 438 honestissimi
901 398 1091 438 videlicet
1122 403 1162 438 et
1191 398 1516 450 sapientissimi:
1557 400 1710 439 idcirco
1741 414 1785 440 se
1816 401 1942 441 exhe-

197 464 363 503 redasse
395 460 544 508 filium,
576 459 686 513 quod
717 460 750 499 is
783 459 833 499 ob
859 460 1076 512 Oppianici
1109 459 1496 500 condemnationem
1519 462 1737 513 pecuniam
1759 465 1942 517 accepis-

197 530 273 565 set.
329 525 388 564 De
428 524 540 563 cuius
579 521 759 561 hominis
797 521 962 561 levitate
995 529 1034 561 et
1074 522 1350 562 inconstantia
1380 522 1500 575 plura
1530 536 1615 562 non
1646 523 1792 565 dicam.
1851 527 1941 567 Hoc

197 591 484 627 testamentum
513 585 670 637 ipsum,
702 584 814 636 quod
836 585 1003 631 recitas,
1034 585 1121 624 eius
1144 584 1254 623 modi
1273 589 1358 631 est,
1389 590 1435 624 ut
1456 585 1548 632 ille,
1582 600 1673 625 cum
1697 601 1789 627 eum
1809 590 1938 629 filium
1954 597 1973 626 5

196 648 486 694 exheredaret,
526 659 648 700 quem
688 645 852 693 oderat,
894 647 930 685 ei
961 647 1048 686 filio
1081 646 1307 686 coheredes
1337 646 1529 687 homines
1561 648 1838 691 alienissimos
1869 652 1941 690 ad-

194 712 403 764 iungeret,
443 722 566 763 quem
605 708 813 760 diligebat.
874 709 953 748 Sed
989 714 1055 755 tu,
1094 708 1200 755 Atti,
1242 709 1480 748 consideres
1522 723 1672 750 censeo
1705 711 1938 764 diligenter,

194 778 330 812 utrum
367 784 583 811 censorum
612 770 811 809 iudicium
843 784 965 823 grave
997 771 1097 811 velis
1129 783 1219 810 esse
1250 783 1303 809 an
1332 771 1512 823 Egnatii.
1558 772 1600 811 Si
1630 772 1819 825 Egnatii,
1850 775 1939 814 leve

194 840 255 875 est
284 834 393 888 quod
424 845 615 873 censores
647 831 697 871 de
729 833 877 872 ceteris
909 833 1265 886 subscripserunt;
1297 833 1434 886 ipsum
1466 834 1574 872 enim
1608 833 1679 873 Cn.
1703 835 1938 887 Egnatium,

193 909 314 950 quem
358 900 398 935 tu
438 907 601 948 gravem
643 907 733 933 esse
765 894 847 941 vis,
894 908 945 933 ex
976 900 1120 934 senatu
1151 895 1387 934 eiecerunt:
1434 895 1499 934 sin
1531 899 1669 935 autem
1701 909 1988 946 censorum,⁴0

190 960 300 999 hunc
329 957 569 1010 Egnatium,
602 969 724 1009 quem
746 962 862 1009 pater
884 957 1071 997 censoria
1092 956 1398 1009 subscriptione
1421 956 1713 1006 exheredavit,
1745 971 1937 999 censores

190 1022 231 1060 in
261 1026 424 1065 senatu,
455 1032 546 1058 cum
579 1024 737 1071 patrem
769 1019 985 1066 eiicerent,
1017 1020 1289 1059 retinuerunt.

297 1081 443 1122 XLIX.
474 1079 566 1120 1136.
609 1082 661 1120 At
700 1083 809 1121 enim
850 1088 1019 1121 senatus
1060 1082 1277 1121 universus
1322 1080 1520 1121 iudicavit
1557 1081 1659 1122 illud
1700 1088 1936 1136 corruptum

188 1158 278 1186 esse
318 1143 529 1183 iudicium.
584 1143 676 1192 Quo
707 1143 863 1183 modo?
921 1145 1111 1197 Suscepit
1152 1156 1330 1183 causam.
1387 1144 1451 1182 An
1480 1145 1615 1197 potuit
1643 1157 1729 1184 rem
1761 1145 1935 1186 delatam

187 1209 274 1248 eius
305 1207 415 1246 modi
445 1207 699 1260 repudiare?
745 1220 837 1245 cum
869 1207 1057 1246 tribunus
1088 1206 1220 1259 plebis
1257 1205 1416 1258 populo
1448 1206 1654 1246 concitato
1685 1220 1773 1247 rem
1802 1221 1935 1261 paene
1952 1221 1986 1250 45

185 1270 236 1310 ad
267 1282 411 1309 manus
441 1273 696 1315 revocasset,
728 1282 820 1307 cum
850 1268 913 1308 vir
943 1270 1121 1322 optimus
1153 1273 1191 1306 et
1219 1267 1344 1306 homo
1367 1267 1730 1309 innocentissimus
1756 1270 1936 1322 pecunia

185 1332 487 1371 circumventus
527 1330 751 1377 diceretur,
800 1344 893 1370 cum
934 1330 1089 1370 invidia
1130 1330 1323 1381 flagraret
1363 1329 1464 1368 ordo
1505 1331 1758 1378 senatorius,
1798 1334 1936 1385 potuit

184 1392 285 1433 nihil
318 1392 516 1432 decerni?
546 1393 684 1445 potuit
713 1393 784 1432 illa
815 1392 1036 1432 concitatio
1068 1391 1345 1431 multitudinis
1373 1391 1463 1431 sine
1486 1405 1645 1431 summo
1667 1394 1851 1446 periculo
1873 1395 1932 1434 rei

182 1455 370 1509 publicae
400 1454 643 1509 repudiari?
686 1456 738 1494 At
769 1454 867 1508 quid
891 1459 953 1493 est
972 1453 1217 1493 decretum?
1249 1466 1374 1507 quam
1393 1454 1526 1493 iuste!
1559 1466 1684 1507 quam
1707 1457 1930 1509 sapienter!

181 1532 305 1572 quam
346 1517 589 1571 diligenter!
641 1518 683 1557 S1
722 1529 794 1564 Qvi
831 1530 950 1563 svxr,
996 1528 1164 1562 QVORVM
1205 1529 1338 1555 OPERA
1376 1528 1538 1556 racrvsr
1569 1530 1632 1556 su·
1662 1531 1713 1557 vr
1743 1531 1984 1564 lvn1c1w120

179 1593 384 1621 Pvnmcvnr
414 1591 782 1619 CORRVMPERETVR.
832 1579 975 1618 [trum
1006 1577 1173 1617 videtur
1202 1578 1244 1617 id
1276 1583 1444 1618 senatus
1465 1578 1619 1618 factum
1641 1579 1847 1627 iudicare,
1878 1594 1931 1620 an

181 1643 215 1683 si
244 1641 397 1681 factum
428 1643 500 1689 sit,
531 1641 704 1681 moleste
735 1641 996 1694 graviterque
1027 1640 1166 1679 ferre?
1198 1641 1240 1680 Si
1261 1641 1351 1693 ipse
1372 1644 1418 1681 A.
1442 1641 1660 1681 Cluentius
1683 1644 1930 1683 sententiam

181 1705 231 1744 de
262 1703 426 1743 iudiciis
456 1707 690 1756 rogaretur,
722 1703 844 1742 aliam
875 1716 957 1741 non
989 1702 1145 1742 diceret
1174 1707 1299 1756 atque
1330 1703 1357 1743 ii
1379 1703 1596 1751 dixerunt,
1629 1717 1806 1758 quorum
1837 1719 1930 1745 sen-

179 1767 318 1806 tentiis
361 1765 593 1805 Cluentium
632 1765 946 1805 condemnatum
985 1777 1075 1804 esse
1108 1764 1255 1804 dicitis.
1324 1762 1408 1805 137.
1441 1765 1523 1806 Sed
1555 1779 1711 1820 quaero
1743 1781 1767 1807 a
1795 1768 1928 1816 vobis,

179 1843 278 1868 num
309 1829 430 1868 istam
460 1827 593 1880 legem
625 1840 678 1866 ex
707 1827 784 1866 isto
816 1832 982 1866 senatus
1014 1826 1203 1866 consulto
1234 1828 1279 1866 L.
1301 1828 1501 1868 Lucullus
1524 1829 1690 1877 consul,
1721 1829 1844 1870 homo
1866 1843 1929 1871 sa·
1942 1846 1979 1876 25

179 1890 481 1944 pientissimus,
513 1888 686 1928 tulerit?
715 1902 814 1927 num
846 1902 954 1927 anno
985 1895 1081 1941 post
1111 1890 1163 1928 M.
1189 1889 1385 1930 Lucullus
1408 1896 1447 1930 et
1469 1890 1512 1930 C.
1538 1891 1727 1940 Cassius,
1758 1894 1801 1932 in
1822 1906 1928 1947 quos

178 1959 263 1992 tum
294 1951 486 1991 consules
517 1950 755 2003 designatos
785 1950 895 1990 idem
935 1951 1038 1990 illud
1078 1957 1246 1991 senatus
1278 1951 1551 1993 decreverat?
1596 1955 1688 1994 Non
1717 1954 1927 1995 tulerunt:

177 2020 216 2054 et
254 2013 365 2067 quod
404 2018 447 2051 tu
484 2012 621 2052 Habiti
660 2014 838 2064 pecunia
876 2012 1029 2052 factum
1067 2027 1158 2054 esse
1202 2015 1338 2067 arguis
1378 2028 1515 2068 neque
1560 2016 1602 2055 id
1641 2016 1728 2057 ulla
1773 2018 1929 2058 tenuis-

176 2077 280 2116 sima
309 2074 548 2128 suspicione
580 2074 823 2122 confirmas,
863 2074 1016 2114 factum
1047 2082 1110 2115 est
1149 2077 1325 2129 primum
1355 2076 1521 2117 illorum
1552 2079 1762 2131 aequitate
1794 2084 1835 2120 et
1865 2093 1928 2120 sa-

173 2138 334 2192 pientia
364 2136 602 2183 consulum,
633 2142 679 2176 ut
709 2137 772 2184 id,
805 2137 917 2190 quod
949 2143 1114 2178 senatus
1147 2138 1386 2178 decreverat
1407 2139 1458 2178 ad
1480 2139 1583 2179 illud
1605 2140 1788 2181 invidiae
1808 2155 1927 2195 prae-
1939 2158 1975 2187 30

175 2213 269 2240 sens
299 2199 533 2238 incendium
563 2200 927 2252 restinguendum,
972 2199 1012 2239 id
1051 2206 1196 2253 postea
1233 2200 1498 2241 referendum
1529 2203 1580 2242 ad
1610 2203 1812 2256 populum
1842 2218 1927 2244 non

174 2261 479 2301 arbitrarentur.
527 2262 621 2314 Ipse
663 2261 813 2302 deinde
850 2262 1031 2315 populus
1071 2264 1304 2311 Romanus,
1347 2264 1421 2316 qui
1459 2264 1504 2302 L.
1538 2263 1723 2312 Quinctii
1757 2263 1926 2319 [tribuni

172 2320 322 2376 plebis]
353 2322 460 2362 fictis
491 2324 766 2377 querimoniis
797 2330 918 2364 antea
950 2325 1181 2364 concitatus
1212 2338 1298 2364 rem
1329 2324 1442 2364 illam
1474 2331 1514 2365 et
1533 2327 1790 2378 rogationem
1811 2329 1926 2382 flagi-

172 2390 293 2432 tarat,
323 2385 433 2425 idem
463 2384 504 2424 C.
536 2386 644 2425 Iunii
676 2386 772 2434 filii,
803 2387 919 2440 pueri
950 2386 1135 2439 parvuli,
1166 2386 1346 2426 lacrimis
1378 2392 1606 2427 commotus
1631 2389 1811 2429 maximo
1843 2391 1925 2430 cla-

172 2459 285 2486 more
316 2451 356 2486 et
385 2460 586 2487 concursu
615 2453 741 2488 totam
765 2448 1053 2502 quaestionem
1083 2448 1195 2488 illam
1219 2454 1259 2488 et
1288 2448 1422 2501 legem
1444 2449 1691 2502 repudiavit.
1736 2449 1828 2492 ΛῚ138.
1859 2454 1923 2493 Ex
1936 2470 1972 2499 35

174 2522 256 2563 quo
287 2509 462 2562 intelligi
493 2510 629 2563 potuit
658 2510 722 2558 id,
769 2512 880 2564 quod
912 2524 1035 2564 saepe
1067 2511 1222 2550 dictum
1254 2515 1341 2550 est:
1382 2516 1428 2551 ut
1458 2525 1592 2559 mare,
1633 2513 1745 2565 quod
1774 2520 1922 2555 natura

256 2644 285 2674 ⁴.
310 2644 370 2674 vix
390 2644 502 2676 videor
520 2654 614 2684 posse
637 2646 657 2677 S
671 2646 714 2676 T:
742 2647 798 2677 via:
817 2654 910 2685 posse
932 2646 1043 2678 videor
1065 2647 1107 2683 L;
1130 2654 1224 2686 posse
1246 2646 1305 2676 ria:
1326 2646 1439 2677 videor
1461 2646 1526 2677 ΒΑ
1540 2643 1560 2678 8
1575 2646 1611 2678 Ο.
1640 2664 1674 2668 -
1701 2647 1859 2689 ecloyiuvn
1880 2650 1917 2681 L.

173 2711 206 2715 —
233 2692 263 2723 3.
282 2692 319 2724 ob
343 2694 363 2724 S
378 2695 400 2725 L
414 2692 436 2727 8
449 2695 493 2725 O:
520 2695 560 2726 ab
580 2696 624 2732 T;
651 2696 695 2726 ad
711 2696 735 2727 R
750 2698 788 2727 A.
811 2713 844 2718 —
864 2696 1161 2727 condemnationem
1177 2697 1198 2727 S
1212 2696 1256 2727 T:
1283 2696 1526 2727 damna-tionem
1541 2696 1567 2727 R
1580 2697 1606 2727 A
1620 2697 1644 2727 L
1657 2695 1680 2730 8
1694 2697 1731 2728 O.
1752 2715 1787 2718 —
1814 2699 1844 2730 6.
1863 2699 1922 2729 ad-

168 2741 314 2782 iungeret
336 2743 356 2773 S
370 2743 413 2773 T:
439 2744 647 2786 coniungeret
671 2745 692 2775 F
706 2746 738 2776 Μ
750 2747 775 2776 Α
789 2746 812 2776 L
826 2744 847 2778 8
863 2746 898 2776 O.
928 2763 962 2767 —
989 2746 1019 2777 7.
1045 2746 1107 2777 Sed
1130 2749 1165 2777 tu
1187 2745 1253 2776 Atti
1268 2763 1316 2768 --
1334 2746 1539 2777 retinuerunt
1562 2745 1789 2783 Quintilianus
1806 2747 1845 2777 V.
1865 2747 1917 2784 ⁴3,

168 2791 219 2823 33.
250 2809 284 2814 —
315 2791 346 2823 8.
372 2793 552 2825 censorium
575 2795 671 2826 STA
688 2793 707 2827 8
738 2796 771 2826 et
796 2794 990 2832 Quintiliani
1015 2795 1154 2827 codices
1177 2794 1348 2836 plerique.
1378 2814 1412 2817 —
1439 2796 1469 2827 8.
1496 2796 1617 2836 eynati.
1643 2796 1669 2827 si
1692 2797 1801 2836 egnati
1823 2798 1854 2827 S.
1881 2814 1914 2818 --

167 2841 224 2874 Cn.
249 2849 318 2873 om.
345 2842 538 2880 Quintiliani
563 2843 751 2881 editiones;
778 2844 841 2876 sed
866 2845 1016 2886 optimus
1041 2845 1151 2877 codex
1177 2843 1349 2885 (Ambros.
1369 2845 1412 2884 4.)
1438 2844 1544 2876 habet
1566 2853 1685 2886 ,qe-nus,
1713 2847 1918 2886 corruptum

167 2899 209 2922 ex
233 2891 313 2923 Gn.:
340 2891 383 2923 cf.
402 2901 474 2924 var.
492 2891 571 2924 lect.
590 2893 633 2925 ad
651 2902 700 2925 or.
720 2895 952 2935 Pompeianae
978 2894 1008 2934 S.
1028 2893 1058 2925 3.
1080 2912 1115 2916 —-
1143 2895 1194 2925 ⁴0.
1221 2903 1384 2926 censorem
1407 2895 1445 2931 S;
1471 2896 1652 2927 censorium
1675 2895 1735 2930 A8
1761 2897 1794 2927 et
1811 2897 1917 2934 Quin-

166 2938 313 2972 tilianus.
336 2959 370 2963 —
398 2942 449 2973 Η.
475 2942 649 2974 exheredat
671 2944 750 2975 FM.
774 2961 807 2966 —
836 2944 888 2975 212.
914 2944 1075 2975 eiecissenl
1091 2944 1330 2982 Quintilianus.
1353 2962 1389 2966 —
1415 2945 1467 2976 47.
1486 2945 1722 2977 circumventus
1745 2946 1764 2976 S
1779 2946 1822 2977 T:
1848 2947 1917 2977 cir—

167 2993 353 3021 cumventus
374 2999 439 3023 esse
454 2991 478 3022 R
491 2992 517 3023 A
531 2992 555 3022 L
568 2991 590 3026 8
603 2993 640 3024 O.
656 3009 692 3015 —
717 2995 868 3034 flagrare
883 2994 915 3024 S.
935 3011 968 3015 ——
990 2993 1040 3024 ⁴9.
1060 2993 1110 3034 At]
1128 2999 1185 3026 aut
1209 2995 1276 3026 ΡΜ
1289 2997 1327 3026 Α.
1342 3012 1377 3015 -
1403 2994 1456 3025 21.
1482 2995 1516 3026 vid
1538 2998 1669 3026 senalus
1685 2995 1760 3026 ST:
1785 2999 1916 3027 senatus

167 3038 201 3068 id
215 3039 240 3070 R
254 3039 280 3070 A
292 3038 347 3073 L8
359 3040 438 3071 O.—
458 3041 512 3072 23.
530 3045 707 3082 royaretur
722 3060 740 3065 —
752 3061 769 3066 -
785 3043 946 3074 sententiis
962 3051 1030 3074 om.
1045 3044 1132 3074 Μ.-
1158 3044 1212 3075 27.
1230 3043 1309 3084 tum]
1333 3052 1406 3075 cum
1422 3044 1494 3075 MA
1508 3043 1583 3077 8.—
1603 3045 1789 3076 decreverat
1804 3045 1910 3076 STL:

167 3088 341 3120 decreverit
361 3090 426 3122 RA
440 3089 461 3124 8
475 3091 511 3122 O.
542 3110 576 3114 —
602 3092 653 3124 ⁶28.
679 3093 747 3124 ulla
770 3094 819 3125 cel
841 3093 1029 3125 tenuissima
1052 3092 1073 3126 8
1087 3093 1123 3124 O.
1151 3093 1200 3125 Cf.
1225 3093 1433 3134 Madvigium
1457 3093 1501 3125 ad
1518 3095 1588 3126 Cic.
1608 3094 1651 3126 de
1668 3094 1762 3125 Finn.
1782 3103 1815 3135 p.
1835 3094 1909 3128 348.

169 3154 203 3158 —
228 3137 280 3169 ⁶29.
306 3139 453 3178 primum
477 3141 596 3172 STM:
627 3142 735 3182 primo
760 3142 945 3177 FAL80.
974 3159 1008 3163 —
1043 3142 1094 3173 31.
1125 3143 1355 3183 perferendum
1380 3144 1497 3175 FMA.
1525 3161 1561 3165 —
1593 3143 1645 3176 32.
1671 3143 1792 3175 tribuni
1809 3144 1912 3184 plebis

167 3193 236 3217 om.
262 3186 329 3219 ST.
349 3205 382 3210 -
411 3189 462 3221 33.
482 3193 558 3221 ante
574 3191 606 3221 S.
629 3208 663 3213 ——
690 3191 843 3222 incitatus
858 3193 893 3223 L.
915 3210 948 3213 —
974 3192 1140 3233 flaqilaret
1156 3193 1181 3223 T
1196 3201 1248 3233 pr.
1268 3201 1314 3224 m.
1337 3211 1370 3215 —
1391 3192 1442 3224 34.
1464 3193 1598 3233 parvoli
1614 3195 1657 3225 M.
1680 3211 1713 3215 —
1740 3194 1792 3226 35.
1811 3204 1910 3234 quae-

166 3235 299 3267 stionem
326 3237 417 3270 illam
448 3242 477 3270 et
505 3239 606 3280 leqem
630 3241 704 3272 ST:
740 3241 831 3272 illam
859 3242 958 3282 leqem
989 3244 1017 3272 el
1041 3242 1258 3281 quaestionem
1282 3240 1468 3276 RAL80.
1498 3261 1532 3266 -—
1559 3243 1610 3274 36.
1636 3252 1728 3275 mare
1750 3245 1835 3283 quod
1857 3262 1874 3267 —
1889 3262 1908 3268 -

165 3284 289 3325 agitari
314 3289 343 3318 el
373 3288 561 3320 conturbari
584 3290 680 3321 solet:
715 3291 760 3322 sic
777 3292 918 3330 populus
941 3292 1106 3322 Romanus
1134 3290 1237 3323 Iulius
1261 3291 1461 3324 Rufinianus
1485 3293 1523 3325 de
1543 3294 1600 3334 ᾖς).
1625 3296 1703 3325 sent.
1730 3293 1761 3334 S.
1787 3293 1839 3326 24.
1867 3312 1901 3318 —

164 3337 287 3366 nat-ura
306 3344 368 3368 sua
390 3338 465 3370 ST:
490 3347 550 3370 sua
572 3342 695 3371 natura
718 3339 853 3375 RAL8
867 3341 892 3372 Ο
917 3342 951 3372 et
973 3340 1181 3373 Rufinianus.
