2143 3713
661 248 757 289 ω.
789 248 1131 289 xxx-xxxi,
1171 245 1244 298 ὃς.
1276 243 1469 286 61-65.
1863 243 1935 286 741

199 367 362 405 Fatetur
399 362 548 415 aliquis
588 373 630 400 se
670 373 863 413 peccasse
904 366 944 400 et
985 360 1072 399 eius
1112 358 1248 398 delicti
1279 358 1439 397 veniam
1480 359 1604 410 petit:
1647 357 1847 398 nefarium
1882 364 1945 398 est

197 426 357 466 facinus
388 424 614 476 ignoscere.
659 422 711 461 At
732 421 819 461 leve
843 421 1038 461 delictum
1061 427 1142 460 est:
1173 419 1311 459 omnia
1333 424 1500 471 peccata
1521 424 1618 459 sunt
1635 420 1764 471 paria.
1794 419 1944 459 Dixisti

198 486 436 541 quippiam:
474 483 600 524 fixum
632 489 673 523 et
703 488 896 523 statutum
930 488 1003 522 cst.
1054 485 1144 521 Non
1176 494 1216 520 re
1249 481 1399 520 ductus
1431 495 1496 528 es,
1529 481 1602 521 sed
1633 481 1850 533 opinione:
1882 494 1945 520 sa-

197 549 313 602 piens
343 546 444 586 nihil
475 545 680 599 opinatur.
727 545 882 584 Errasti
915 545 1052 598 aliqua
1083 544 1125 582 in
1156 556 1221 582 re:
1252 541 1445 581 maledici
1465 548 1596 595 putat.
1642 542 1729 581 Hac
1750 555 1802 581 ex
1822 541 1946 581 disci-

197 611 309 663 plina
348 609 466 648 nobis
506 607 577 646 illa
617 612 738 646 sunt:
788 606 913 645 «Dixi
952 607 993 644 in
1024 610 1168 645 senatu
1201 618 1265 643 me
1295 616 1446 643 nomen
1478 603 1708 643 consularis
1739 602 1975 643 candidatis

196 671 464 711 delaturum.»
525 669 658 708 Iratus
690 668 844 707 dixisti.
909 669 1187 719 «Numquam,
1227 665 1384 718 inquit,
1426 666 1588 718 sapiens
1618 664 1846 704 irascitur.»
1895 664 1948 703 At

196 734 390 787 tempoiis
421 743 556 772 causa.
602 730 830 783 «Improbi,
861 730 1016 782 inquit,
1047 728 1228 767 hominis
1260 733 1322 767 est
1352 726 1568 785 mendacio
1589 725 1757 774 fallere3
1788 731 1946 766 mutare

195 793 441 835 sententiam
472 798 590 844 turpe
623 797 705 837 est,
738 792 899 831 exorari
932 790 1089 837 scelus,
1120 791 1304 830 misereri
1336 789 1576 843 flagitium.»
1631 787 1696 828 63.
1717 790 1856 829 Nostri
1876 802 1947 829 au-

194 862 274 896 tem
305 854 368 894 illi
397 875 450 882 —
481 853 643 894 fatebor
675 855 806 900 enim,
840 853 961 900 Cato,
991 866 1056 892 me
1088 866 1259 906 quoque
1290 853 1332 892 in
1363 852 1644 892 adolescentia
1675 850 1853 892 diffisum
1884 852 1947 891 in-

193 917 316 972 genio
348 929 440 955 meo
472 916 688 969 quaesisse
720 916 958 955 adiumenta
980 915 1192 955 doctrinae
1215 939 1291 962 ——,
1322 914 1474 962 nostri,
1506 914 1700 968 inquam,
1733 914 1791 953 illi
1814 928 1836 954 a
1857 913 1946 953 Pla·
1960 925 1995 953 -ιο

194 987 289 1020 tone
322 983 362 1018 et
391 978 634 1026 Aristotele,
667 978 868 1017 moderati
898 978 1088 1017 homines
1121 984 1161 1017 et
1182 977 1419 1030 temperati,
1451 977 1565 1016 aiunt
1585 976 1695 1029 apud
1717 977 1944 1030 sapientem

192 1042 327 1082 valere
359 1040 583 1093 aliquando
615 1041 808 1093 gratiam:
840 1039 915 1079 viri
945 1040 1044 1079 honi
1077 1053 1167 1079 esse
1198 1038 1405 1079 misereri:
1446 1038 1641 1078 distincta
1671 1051 1762 1078 esse
1795 1051 1947 1091 genera

190 1103 432 1143 delictorum
463 1107 502 1142 et
523 1102 710 1155 dispares
731 1115 909 1155 poenas:
943 1116 1034 1141 esse
1056 1101 1166 1154 apud
1187 1101 1397 1141 hominem
1420 1104 1678 1140 constantem
1699 1100 1943 1153 ignoscendi

191 1165 347 1205 locum:
388 1165 523 1218 ipsum
555 1165 786 1217 sapientem
818 1177 940 1217 saepe
971 1164 1127 1216 aliquid
1160 1162 1319 1216 opinari
1353 1162 1466 1216 quod
1497 1162 1674 1209 nesciat,
1707 1162 1829 1202 irasci
1859 1176 1943 1203 non

191 1240 436 1280 numquam,
481 1226 643 1266 exorari
684 1225 861 1265 eundem
903 1231 942 1265 et
978 1225 1158 1278 placari,
1205 1225 1315 1278 quod
1356 1224 1507 1264 dixerit
1546 1224 1776 1272 interdum,
1822 1224 1855 1264 si
1887 1225 1993 1266 itats

188 1289 341 1330 rectius
381 1288 454 1335 sit,
499 1293 681 1335 mutare,
727 1287 778 1327 de
819 1288 1027 1327 sententia
1067 1286 1267 1326 decedere
1299 1286 1546 1340 aliquando:
1593 1299 1737 1327 omnes
1768 1289 1942 1328 virtutes

188 1351 467 1391 mediocritate
508 1349 683 1402 quadam
728 1362 818 1389 esse
856 1348 1103 1389 moderatas.
1162 1349 1317 1388 XXXI.
1349 1346 1413 1387 64.
1445 1348 1531 1388 Hos
1575 1348 1627 1389 ad
1657 1349 1875 1403 magistros
1907 1351 1942 1390 si

189 1426 270 1467 qua
301 1417 340 1452 te
370 1411 554 1459 fortuna,
602 1411 724 1459 Cato,
772 1425 862 1451 cum
903 1412 981 1451 ista
1019 1418 1163 1451 natura
1202 1411 1438 1458 detulisset,
1484 1425 1567 1450 non
1608 1416 1650 1450 tu
1682 1412 1851 1465 quidem
1882 1412 1943 1454 vir

189 1473 334 1514 melior
364 1486 475 1513 esses
506 1486 583 1513 nec
614 1474 758 1514 fortior
788 1487 863 1513 nec
896 1473 1192 1526 temperantior
1221 1486 1297 1513 nec
1318 1473 1465 1513 iustior
1483 1495 1538 1502 —
1556 1486 1696 1527 neque
1718 1474 1832 1514 enirn'
1850 1487 1941 1514 esse

186 1541 306 1591 potes
335 1557 411 1583 —,
443 1536 516 1575 sed
546 1535 669 1589 paulo
700 1535 751 1574 ad
782 1535 994 1575 lenitatem
1024 1536 1284 1589 propensior.
1342 1536 1434 1575 Non
1466 1548 1681 1576 accusares
1712 1536 1837 1575 nullis
1869 1535 1990 1575 ad·20

187 1599 336 1638 ductus
381 1597 628 1645 inimicitiis,
677 1597 790 1637 nulla
837 1597 1048 1637 lacessitus
1094 1597 1266 1644 iniuria,
1313 1597 1662 1650 pudentissimum
1706 1597 1940 1645 hominem,

186 1674 345 1701 summa
376 1660 573 1713 dignitate
604 1665 729 1713 atque
759 1659 977 1699 honestate
1009 1660 1267 1713 praeditum:
1308 1664 1498 1713 putares,
1540 1673 1632 1699 cum
1668 1661 1709 1700 in
1753 1660 1939 1701 eiusdem

185 1722 280 1763 anni
315 1721 504 1761 custodia
534 1727 574 1761 te
605 1728 729 1775 atque
760 1722 804 1761 L.
836 1723 1048 1762 Murenam
1072 1722 1237 1762 fortuna
1258 1722 1489 1776 posuisset,
1521 1722 1662 1776 aliquo
1683 1728 1723 1764 te
1745 1736 1839 1763 cum
1858 1722 1940 1763 hoc

185 1785 244 1825 rei
275 1783 466 1837 publicae
496 1783 662 1824 vinculo
694 1797 784 1823 esse
817 1785 1104 1824 coniunctum:
1146 1784 1259 1838 quod
1298 1785 1490 1825 atrociter
1531 1785 1575 1824 in
1605 1789 1751 1826 senatu
1782 1785 1939 1834 dixisti,

184 1851 253 1886 aut
292 1858 376 1884 non
407 1846 584 1886 dixisses
615 1850 687 1885 aut
717 1847 975 1899 seposuisses
1006 1852 1077 1886 aut
1107 1847 1310 1887 mitiorem
1341 1848 1383 1886 in
1413 1853 1573 1900 partem
1604 1847 1989 1901 interpretarere.25

183 1907 249 1947 65.
281 1909 339 1947 Ac
370 1911 410 1947 te
441 1908 595 1961 ipsum,
628 1914 826 1962 quantum
860 1922 935 1961 ego
968 1908 1162 1962 opinione
1190 1922 1386 1962 auguror,
1417 1923 1528 1950 nunc
1549 1915 1591 1951 et
1610 1910 1734 1951 animi
1756 1906 1937 1964 quodam

183 1972 339 2023 impetu
370 1970 617 2010 concitatum
648 1977 687 2010 et
717 1971 756 2010 vi
785 1976 957 2011 naturae
986 1976 1111 2024 atque
1144 1971 1301 2024 ingenii
1324 1972 1476 2011 elatum
1498 1977 1538 2013 et
1566 1972 1798 2014 recentibus
1819 1985 1937 2025 prae-

183 2038 397 2086 ceptorum
428 2032 575 2072 studiis
606 2033 869 2085 flagrantem,
901 2034 981 2073 iam
1011 2046 1111 2073 usus
1141 2034 1300 2081 flectet,
1333 2033 1422 2075 dies
1453 2034 1602 2083 leniet,
1633 2039 1746 2075 aetas
1776 2034 1938 2087 mitiga-

181 2096 253 2135 bit.
297 2094 464 2134 Etenim
490 2091 601 2147 [ipsi]
625 2094 723 2134 mihi
747 2095 812 2134 isti
835 2095 1027 2135 videntur
1047 2096 1173 2135 vestri
1195 2101 1487 2149 praeceptores
1509 2102 1549 2136 et
1567 2097 1730 2137 virtutis
1752 2096 1936 2150 magistri

182 2155 283 2197 fines
315 2156 546 2197 officiorum
575 2156 700 2209 paulo
732 2157 916 2210 longius,
951 2171 1074 2210 quam
1106 2162 1256 2198 natura
1284 2158 1430 2206 vellet,
1473 2159 1717 2212 protulisse,
1747 2163 1812 2205 ut,
1844 2172 1935 2198 cum
1949 2169 1986 2199 30

183 2219 234 2259 ad
263 2218 452 2259 ultimum
484 2219 620 2259 animo
652 2219 1030 2267 contendissemus‚
1062 2220 1119 2260 ibi
1140 2226 1298 2268 tamen,
1330 2220 1401 2260 ubi
1423 2225 1655 2274 oporteret,
1687 2221 1936 2261 consistere-

184 2295 288 2322 mus·
342 2281 476 2321 «Nihil
506 2281 750 2334 ignoveris.»
797 2282 927 2321 Immo
947 2281 1119 2338 aliquid,
1150 2295 1234 2322 non
1265 2283 1414 2322 omnia.
1464 2282 1599 2322 «Nihil
1628 2283 1782 2335 gratiae
1813 2296 1936 2324 causa

267 2417 296 2448 4.
323 2420 352 2448 et
375 2424 443 2448 om.
462 2426 493 2448 ν.
516 2435 550 2438 -
569 2417 646 2459 eius]
671 2418 723 2449 cai
747 2419 784 2455 G,
811 2418 903 2449 unde
928 2418 1103 2459 suspicor:
1130 2418 1191 2449 sui.
1215 2436 1248 2440 —
1277 2419 1307 2450 ἓ.
1335 2422 1363 2450 et
1387 2419 1454 2450 leve
1477 2419 1514 2450 G.
1543 2436 1570 2440 —
1597 2419 1660 2450 sint
1683 2427 1716 2450 v,
1737 2436 1772 2441 —-
1792 2418 1823 2450 3.
1843 2419 1935 2459 quip-

175 2467 269 2506 piam
300 2467 489 2499 Manutius:
524 2468 641 2507 quippe
670 2467 737 2498 iam
761 2467 864 2499 codd.
892 2468 925 2499 et
949 2467 1028 2498 edd.
1055 2469 1157 2505 x‘ett.;
1190 2468 1358 2508 quidpiam
1382 2469 1419 2499 O.
1454 2468 1600 2506 (Dioeisti.
1627 2469 1746 2509 quippe
1765 2470 1872 2509 fiscum
1894 2470 1932 2507 L,

181 2515 285 2556 idque
315 2524 353 2548 se
385 2516 420 2547 in
452 2516 529 2548 cod.
554 2519 623 2549 vet.
649 2518 822 2549 invenisse
847 2518 1016 2556 testatur.)
1046 2535 1080 2539 -—
1114 2517 1273 2558 opinione]
1307 2517 1401 2549 addit
1424 2526 1447 2548 x·
1469 2518 1619 2549 moveris.
1648 2536 1682 2539 —
1710 2517 1741 2551 4.
1766 2519 1886 2550 errasti
1908 2519 1936 2550 si

179 2566 295 2606 aliqua
317 2574 349 2597 V.
371 2583 405 2588 -
429 2569 547 2605 patant
570 2566 617 2604 E,
639 2569 738 2605 putas
762 2575 794 2597 v,
815 2582 849 2586 —
877 2566 907 2596 5.
934 2565 1021 2596 robis
1043 2567 1118 2604 Εχ.
1139 2584 1174 2589 -
1201 2568 1388 2599 consulatus
1409 2569 1606 2600 candidatus
1629 2569 1666 2600 G.
1688 2587 1722 2591 —
1749 2569 1780 2600 7.
1807 2572 1852 2601 est
1875 2569 1931 2602 ed.

180 2616 257 2647 Asc.
284 2615 361 2646 45⁴4
383 2623 389 2644 :
417 2623 486 2647 om.
507 2616 555 2653 M,
581 2616 635 2647 sect
657 2616 682 2647 E
697 2616 721 2646 G
737 2616 759 2646 C
774 2624 842 2653 νχ.
864 2632 898 2636 -
924 2615 954 2646 8,
973 2616 1125 2647 miserari
1141 2626 1172 2648 v.
1194 2634 1228 2639 —
1256 2621 1365 2650 autem
1381 2618 1436 2650 ed.
1458 2618 1569 2650 Crat.:
1595 2618 1680 2650 enim
1696 2618 1785 2657 mei,
1812 2619 1831 2650 6
1848 2619 1930 2652 Oxx.

182 2682 216 2686 —
243 2664 273 2695 9.
293 2664 388 2706 enim]
413 2665 459 2696 itti
484 2666 567 2696 G.—
597 2666 647 2696 Μ.
667 2668 747 2704 aput
763 2666 787 2695 G
813 2665 851 2695 ut
874 2673 1026 2706 semper.
1046 2684 1080 2688 —
1106 2667 1156 2697 42.
1175 2667 1353 2707 aliquando
1377 2669 1487 2700 valere
1509 2676 1542 2698 v,
1563 2685 1599 2690 —
1626 2676 1690 2700 esse
1712 2677 1835 2708 yenera
1850 2669 1929 2700 Gr:

178 2722 250 2754 qen.
270 2721 335 2745 esse
349 2714 374 2745 E
389 2715 422 2746 M
436 2715 459 2746 L
474 2715 510 2746 O.
531 2732 565 2736 —
587 2715 638 2746 43.
655 2718 690 2745 ut
714 2715 860 2753 dispares
877 2715 914 2745 G.
936 2732 971 2737 —
990 2724 1056 2746 csse
1074 2725 1198 2755 poenas
1220 2718 1310 2757 apud
1325 2727 1357 2749 v.
1378 2735 1411 2740 —-
1431 2716 1482 2749 44.
1503 2717 1582 2756 quid
1598 2717 1679 2748 G.—
1700 2717 1751 2749 45.
1769 2717 1933 2750 interdum

178 2764 257 2795 ante
280 2765 409 2795 mutare
431 2763 539 2796 habet
562 2765 598 2796 E.
627 2782 660 2786 —
688 2765 735 2795 ita
759 2772 827 2795 om.
853 2772 885 2794 v.
908 2782 942 2786 -
970 2765 1021 2796 16.
1047 2766 1150 2797 omnis
1173 2768 1209 2797 G.
1232 2783 1267 2788 —
1296 2767 1347 2798 47.
1373 2767 1593 2799 moderandas
1615 2775 1649 2805 v,
1668 2766 1744 2798 fort.
1764 2769 1872 2799 recte.
1895 2785 1930 2790 -

181 2813 232 2844 ⁴8.
258 2815 327 2843 tum
348 2812 411 2843 ista
430 2821 463 2845 v,
484 2831 517 2835 —
538 2814 590 2845 49.
610 2814 843 2854 temperantior
857 2813 882 2844 E
896 2815 920 2844 G
935 2822 973 2844 v:
1001 2817 1211 2856 temperatior
1227 2817 1259 2848 M
1272 2817 1296 2848 C
1311 2817 1338 2848 H
1354 2817 1374 2847 S
1387 2817 1423 2848 T.
1451 2815 1501 2848 Cf.
1519 2825 1551 2848 ν.
1571 2816 1623 2847 Η.
1646 2833 1677 2837 —
1699 2825 1802 2855 neque
1816 2817 1934 2849 iustior

180 2863 218 2893 C.
237 2879 272 2884 —
288 2862 373 2893 enim
395 2871 464 2895 om.
483 2873 518 2901 χ.
537 2881 571 2887 -
585 2863 942 2904 ⁶21.prudentisstmwn
958 2863 983 2895 E
997 2873 1018 2894 v
1030 2872 1076 2904 ψ.
1098 2883 1132 2887 -
1150 2866 1201 2897 22,
1222 2867 1254 2897 in
1271 2875 1341 2897 om,
1361 2868 1399 2897 G.
1419 2867 1454 2897 et
1472 2867 1506 2898 M
1520 2874 1568 2897 m.
1586 2874 1639 2906 pr.
1660 2882 1695 2887 -—
1714 2865 1766 2896 ⁵23.
1785 2867 1934 2898 custodia

178 2913 257 2944 Ev:
284 2912 465 2944 custodiam
489 2914 532 2952 G,
558 2915 633 2945 Par.
660 2915 690 2945 4.
718 2913 769 2950 4.,
794 2912 954 2944 custodem
978 2914 1022 2944 M.
1040 2932 1074 2936 —
1091 2916 1247 2954 pot-uisset
1270 2916 1362 2953 Ga),
1389 2916 1464 2946 Par.
1491 2916 1522 2946 4.
1547 2913 1578 2946 4.
1596 2922 1720 2945 —cum
1743 2922 1813 2946 om.
1839 2915 1876 2947 E.
1892 2933 1927 2938 -—

176 2963 230 2994 ⁶25.
257 2962 378 2994 dixisse
399 2963 427 2993 si
446 2963 605 3002 posuisses
628 2965 665 2995 G.
686 2982 720 2985 —
748 2967 806 2994 aut
829 2963 1019 3001 seposuisses
1041 2964 1065 2995 E
1080 2966 1112 2996 M
1124 2974 1164 2995 v:
1192 2968 1250 2996 aut
1271 2965 1461 3004 sepotuisses
1477 2963 1629 2996 nonnulli
1645 2964 1758 3000 Parr.;
1784 2963 1812 2994 si
1821 2972 1933 3003 posses

177 3020 247 3043 om.
273 3015 332 3043 aut
355 3013 445 3044 coni.
471 3012 680 3045 Niebuhrius
704 3014 738 3045 in
764 3010 923 3052 exemplo
948 3020 1012 3043 suo
1037 3013 1092 3045 ed.
1113 3016 1247 3050 Garat.;
1274 3017 1350 3052 aut,
1376 3014 1403 3044 si
1421 3014 1596 3053 potuisses,
1622 3013 1785 3044 mitiorem
1802 3022 1844 3045 ex
1859 3014 1931 3046 Ho-

178 3062 306 3093 tomani
331 3062 420 3093 coni.
448 3063 488 3099 L;
526 3071 589 3103 ego
613 3064 758 3095 coniicio
784 3071 825 3093 ex
848 3060 994 3092 lectione
1020 3063 1149 3095 codicis
1173 3066 1215 3094 G:
1255 3067 1313 3094 aut
1331 3064 1501 3102 posuisses.
1529 3081 1564 3085 —
1591 3063 1808 3102 interpretare
1830 3063 1930 3103 ΕΤχ

177 3113 211 3142 et
235 3112 276 3150 G,
302 3112 361 3152 qui
384 3111 509 3143 deinde
534 3111 640 3143 habet
661 3116 746 3144 recte
768 3120 830 3153 pro
855 3119 894 3141 ac
910 3113 950 3140 tc.
971 3127 1005 3132 —
1022 3111 1074 3143 ⁶26.
1094 3113 1208 3153 animi]
1226 3122 1299 3144 cum
1315 3122 1348 3144 v.
1367 3129 1400 3135 —
1418 3113 1470 3144 ⁶27.
1490 3116 1534 3145 est
1550 3116 1579 3144 et
1594 3113 1626 3143 vi
1642 3114 1679 3144 G.
1702 3130 1737 3135 —
1754 3112 1806 3144 28.
1826 3114 1928 3155 aetas]

176 3168 253 3191 usus
274 3170 310 3198 χ.
332 3179 367 3183 —
394 3160 446 3191 29.
472 3161 534 3199 ipsi
556 3162 653 3193 michi
677 3163 728 3193 isti
751 3163 794 3197 G,
818 3159 897 3191 mihi
920 3159 973 3190 isti
997 3160 1057 3200 ipsi
1080 3162 1123 3198 E;
1151 3163 1204 3194 isti
1227 3163 1287 3202 ipsi
1302 3163 1380 3193 mihi
1395 3163 1421 3194 E
1435 3163 1468 3194 M
1480 3172 1502 3193 v
1517 3163 1593 3194 LO.
1616 3179 1650 3184 -
1666 3161 1718 3194 30.
1739 3162 1815 3202 finis
1830 3163 1868 3194 G.
1890 3181 1923 3187 -

176 3209 228 3240 3⁴¹.
254 3213 414 3249 oporteret
437 3210 462 3241 E
476 3212 502 3241 G
515 3211 547 3243 M
571 3211 672 3252 Lagg.
691 3212 830 3253 praeter
855 3210 866 3239 1¹
889 3218 895 3239 :
923 3214 1047 3248 oportet
1069 3221 1092 3249 χ
1106 3217 1140 3252 ψ
1153 3221 1174 3242 v
1191 3214 1224 3244 et
1239 3213 1320 3253 Lag.
1339 3214 1369 3244 Ἰ.
1392 3231 1426 3235 -
1444 3222 1509 3244 non
1526 3212 1770 3244 consisteremus
1785 3212 1809 3243 L
1834 3213 1924 3245 coni.

178 3275 209 3280 —
228 3258 280 3290 32.
295 3259 375 3291 nihil
388 3269 440 3301 9⁷⁴·
460 3260 540 3299 Lag.
559 3259 577 3291 9
595 3262 629 3291 et
645 3260 686 3292 ⁶24
703 3270 708 3290 :
729 3262 825 3291 immo
838 3256 892 3289 vel
909 3266 1018 3296 ymmo
1033 3270 1085 3300 φ’.
1105 3262 1186 3300 mei,
1208 3263 1226 3293 6
1243 3263 1340 3299 Oxx.,
1358 3263 1460 3303 Lagg.
1480 3261 1552 3294 rell.
1569 3279 1603 3284 —-
1621 3270 1724 3293 eausa
1737 3261 1852 3301 feceris
1867 3262 1922 3295 ed.

175 3307 285 3338 Crat.:
310 3317 384 3339 cnm
398 3308 512 3349 feceris
529 3311 552 3339 G
578 3310 634 3349 (cs.
652 3318 725 3340 var.
746 3309 824 3341 lect.
845 3309 887 3341 ad
911 3321 946 3354 p.
965 3308 1038 3347 750,
1058 3309 1107 3352 4);
1133 3312 1307 3353 confeceris
1328 3313 1353 3344 E
1366 3313 1398 3344 M
1411 3322 1450 3352 V,
1477 3312 1496 3344 6
1513 3312 1609 3351 OXX„
1627 3312 1729 3353 Lagg.
1747 3312 1888 3353 praeter
1903 3312 1922 3344 9

174 3360 208 3392 et
229 3359 290 3400 24,
314 3360 349 3392 in
373 3360 499 3403 quibus
523 3362 576 3394 est
598 3362 799 3394 concesseris,
