2127 3708
693 234 789 276 Cn.
820 232 1059 275 VIII-IX.
1096 229 1169 285 §§.
1203 228 1398 271 49-96,
1828 230 1914 273 ’195

171 350 242 404 qui
272 351 393 390 uxori
423 361 523 389 suae
550 347 802 388 nuntiarent.
843 343 910 385 99.
942 345 1050 386 Sane
1081 357 1133 385 ne
1163 343 1266 384 haec
1297 342 1396 383 mihi
1417 342 1585 396 quidem
1606 357 1672 384 res
1701 345 1914 398 placebat;

170 426 307 466 neque
338 417 452 452 tanto
483 423 627 464 opere,
668 408 768 462 quid
799 408 840 447 in
871 409 948 448 hac
979 413 1088 448 sorte
1119 405 1389 446 metuendum
1419 404 1518 444 mihi
1550 411 1681 453 esset,
1711 407 1916 460 intellige-

169 473 276 513 bam.
335 474 469 515 Unum
499 471 604 513 illud
634 485 686 511 ex
714 471 952 510 hominibus
983 470 1127 517 certis,
1159 481 1211 508 ex
1237 467 1388 521 quibus
1410 468 1548 507 omnia
1567 470 1769 521 comperi,
1799 482 1916 522 repe-

171 536 346 576 riebam:
386 534 505 576 fiscos
537 534 772 587 complures
803 547 895 573 cum
931 533 1109 586 pecunia
1140 531 1345 570 Siciliensi
1377 542 1400 569 a
1433 528 1614 583 quodam
1646 537 1834 571 senatore
1865 531 1916 571 ad

172 599 353 652 equitem
370 599 600 638 Romanum
622 609 713 636 esse
734 596 976 643 translatos;
999 609 1051 635 ex
1070 594 1136 633 his
1153 594 1273 647 quasi
1293 606 1320 632 x
1336 589 1458 633 fiscos
1480 593 1531 632 ad
1549 598 1780 633 senatorem
1802 594 1915 633 illum

170 660 335 700 relictos
355 672 445 699 esse
465 659 727 699 comitiorum
748 671 934 697 meorum
950 657 1142 704 nomine;
1164 656 1364 695 divisores
1385 656 1570 695 omnium
1591 656 1772 696 tribuum
1793 663 1917 697 noctu

173 721 224 761 ad
254 722 378 762 istum
408 726 589 761 vocatos.
647 718 713 760 ⁶23.
744 720 806 759 Ex
838 720 988 773 quibus
1020 718 1207 772 quidam,
1240 718 1313 770 qui
1345 730 1389 757 se
1420 718 1559 757 omnia
1588 731 1680 759 mea
1703 731 1828 759 causa
1848 719 1919 760 de-

171 783 269 824 bere
300 783 594 830 arbitrabatur,
634 782 777 823 eadem
808 782 880 822 illa
909 786 1030 821 nocte
1060 780 1113 820 ad
1144 793 1208 819 me
1239 780 1372 819 venit:
1411 778 1690 828 demonstrat,
1730 794 1813 835 qua
1843 783 1919 821 iste

173 845 359 886 oratione
387 858 488 884 usus
519 850 648 885 esset:
679 856 1026 884 commemorasse
1056 843 1204 889 istum,
1241 854 1366 895 quam
1396 841 1621 882 liberaliter
1650 856 1721 883 eos
1751 849 1921 884 tractas—

172 914 235 949 set
264 908 385 948 etiam
416 912 560 955 antea,
591 920 685 947 cum
716 908 804 959 ipse
834 911 1070 959 praeturam
1100 904 1293 957 petisset,
1332 909 1372 944 et
1401 905 1602 957 proximis
1632 906 1919 946 consularibus
1936 914 1969 943 ¹0

171 970 472 1024 praetoriisque
503 969 700 1009 comitiis:
741 968 892 1010 deinde
924 968 1122 1008 continuo
1154 979 1245 1006 esse
1275 967 1508 1020 pollicitum
1538 973 1737 1021 quantam
1766 968 1921 1009 vellent

170 1033 411 1086 pecuniam,
442 1031 476 1072 si
509 1045 573 1072 me
605 1031 816 1072 aedilitate
847 1031 1106 1071 deiecissent.
1158 1029 1237 1069 Hic
1268 1029 1374 1069 alios
1404 1042 1579 1083 negasse
1610 1029 1784 1078 audere,
1816 1031 1920 1071 alios

171 1095 459 1149 respondisse,
498 1108 583 1134 non
622 1099 770 1148 putare
809 1093 852 1133 id
882 1090 1024 1147 perfici
1054 1105 1201 1145 posse3
1242 1092 1455 1132 inventum
1485 1097 1622 1132 tamen
1653 1105 1744 1133 esse
1773 1093 1921 1134 fortem

173 1159 351 1198 amicum
391 1171 444 1198 ex
482 1157 627 1197 eadem
665 1155 844 1203 familia,
892 1155 941 1204 Q.
973 1155 1142 1195 Verrem
1180 1154 1380 1201 Romilia,
1425 1167 1477 1193 ex
1507 1155 1664 1207 optima
1694 1155 1921 1195 divisorum

173 1219 414 1272 disciplina,
452 1220 579 1273 patris
620 1219 741 1259 istius
782 1218 1034 1272 discipulum
1072 1223 1198 1271 atque
1230 1217 1431 1264 amicum,
1472 1217 1544 1270 qui
1575 1217 1652 1256 Hs
1683 1218 1972 1271 quingentisst’»

174 1281 340 1322 milibus
371 1281 572 1335 depositis
601 1281 644 1321 id
667 1294 711 1321 se
740 1280 1022 1333 perfecturum
1050 1280 1335 1333 polliceretur,
1367 1283 1407 1318 et
1425 1278 1556 1319 fuisse
1576 1284 1664 1319 tum
1683 1280 1923 1328 nonnullos,

174 1345 246 1397 qui
276 1357 319 1384 se
348 1357 441 1394 una·
461 1343 643 1384 facturos
675 1356 766 1383 esse
798 1342 995 1383 dicerent.
1038 1342 1155 1390 Quae
1187 1355 1281 1382 cum
1309 1341 1366 1380 ita
1396 1346 1557 1389 essent,
1589 1355 1688 1382 sane
1718 1342 1922 1382 benevolo

173 1407 310 1446 animo
340 1419 427 1454 me,
458 1410 504 1446 ut
533 1418 682 1458 magno
714 1418 839 1458 opere
871 1417 1079 1452 caverem,
1109 1403 1420 1458 praemonebat.
1460 1404 1532 1443 IX.
1564 1402 1630 1444 94.
1663 1405 1925 1445 Sollicitabar

172 1468 297 1508 rebus
328 1468 519 1508 maximis
549 1481 634 1507 uno
666 1472 792 1521 atque
823 1480 872 1507 eo
903 1468 1131 1520 perexiguo
1167 1472 1367 1520 tempore.
1426 1466 1636 1520 Urgebant
1664 1467 1853 1515 comitia,
1885 1472 1926 1507 et

173 1529 218 1569 in
256 1530 320 1570 his
355 1530 458 1584 ipsis
495 1529 767 1583 oppugnabar
806 1529 951 1583 grandi
980 1530 1178 1582 pecunia:
1216 1529 1396 1569 instabat
1424 1529 1646 1579 iudicium3
1684 1531 1721 1570 ei
1753 1539 1974 1584 quoque2o

173 1593 341 1645 negotio
371 1591 460 1633 fisci
491 1592 728 1633 Sicilienses
758 1592 1034 1632 minabantur.
1093 1593 1248 1646 Agere,
1296 1605 1403 1646 quae
1433 1592 1486 1633 ad
1515 1592 1716 1633 iudicium
1744 1593 1927 1646 pertine-

174 1654 291 1702 bant,
330 1655 459 1696 libere
498 1655 760 1695 comitiorum
796 1660 909 1695 metu
947 1655 1204 1695 deterrebar:
1242 1655 1434 1708 petitioni
1476 1660 1563 1696 toto
1600 1656 1738 1696 animo
1770 1655 1926 1696 servire

173 1730 258 1756 non
289 1716 450 1758 licebat.
495 1717 645 1758 Minari
676 1718 858 1772 denique
889 1717 1140 1758 divisoribus
1170 1719 1275 1758 ratio
1306 1732 1390 1758 non
1421 1724 1530 1766 erat,
1561 1724 1782 1772 propterea
1813 1717 1927 1771 quod

175 1792 246 1819 eos
277 1778 510 1833 intelligere
540 1780 731 1820 videbam
761 1793 827 1820 me
856 1779 936 1820 hoc
966 1780 1122 1820 iudicio
1154 1780 1385 1820 districtum
1415 1786 1541 1835 atque
1563 1781 1793 1834 obligatum
1815 1780 1928 1820 futu-

174 1854 279 1881 rum.
337 1839 403 1881 ⁹25.
434 1843 570 1896 Atque
599 1843 679 1882 hoc
716 1843 807 1896 ipso
845 1847 1031 1895 tempore
1063 1842 1213 1882 Siculis
1245 1842 1535 1883 denuntiatum
1565 1857 1657 1884 esse
1687 1844 1813 1885 audio
1843 1844 1976 1897 pri-25

175 1917 287 1944 mum
317 1903 368 1944 ab
399 1904 636 1952 Hortensio,
667 1905 835 1945 domum
857 1905 908 1945 ad
935 1905 1053 1944 illum
1079 1908 1125 1945 ut
1144 1904 1355 1944 venirent:
1388 1905 1548 1945 Siculos
1570 1906 1613 1945 in
1635 1920 1684 1946 eo
1705 1920 1803 1947 sane
1824 1906 1927 1946 libe-

175 1979 243 2005 ros
272 1965 425 2014 fuisse,
457 1967 530 2020 qui
553 1967 822 2021 quamobrem
853 1971 1162 2007 arcesserentur
1182 1980 1276 2006 cum
1307 1967 1608 2020 intelligerent,
1639 1982 1725 2009 non
1747 1971 1926 2010 venisse.

176 2029 339 2069 Interea
369 2029 536 2069 comitia
564 2034 724 2077 nostra,
757 2043 934 2082 quorum
964 2029 1041 2069 iste
1072 2042 1137 2076 se,
1168 2034 1214 2069 ut
1243 2034 1476 2070 ceterorum
1503 2030 1584 2071 hoc
1609 2045 1717 2072 anno
1739 2032 1928 2073 comitio-

177 2104 291 2139 rum,
323 2090 537 2131 dominum
569 2105 658 2131 esse
688 2091 986 2139 arbitrabatur,
1015 2091 1159 2131 haberi
1182 2097 1330 2145 coepta
1351 2097 1459 2133 sunt.
1506 2092 1681 2135 Cursare
1701 2095 1780 2135 iste
1801 2095 1926 2136 homo

177 2158 327 2206 potens
359 2167 451 2193 cum
480 2151 565 2193 filio
594 2153 748 2194 blando
781 2159 821 2194 et
850 2153 1030 2207 gratioso
1061 2153 1218 2193 circum
1239 2154 1392 2194 trihus:
1421 2159 1618 2208 paternos
1640 2158 1816 2205 amicos,
1847 2157 1927 2197 hoc
1940 2166 1976 2195 3ο

179 2219 261 2263 est,
293 2215 495 2256 divisores
526 2215 738 2268 appellare
770 2229 912 2255 omnes
940 2220 980 2255 et
1001 2217 1236 2256 convenire.
1281 2216 1404 2264 Quod
1426 2231 1519 2257 cum
1541 2224 1652 2259 esset
1670 2219 1927 2260 intellectum

178 2283 220 2318 et
249 2277 602 2325 animadversum,
634 2278 733 2318 fecit
763 2279 900 2318 animo
931 2277 1203 2318 libentissimo
1233 2279 1416 2332 populus
1446 2281 1680 2330 Romanus,
1709 2286 1776 2330 ut,
1809 2282 1927 2322 cuius

177 2340 344 2380 divitiae
375 2354 439 2380 me
472 2340 522 2380 de
552 2338 632 2380 fide
665 2340 870 2380 deducere
899 2353 985 2380 non
1014 2342 1268 2393 potuissent,
1299 2355 1352 2382 ne
1373 2342 1562 2383 eiusdem
1582 2345 1761 2398 pecunia
1782 2344 1832 2385 de
1852 2344 1929 2385 ho-

177 2416 279 2443 nore
309 2403 518 2443 deiiceret.
567 2401 633 2442 96.
662 2404 939 2456 Posteaquam
969 2402 1041 2442 illa
1069 2404 1281 2456 petitionis
1311 2418 1460 2458 magna
1482 2419 1582 2446 cura
1600 2406 1799 2447 liberatus
1821 2420 1927 2454 sum,

178 2464 318 2505 animo
363 2465 483 2518 coepi
523 2465 653 2506 multo
697 2466 829 2518 magis
875 2478 1007 2506 vacuo
1047 2477 1095 2505 ac
1133 2466 1270 2507 soluto
1300 2467 1405 2508 nihil
1435 2468 1549 2509 aliud
1579 2469 1661 2510 nisi
1692 2469 1743 2511 de
1771 2468 1978 2510 iudicio35

265 2613 295 2645 4.
320 2621 400 2645 suae
421 2621 492 2645 om.
519 2613 577 2645 G2.
605 2629 642 2636 —
666 2613 745 2645 mihi
769 2621 800 2652 q.
820 2623 849 2645 r.
869 2614 909 2645 64
928 2614 999 2652 9ςε
1029 2614 1158 2653 quidem
1180 2624 1209 2647 r.
1234 2616 1314 2648 mihi
1337 2615 1452 2649 dtt.O.
1480 2635 1516 2640 ——
1540 2618 1571 2650 9.
1598 2627 1700 2659 neque
1721 2621 1812 2650 tanto
1835 2626 1931 2658 opere

179 2663 258 2703 quid
281 2663 320 2694 64
339 2663 451 2703 2ng.
471 2670 618 2694 omnes:
644 2671 746 2701 neque
769 2666 878 2695 tamen
902 2663 979 2702 quid
1002 2666 1092 2695 tanto
1115 2673 1167 2704 op.
1195 2665 1257 2696 dtt.
1277 2666 1314 2697 Ο.
1343 2684 1378 2689 -
1405 2668 1436 2699 6.
1461 2668 1588 2700 relictos
1609 2670 1711 2701 Arus.
1730 2669 1774 2701 M.
1799 2677 1834 2710 p.
1852 2668 1927 2700 944.

179 2714 275 2745 Serv.
301 2711 347 2744 ad
368 2713 453 2744 Aen.
480 2712 505 2743 Ι.
530 2711 583 2744 94.
612 2713 646 2744 et
670 2712 771 2744 codd.
798 2715 938 2754 praeter
961 2714 1129 2754 Iannoct.,
1155 2715 1215 2755 qui
1237 2715 1372 2755 relatos,
1411 2719 1445 2749 et
1468 2719 1556 2758 Urs,
1583 2719 1641 2758 qui
1665 2719 1787 2751 delatos
1808 2718 1928 2751 habet.

182 2781 218 2785 —
242 2770 389 2793 meorum
412 2769 482 2793 om.
508 2761 570 2793 dtt.
599 2780 635 2785 —
660 2762 691 2794 7.
718 2762 829 2795 debere
851 2765 878 2795 A
902 2765 995 2795 Parr.
1022 2763 1117 2796 Lall.:
1141 2765 1250 2806 facere
1272 2765 1383 2798 debere
1406 2768 1479 2806 ctt.‚
1505 2768 1542 2799 ut
1559 2767 1709 2808 videtur,
1735 2777 1870 2801 omnes.
1891 2786 1927 2791 -

181 2812 232 2844 40.
257 2812 326 2843 iam
348 2814 446 2843 antea
468 2812 515 2843 St.
530 2812 567 2843 L.
588 2829 624 2834 ——
650 2812 702 2844 44.
728 2813 881 2844 continuo
904 2822 973 2845 om.
1001 2813 1062 2845 dtt.
1091 2832 1127 2837 —-
1152 2815 1205 2846 49.
1230 2815 1319 2846 si--
1335 2817 1518 2849 deiecissent
1539 2819 1628 2850 Non.
1653 2827 1687 2859 p.
1707 2819 1782 2851 986.
1810 2836 1846 2841 —
1870 2818 1931 2849 Hic

180 2862 221 2893 64
239 2861 258 2893 9
273 2870 314 2899 g:
342 2861 400 2892 hoc
423 2860 485 2892 dtt.
502 2878 538 2883 -—
564 2861 616 2894 43.
641 2862 760 2903 tamen]
778 2866 903 2894 tantum
921 2863 960 2894 64
980 2872 986 2901 3
1012 2864 1142 2895 tandem
1165 2865 1253 2896 coni.
1272 2866 1409 2906 Zumpt.
1430 2884 1465 2888 —
1492 2866 1543 2899 44.
1561 2868 1702 2899 Romilia
1717 2869 1743 2900 A
1761 2869 1795 2899 et
1812 2866 1928 2899 codd.:

179 2911 214 2942 in
246 2911 286 2942 64
322 2910 488 2942 Romulea.
523 2911 567 2943 At
595 2910 638 2943 cf.
663 2912 773 2944 Varro
797 2913 832 2944 L.
860 2913 925 2944 LV.
952 2912 982 2944 9.
1009 2913 1098 2945 Fest.
1123 2922 1151 2946 s.
1177 2923 1210 2946 v.
1239 2923 1273 2955 p.
1301 2914 1374 2946 435.
1400 2915 1474 2947 994.
1500 2916 1598 2949 Lind.
1626 2916 1727 2949 Orell.
1753 2918 1860 2950 Inscr.
1888 2917 1928 2948 II.

178 2969 213 3002 p.
240 2961 292 2992 46.
323 2959 515 2992 Lauredan.
549 2960 593 2992 ad
616 2963 700 2994 orat.
729 2963 765 2994 in
787 2961 873 2994 Rull.
899 2963 938 2994 ΙΙ.
965 2971 995 2994 c.
1022 2963 1074 2994 99.
1104 2981 1135 2987 -
1165 2964 1218 2995 46.
1244 2967 1313 2995 tum
1337 2965 1427 2996 coni.
1452 2965 1612 2998 Benecke
1636 2967 1753 3006 Progr.
1779 2968 1927 2999 Posnan.

181 3010 276 3043 4833.
301 3018 335 3051 p.
354 3011 416 3041 4οε
443 3007 491 3041 tffi
512 3011 578 3049 64;
615 3011 652 3042 tvi
673 3013 743 3050 69;
779 3016 887 3043 tamen·
910 3013 970 3045 ctt.
997 3012 1034 3044 Ο.
1061 3030 1098 3036 -
1125 3013 1176 3045 47.
1203 3013 1347 3046 benivolo
1371 3015 1412 3046 64
1432 3012 1463 3046 λ.
1492 3033 1528 3038 —-
1563 3016 1616 3048 90.
1646 3017 1680 3047 in
1704 3024 1772 3048 om.
1800 3016 1862 3048 dtt.
1891 3033 1928 3038 -

179 3060 238 3102 his]
262 3060 302 3091 iis
325 3060 414 3092 coni.
439 3058 551 3092 Halm.
579 3076 614 3083 —
641 3062 693 3093 94.
720 3063 806 3102 quod
829 3062 873 3093 ad
895 3063 934 3094 A.
956 3080 991 3084 —
1011 3063 1196 3102 pertinebat
1216 3064 1256 3095 A.
1276 3081 1313 3087 —
1339 3063 1392 3095 93.
1418 3073 1483 3096 non
1506 3065 1621 3097 licebat
1638 3064 1772 3105 63ςλῑ
1794 3069 1932 3106 propter

179 3110 337 3142 iudicium
358 3119 424 3141 non
445 3109 561 3142 lic-ebat
583 3110 645 3143 dtt.
659 3112 697 3144 O.
718 3129 753 3134 —
778 3112 831 3145 94.
857 3112 1043 3144 destrictum
1065 3113 1105 3144 64
1123 3113 1142 3145 9
1156 3113 1246 3154 Lg29
1259 3114 1297 3145 A.
1323 3114 1366 3144 At
1381 3113 1557 3154 vulgatam
1577 3117 1693 3147 tuetur
1713 3116 1930 3148 consuetudo

180 3159 344 3192 Tulliana.
371 3159 413 3192 cf.
440 3159 483 3192 de
507 3160 599 3192 Orat.
624 3161 678 3193 ΠΙ.
706 3161 737 3203 g.
756 3162 787 3194 7.
815 3161 888 3193 434.
915 3161 959 3193 ad
983 3162 1021 3200 Q.
1047 3162 1101 3194 Fr.
1125 3163 1165 3195 ΙΙ.
1193 3162 1244 3200 46,
1264 3163 1294 3195 4.
1320 3161 1455 3195 Ellendt
1471 3164 1515 3196 ad
1532 3164 1575 3196 de
1592 3166 1682 3197 orat.
1701 3166 1738 3198 T.
1756 3167 1782 3198 Ι.
1799 3175 1834 3208 p.
1853 3167 1928 3199 935.

180 3209 330 3241 Beneck.
355 3208 399 3241 ad
421 3217 455 3250 p.
481 3208 548 3251 leg.
574 3211 663 3242 Man.
690 3211 720 3252 S.
748 3212 778 3243 9.
804 3211 847 3243 ad
876 3212 945 3252 Lig.
973 3211 1003 3252 S.
1030 3211 1060 3243 9.
1088 3229 1125 3235 —-
1156 3212 1208 3244 96.
1234 3212 1282 3242 uti
1306 3213 1364 3244 69.
1392 3230 1430 3235 -
1455 3214 1490 3245 in
1511 3223 1547 3246 eo
1569 3223 1647 3246 sane
1670 3216 1711 3247 64
1730 3215 1853 3256 2Lg29
1866 3217 1927 3248 st.:

181 3267 260 3291 sane
280 3259 315 3290 in
338 3267 374 3291 eo
397 3258 459 3292 dtt.
478 3260 516 3291 Ο.
536 3276 573 3283 -
598 3260 651 3292 97.
675 3262 835 3293 venissent
857 3261 900 3292 de
925 3261 1013 3292 coni.
1030 3262 1168 3293 Asconii
1192 3263 1228 3293 L.
1253 3262 1296 3293 At
1319 3261 1361 3294 cf.
1379 3262 1492 3294 Madv.
1511 3264 1572 3305 Ep.
1591 3273 1625 3306 p.
1644 3264 1717 3297 407.
1739 3282 1775 3287 -
1801 3264 1853 3298 34.
1879 3265 1931 3297 de-

181 3308 292 3340 iiceret
313 3309 379 3349 64,
404 3308 506 3350 prob.
531 3309 693 3342 Fritzsch.
719 3309 741 3342 l.
766 3309 810 3342 l.:
836 3311 990 3342 deiicerer
1014 3311 1195 3353 G25L329
1207 3310 1248 3344 49
1272 3309 1336 3350 al.;
1362 3312 1498 3346 deiicere
1516 3313 1588 3352 Ld;
1607 3315 1931 3355 pecuniae--deii-

182 3361 290 3391 cerem
310 3358 430 3391 Franc.
455 3357 498 3392 al.
523 3359 565 3401 O,
584 3360 734 3401 pecuniis
754 3361 910 3394 deiicerer
932 3359 1012 3393 edd.
1035 3362 1118 3393 vett.
