2143 3713
471 229 558 269 Lm.
589 229 657 269 IV.
690 227 785 268 Cir.
814 227 1221 267 XXXI—XXXIV.
1260 225 1334 279 §§.
1364 225 1558 268 69—74.
1789 224 1862 266 351

123 339 256 379 solum
296 339 553 388 hominibus,
593 353 732 380 verum
773 339 897 379 etiam
935 339 998 379 dis
1038 338 1334 379 immortalibus
1374 338 1530 379 bellum
1570 340 1765 381 indictum
1796 354 1872 394 pu-

123 405 288 441 taretur.

236 465 430 505 XXXIII.
465 465 635 517 Segesta
667 468 729 503 est
759 464 954 516 oppidum
986 468 1178 516 pervetus
1210 463 1251 501 in
1284 462 1443 510 Sicilia,
1475 463 1655 512 iudices,
1687 467 1797 518 quod
1823 467 1872 507 ab

123 525 261 565 Aenea
292 526 477 579 fugiente
517 539 540 565 a
571 526 693 565 Troia
734 531 859 578 atque
892 526 933 564 in
964 526 1065 565 haec
1097 525 1187 564 loca
1217 524 1410 564 veniente
1442 525 1650 566 conditum
1681 541 1771 567 esse
1802 529 1874 569 de-

123 594 363 628 monstrant.
409 589 553 641 Itaque
577 588 789 640 Segestani
821 602 902 627 non
934 588 1066 627 solum
1095 591 1297 639 perpetua
1318 587 1514 626 societate
1537 593 1660 641 atque
1682 591 1904 638 amicitia,5

123 662 262 688 verum
303 651 424 689 etiam
460 649 708 701 cognatione
745 663 788 688 se
831 664 920 689 cum
959 648 1114 703 populo
1153 649 1338 688 Romano
1375 650 1616 689 coniunctos
1648 663 1738 691 esse
1768 653 1874 693 arbi-

122 716 293 750 trantur.
351 712 440 751 Hoc
481 710 690 764 quondam
730 712 946 764 oppidum,
988 726 1079 752 cum
1117 710 1188 749 illa
1219 711 1362 750 civitas
1393 724 1486 750 cum
1517 713 1665 752 Poenis
1696 727 1771 754 suo
1801 729 1875 754 no-

123 773 232 813 mine
264 786 310 813 ac
339 786 414 813 sua
444 778 590 825 sponte
621 773 816 820 bellaret,
849 788 870 813 a
902 772 1316 825 Karthaginiensibus
1346 772 1385 812 vi
1416 779 1579 826 captum
1610 781 1733 829 atque
1764 777 1876 818 dele-

123 840 208 874 tum
240 841 303 875 est
332 835 575 888 omniaque,
608 848 715 887 quae
746 841 988 876 ornamento
1009 835 1100 875 urbi
1123 848 1213 874 esse
1244 840 1433 887 possent,
1465 836 1759 890 Karthaginem
1781 845 1877 879 sunt

124 911 176 936 ex
206 897 276 937 illo
307 897 398 936 loco
430 897 660 949 deportata.
702 898 795 936 Fuit
825 898 932 951 apud
965 898 1214 950 Segestanos
1247 911 1298 936 ex
1319 910 1414 937 aere
1434 898 1591 938 Dianae
1613 901 1926 941 simulacrumto

123 972 214 998 cum
246 972 407 998 summa
436 963 562 1011 atque
593 960 878 1012 antiquissima
908 960 1137 1014 praeditum
1167 959 1390 1012 religione,
1423 965 1507 1000 tum
1530 961 1728 1014 singulari
1751 977 1876 1016 opere

122 1018 378 1074 artificioque
417 1020 660 1074 perfectum.
721 1022 809 1060 Hoc
846 1022 1086 1062 translatum
1117 1021 1415 1074 Karthaginem
1447 1022 1586 1062 locum
1617 1029 1774 1065 tantum
1803 1026 1878 1066 ho-

122 1083 336 1135 minesque
367 1088 564 1129 mutarat,
604 1082 846 1135 religionem
879 1084 1050 1137 quidem
1082 1084 1297 1136 pristinam
1331 1085 1618 1125 conservabat:
1658 1099 1752 1126 nam
1783 1101 1877 1139 pro-

119 1149 213 1196 pter
252 1144 444 1183 eximiam
487 1143 838 1197 pulchritudinem
878 1146 1001 1185 etiam
1039 1145 1226 1185 hostibus
1268 1145 1413 1198 digna,
1461 1161 1583 1201 quam
1614 1149 1875 1189 sanctissime

121 1206 316 1253 colerent,
346 1206 572 1246 videbatur.
622 1205 687 1245 73.
718 1207 891 1261 Aliquot
911 1207 1087 1247 saeculis
1114 1212 1208 1260 post
1226 1209 1268 1247 P.
1293 1208 1430 1261 Scipio
1451 1209 1561 1249 bello
1582 1210 1735 1250 Punico
1756 1213 1925 1253 tertioffi

121 1267 416 1320 Karthaginem
454 1269 585 1321 cepit:
623 1282 704 1322 qua
740 1269 783 1308 in
814 1270 982 1309 victoria
1019 1269 1168 1321 (videte
1198 1270 1378 1309 hominis
1407 1272 1601 1311 virtutem
1633 1278 1673 1312 et
1703 1273 1901 1327 diligen-.

120 1330 239 1377 tiam,
279 1336 323 1369 ut
362 1335 402 1370 et
430 1330 666 1370 domesticis
704 1332 1057 1383 praeclarissimae
1086 1332 1246 1371 virtutis
1279 1333 1483 1385 exemplis
1514 1334 1727 1386 gaudeatis
1758 1343 1799 1376 et
1829 1351 1878 1378 eo

120 1392 274 1431 maiore
314 1391 408 1432 odio
448 1391 613 1445 dignam
655 1394 775 1433 istius
815 1393 1103 1433 incredibilem
1144 1393 1358 1434 audaciam
1399 1395 1601 1447 iudicetis)
1643 1400 1879 1440 convocatis

120 1453 267 1493 Siculis
297 1454 511 1501 omnibus,
543 1455 657 1508 quod
689 1455 917 1495 diutissime
949 1455 1275 1509 saepissimeque
1308 1457 1491 1497 Siciliam
1512 1465 1700 1499 vexatam
1732 1474 1755 1500 a
1776 1461 1880 1501 Kar-

118 1515 444 1568 thaginiensibus
466 1529 557 1556 esse
579 1522 799 1569 cognorat,
832 1518 945 1556 iubet
965 1518 1102 1557 omnia
1123 1519 1333 1572 conquiri:
1364 1520 1587 1572 pollicetur
1607 1522 1685 1562 sibi
1707 1537 1878 1577 magnae
1893 1536 1930 1566 20

119 1589 242 1616 curae
271 1577 381 1624 fore,
422 1583 466 1618 ut
497 1579 635 1618 omnia
666 1580 919 1627 civitatibus,
951 1593 1058 1633 quae
1089 1581 1290 1634 cuiusque
1320 1581 1518 1631 fuissent,
1549 1585 1879 1628 restituerentur.

119 1639 223 1678 Tum
254 1639 344 1687 illa,
392 1653 499 1693 quae
532 1641 745 1694 quondam
778 1648 895 1682 erant
936 1642 1102 1682 Himera
1133 1643 1316 1691 sublata,
1359 1644 1410 1684 de
1442 1646 1592 1699 quibus
1625 1653 1746 1688 antea
1777 1649 1879 1698 dixi,

119 1700 393 1741 Thermitanis
425 1707 520 1742 sunt
549 1703 730 1744 reddita:
760 1709 847 1743 tum
878 1705 959 1744 alia
988 1705 1259 1753 Gelensibus,
1291 1707 1371 1746 alia
1390 1708 1693 1761 Agrigentinis,
1725 1712 1766 1751 in
1790 1712 1881 1766 qui-

118 1763 196 1803 bus
227 1763 352 1803 etiam
381 1764 452 1804 ille
483 1764 636 1804 nobilis
667 1770 831 1813 taurus,
872 1781 995 1820 quem
1036 1767 1350 1808 crudelissimus
1392 1770 1577 1810 omnium
1608 1777 1879 1824 tyrannorum

120 1824 305 1866 Phalaris
345 1825 540 1866 habuisse
585 1827 756 1875 dicitur,
797 1843 880 1882 quo
910 1830 1027 1869 vivos
1059 1830 1251 1883 supplicii
1284 1844 1407 1871 causa
1438 1832 1656 1873 demittere
1687 1835 1879 1878 homines
1896 1850 1933 1878 25

121 1893 159 1927 et
190 1888 392 1928 subiicere
422 1886 627 1928 flammam
659 1890 830 1930 solebat.
891 1891 1024 1939 Quem
1056 1897 1219 1931 taurum
1249 1906 1341 1931 cum
1374 1894 1510 1946 Scipio
1541 1895 1736 1937 redderet
1764 1899 1883 1952 Agri-

121 1950 322 2002 gentinis,
354 1950 508 1990 dixisse
542 1951 687 1991 dicitur
716 1965 895 2006 aequum
927 1967 1018 1993 esse
1044 1954 1138 1993 illos
1161 1955 1361 2006 cogitare,
1392 1961 1529 1996 utrum
1551 1963 1661 1998 esset
1679 1960 1882 2014 Agrigen-

121 2013 217 2052 tinis
249 2012 405 2059 utilius,
438 2013 579 2053 suisne
612 2016 764 2054 servire
796 2028 903 2054 anne
934 2016 1089 2068 populo
1121 2016 1304 2056 Romano
1327 2017 1626 2071 obtemperare,
1657 2023 1882 2064 cumidem

121 2079 433 2114 monumentum
456 2080 496 2114 et
517 2075 773 2116 domesticae
797 2077 1051 2116 crudelitatis
1069 2083 1108 2117 et
1128 2083 1295 2118 nostrae
1317 2082 1647 2123 mansuetudinis
1667 2084 1883 2127 haberent.

121 2137 314 2176 XXXIV.
346 2135 412 2175 74.
444 2137 520 2177 Illo
553 2143 737 2190 tempore
771 2140 1010 2192 Segestanis
1041 2139 1221 2179 maxima
1252 2154 1344 2180 cum
1376 2155 1475 2181 cura
1504 2142 1607 2183 haec
1628 2146 1719 2199 ipsa
1737 2149 1880 2197 Diana,
1895 2162 1931 2192 30

121 2200 171 2238 de
203 2212 286 2252 qua
315 2198 512 2246 dicimus,
544 2200 756 2240 redditur:
787 2208 1023 2254 reportatur
1044 2203 1278 2255 Segestam:
1310 2204 1352 2243 in
1383 2206 1466 2244 suis
1497 2207 1682 2260 antiquis
1714 2210 1881 2251 sedibus

121 2274 280 2300 summa
317 2274 409 2301 cum
449 2263 721 2314 gratulatione
761 2264 912 2303 civium
945 2271 984 2304 et
1013 2265 1169 2304 laetitia
1199 2265 1426 2317 reponitur.
1486 2267 1599 2308 Haec
1630 2276 1716 2310 erat
1745 2274 1883 2325 posita

122 2324 317 2376 Segestae
348 2337 447 2364 sane
481 2325 647 2364 excelsa
675 2326 716 2365 in
745 2326 858 2373 basi,
888 2326 930 2365 in
963 2340 1045 2380 qua
1075 2325 1298 2379 grandibus
1328 2327 1477 2369 litteris
1508 2330 1551 2369 P.
1576 2332 1777 2375 Apmcffl
1806 2350 1881 2376 no-

121 2398 216 2425 men
257 2391 344 2425 erat
378 2386 556 2426 incisum
595 2401 775 2441 eumque
815 2389 1093 2428 KARTnAole
1134 2401 1262 2428 CAPTA
1303 2403 1562 2432 RESTITVISSE
1594 2395 1881 2450 perscriptum.

123 2447 344 2488 Colebatur
374 2462 397 2488 a
428 2449 609 2489 civibus:
642 2451 692 2490 ab
725 2451 914 2490 omnibus
940 2451 1110 2491 advenis
1131 2450 1364 2491 visebatur:
1396 2466 1490 2493 cum
1512 2462 1711 2508 quaestor
1734 2472 1933 2507 essem‚35

121 2510 224 2550 nihil
263 2511 364 2550 mihi
405 2511 455 2550 ab
497 2512 577 2551 illis
608 2518 670 2552 est
701 2513 1027 2553 demonstratum
1057 2512 1186 2566 prius.
1245 2513 1344 2554 Erat
1374 2514 1598 2557 admodum
1628 2520 1813 2573 amplum
1844 2528 1884 2562 et

123 2572 335 2614 excelsum
372 2573 535 2627 signum
574 2587 667 2614 cum
709 2575 834 2622 stola3
873 2588 1016 2615 verum
1062 2580 1198 2614 tamen
1244 2575 1379 2617 inerat
1414 2578 1457 2617 in
1497 2579 1569 2618 illa
1598 2583 1882 2634 magnitudine

122 2640 235 2675 aetas
276 2641 401 2690 atque
438 2636 603 2676 habitus
643 2637 880 2690 virginalis:
921 2637 1092 2690 sagittae
1132 2637 1373 2690 pendebant
1402 2639 1453 2680 ab
1483 2640 1679 2683 humero:
1718 2645 1883 2686 sinistra

211 2795 241 2826 4.
267 2795 328 2826 diis
350 2795 482 2828 inmort.
508 2797 545 2828 R.
576 2815 610 2820 —-
642 2797 674 2830 4.
703 2797 811 2839 Troia]
847 2797 945 2829 troila
968 2798 1005 2829 R.
1041 2815 1076 2819 —
1111 2797 1141 2829 8.
1167 2797 1283 2829 Karlh.
1309 2798 1359 2831 sic
1382 2799 1418 2831 h.
1446 2798 1467 2831 l.
1492 2801 1536 2839 R,
1567 2811 1633 2835 nec
1657 2806 1774 2837 tamen
1799 2815 1885 2838 con-

123 2845 266 2876 stanter.
289 2862 325 2866 —
352 2844 382 2875 9.
408 2845 493 2887 urbi]
518 2846 562 2877 ibi
585 2848 688 2888 Lagg.
710 2866 745 2871 —
773 2849 825 2880 1¹0.
851 2848 958 2879 simul.
977 2848 1109 2879 Dianae
1132 2847 1216 2879 dett.
1235 2848 1271 2879 O.
1293 2867 1328 2871 —
1356 2849 1408 2881 ll.
1426 2858 1501 2881 cum
1523 2859 1651 2884 summa
1668 2852 1726 2885 R).
1742 2855 1766 2886 E
1780 2855 1882 2895 Lg29:

123 2897 191 2925 tum
213 2902 342 2925 summa
366 2895 407 2925 Gl
430 2895 467 2926 O.
501 2896 538 2927 In
563 2897 610 2928 (32
635 2900 669 2929 et
694 2898 727 2930 h.
752 2897 773 2929 l.
801 2900 835 2929 et
858 2898 943 2929 infra
966 2906 1040 2928 cum
1063 2905 1126 2938 pro
1151 2900 1219 2928 tum
1235 2898 1342 2930 scribi
1360 2899 1509 2932 videtur.
1535 2903 1621 2934 Nam
1639 2905 1671 2935 in
1689 2905 1729 2936 Gt
1752 2905 1770 2936 2
1790 2914 1807 2936 c
1823 2907 1885 2937 ett

123 2944 157 2975 in
182 2944 249 2975 hoc
271 2943 445 2976 vocabulo
469 2954 575 2987 saepe
598 2947 654 2978 vix
680 2948 830 2979 discerni
863 2949 1019 2988 possunt.
1054 2964 1089 2969 —
1126 2947 1176 2978 213.
1203 2948 1417 2980 conservabat
1441 2950 1465 2981 R
1483 2951 1507 2982 E
1531 2952 1652 2992 Lagg.:
1689 2954 1842 2985 servabat
1863 2953 1884 2986 λ

125 2993 184 3025 G3.
212 3011 247 3016 —
276 2995 328 3026 45.
355 2994 491 3033 aliquod
514 2995 551 3026 R.
579 3013 615 3018 —
644 2997 694 3029 46.
721 2998 947 3038 carthaginem
970 2996 1007 3027 R.
1036 3013 1072 3018 —-
1098 2997 1150 3028 Π.
1172 2997 1439 3036 praeclarissime
1453 3000 1491 3031 R.
1513 3017 1548 3021 —
1575 3002 1627 3034 48.
1654 3004 1828 3035 audaciam
1844 3005 1884 3036 R.

127 3061 162 3066 —-
187 3043 242 3076 20.
266 3052 331 3076 esse
362 3047 521 3085 cognorat
544 3044 607 3083 R3,
643 3047 685 3085 E,
721 3047 831 3087 Lg29:
868 3047 1005 3076 noverat
1035 3044 1119 3077 dett.
1161 3046 1211 3078 De
1237 3046 1304 3078 hoc
1326 3047 1476 3080 Africani
1500 3048 1590 3081 sacto
1615 3052 1764 3084 conferri
1787 3052 1886 3086 iubet

125 3094 239 3125 Garat.
264 3094 304 3125 11.
330 3093 403 3125 Val.
431 3094 518 3125 Maii.
537 3094 576 3125 V.
603 3095 634 3134 l,
653 3096 684 3127 6.
705 3114 742 3119 —
768 3096 826 3127 sibi
845 3095 1019 3135 pollicetur
1039 3095 1140 3136 Lagg.
1162 3113 1198 3117 —
1224 3097 1276 3128 22.
1303 3101 1399 3129 erant
1422 3097 1560 3131 R32E:
1585 3100 1718 3140 fuerant
1741 3100 1824 3134 dett.
1844 3103 1883 3134 O.

127 3158 160 3163 —
189 3146 289 3174 antea
312 3143 394 3181 RE,
421 3143 545 3184 Lagg.:
572 3148 648 3176 ante
671 3145 729 3177 G3.
758 3163 793 3167 —
820 3146 872 3177 25.
893 3144 1066 3184 phalaeris
1086 3146 1124 3177 R.
1153 3164 1188 3168 —
1215 3147 1377 3178 dimittere
1399 3148 1502 3189 Lagg.
1531 3167 1567 3172 —
1601 3150 1653 3182 26.
1679 3149 1788 3190 Scipio
1810 3159 1886 3183 cum

127 3190 211 3223 dett.
237 3192 275 3224 Ο.
305 3211 340 3215 -
366 3193 418 3224 27.
446 3202 560 3225 aecum
584 3194 609 3226 R
632 3203 685 3235 pr.
711 3204 758 3227 m.
790 3211 824 3218 -
855 3194 1077 3235 Aqriqentinis
1098 3194 1145 3226 R3
1162 3193 1182 3226 λ
1199 3196 1243 3227 Ε;
1281 3195 1400 3227 Siculis
1422 3197 1507 3229 dett.
1534 3199 1571 3230 O.
1600 3216 1636 3221 ——
1669 3199 1722 3230 28.
1749 3208 1836 3232 anne
1858 3201 1884 3232 R

126 3238 147 3270 λ
164 3240 188 3271 Ε
205 3241 252 3272 Ga
276 3242 357 3274 Ld.:
390 3252 436 3274 an
460 3245 501 3275 Gt
532 3243 616 3277 dett.
643 3245 680 3276 Ο.
713 3263 748 3268 -—
779 3245 832 3277 29.
860 3244 1139 3276 mansuaetudinis
1161 3246 1199 3278 R.
1236 3263 1272 3267 —
1305 3246 1358 3277 3⁴.
1383 3250 1414 3278 et
1436 3248 1470 3279 in
1493 3249 1560 3280 suis
1583 3247 1662 3279 cod.
1689 3246 1784 3287 L'rs.;
1813 3249 1883 3281 LN.

126 3288 192 3320 suls
215 3289 285 3330 (sic)
303 3291 340 3322 R.
367 3292 410 3324 cf.
437 3291 481 3323 ad
504 3291 535 3332 5.
551 3292 604 3324 81.
625 3310 661 3315 ——
687 3293 740 3325 32.
765 3294 910 3333 reposita
932 3294 1035 3333 Lagg.
1054 3293 1138 3326 dett.
1159 3312 1195 3317 —-
1221 3295 1274 3327 33.
1299 3296 1384 3328 celsa
1400 3298 1461 3330 Gt.
1479 3315 1516 3321 -
1541 3297 1594 3330 34.
1616 3297 1830 3340 charthagine
1844 3300 1883 3331 R.

130 3355 165 3360 —
192 3337 245 3370 36.
261 3339 367 3382 prius]
393 3341 563 3381 antiquius
585 3341 662 3374 cod.
690 3343 764 3375 Urs.
793 3360 829 3365 -—
855 3342 907 3375 38.
933 3351 1046 3375 umero
1069 3344 1107 3375 R.
