2127 3708
864 217 937 272 §§-
967 215 1013 259 24
1035 240 1090 249 -
1104 216 1171 258 29.
1841 220 1895 262 95

147 330 172 371 2
178 329 215 372 3
280 331 303 352 -;÷÷
406 330 429 353 ἥε
535 329 558 352 ἑξ
665 326 689 348 ³
795 330 819 349 ὲν.-
922 336 945 352 πς-
1034 331 1057 352 ›tet-
1175 330 1198 351 ³:-
1314 330 1337 351 ἥρ
1592 333 1612 353 -4ς
1731 334 1755 354 4
1870 333 1895 354 ³*

147 394 214 435 24.
246 395 474 435 turbarunt.
523 392 697 441 Audite,
729 406 909 447 quaeso,
940 394 982 433 in
1015 407 1084 433 eas
1104 406 1191 440 res,
1224 406 1327 446 quas
1348 406 1649 442 commem0r0,
1680 396 1896 437 hominum

148 458 420 498 honestorum
442 456 739 496 testimonium.
782 456 906 503 llaec,
941 469 1048 509 quae
1079 456 1159 495 mei
1191 460 1316 495 testes
1337 455 1502 503 dicunt,
1533 457 1685 498 fatetur
1705 459 1897 499 adversa-

149 521 235 561 rius
273 534 345 560 eos
383 531 478 559 vere
521 518 680 565 dicere3
721 532 827 571 quae
870 518 949 557 mei
982 523 1108 558 testes
1139 531 1222 556 non
1254 518 1414 565 dicunt,
1460 519 1560 571 quia
1590 534 1673 559 non
1702 521 1898 561 viderunt

152 597 227 623 nec
257 582 413 628 sciunt,
455 592 504 619 ea
534 579 634 619 dicit
665 580 753 633 ipse
783 580 1059 619 adversarius.
1117 580 1256 619 Nostri
1296 584 1421 619 testes
1458 580 1603 620 dicunt
1633 583 1792 622 occisos
1822 584 1897 623 ho-
1927 593 1947 623 5

151 646 303 692 mines3
335 654 521 683 cruorem
553 641 596 680 in
627 642 729 681 locis
760 643 970 695 pluribus,
1002 642 1209 682 deiectum
1231 640 1467 682 aedificium
1496 657 1539 683 se
1561 643 1714 684 vidisse
1734 646 1896 694 dicunt3

152 706 254 747 nihil
290 704 479 757 amplius.
524 703 635 751 Quid
664 704 846 743 Fabius?
878 706 1037 743 llorum
1068 705 1170 744 nihil
1203 710 1338 757 negat.
1400 705 1512 753 Quid
1544 719 1641 758 ergo
1672 707 1787 746 addit
1815 722 1900 747 am-

151 770 290 823 plius?
331 768 454 807 Suam
491 765 691 805 familiam
724 766 873 806 fecisse
905 767 1016 806 dicit.
1075 764 1141 805 G25.
1175 770 1269 816 Quo
1296 768 1454 808 modo?
1484 768 1534 807 Vi
1566 769 1807 810 hominibus
1838 785 1902 810 ar-

150 830 282 870 matis.
329 829 423 877 Quo
454 829 628 868 animo?
673 829 724 868 Ut
754 829 795 868 id
831 828 964 877 lieret,
1006 829 1119 883 quod
1150 830 1304 870 factum
1343 835 1417 870 est.
1479 830 1591 878 Quid
1622 837 1686 870 est
1719 831 1792 871 id?
1852 833 1903 872 Ut

149 892 340 932 homines
370 891 426 930 M.
458 890 583 929 Tullii
625 890 927 930 occiderentur.
996 891 1119 939 Quod
1159 906 1256 945 ergo
1299 906 1348 932 eo
1388 892 1526 932 animo
1557 892 1712 933 factum
1743 898 1825 942 est,
1858 900 1952 934 utio

149 954 339 995 homines
369 966 498 992 unum
530 953 572 991 in
603 953 741 992 locum
772 954 1066 1001 convenirent,
1099 959 1143 994 ut
1172 968 1285 994 arma
1320 961 1537 1007 caperent,
1576 961 1623 995 ut
1662 961 1775 996 certo
1806 970 1905 997 con-

151 1016 244 1058 silio
276 1021 433 1056 certum
464 1015 507 1054 in
538 1015 676 1054 locum
706 1014 1087 1068 proficiscerentur,
1120 1022 1166 1057 ut
1196 1018 1392 1057 idoneum
1420 1022 1584 1070 tempus
1607 1018 1828 1071 eligerent,
1859 1025 1906 1059 ut

151 1078 318 1119 caedem
348 1077 553 1124 facerent,
593 1077 635 1116 id
667 1077 700 1116 si
732 1077 954 1118 voluerunt
991 1085 1032 1119 et
1063 1079 1298 1132 cogitarunt
1328 1085 1369 1119 et
1397 1079 1684 1132 perfecerunt,
1728 1082 1904 1134 potestis

151 1154 241 1181 eam
270 1140 542 1186 voluntatem,
573 1138 614 1178 id
637 1139 872 1187 consilium,
903 1141 945 1180 id
969 1141 1122 1181 factum
1153 1155 1176 1182 a
1198 1142 1295 1182 dolo
1320 1143 1428 1182 malo
1461 1142 1708 1195 seiungere?
1765 1142 1831 1183 26.
1853 1145 1906 1184 At

150 1204 257 1244 istuc
286 1207 420 1242 totum
449 1215 558 1242 nono
589 1215 702 1242 MALo
733 1201 902 1242 additur
930 1204 973 1243 in
994 1204 1074 1243 hoc
1103 1204 1260 1244 iudicio
1284 1205 1374 1244 eius
1401 1218 1546 1252 causa,
1578 1205 1650 1258 qui
1682 1206 1787 1259 agit,
1818 1216 1954 1246 noni5

150 1266 284 1314 illius,
314 1265 483 1319 quicum
514 1264 661 1318 agitur.
727 1265 773 1304 Id
804 1270 849 1304 ut
880 1265 1135 1318 intelligatis,
1166 1267 1487 1320 reciperatores,
1520 1280 1699 1320 quaeso,
1730 1273 1777 1308 ut
1812 1269 1905 1308 dili-

151 1333 296 1382 genter
333 1327 577 1367 attendatis:
613 1326 823 1380 profecto,
861 1327 963 1381 quin
993 1328 1050 1367 ita
1080 1328 1150 1375 sit,
1182 1343 1266 1369 non
1297 1329 1552 1369 dubitabitis.

261 1389 327 1430 27.
371 1390 413 1429 Si
453 1390 511 1429 ita
546 1389 747 1429 iudicium
780 1391 969 1437 daretur,
1014 1395 1060 1429 ut
1090 1390 1131 1430 id
1163 1391 1506 1440 concluderetur,
1551 1393 1664 1445 quod
1694 1406 1718 1433 a
1747 1392 1906 1433 familia

150 1453 303 1493 factum
334 1457 470 1499 esset,
502 1452 535 1492 si
569 1465 676 1505 quae
705 1451 863 1491 familia
894 1453 985 1505 ipsa
1016 1452 1059 1492 in
1091 1454 1217 1494 caede
1248 1455 1450 1495 interesse
1481 1455 1686 1495 noluisset
1708 1461 1747 1496 et
1771 1456 1908 1496 homi·-

150 1530 224 1557 nes
254 1520 326 1555 aut
355 1528 496 1555 servos
527 1520 599 1554 aut
628 1514 781 1554 liberos
805 1515 1011 1567 coegisset
1031 1522 1102 1556 aut
1124 1517 1416 1565 conduxisset,
1447 1522 1581 1557 totum
1601 1517 1681 1558 hoc
1703 1517 1906 1558 iudicium
1919 1526 1956 1558 20

152 1585 193 1620 et
222 1578 424 1633 praetoris
456 1576 654 1617 severitas
696 1577 1007 1617 dissolveretur.
1067 1580 1198 1620 Nemo
1238 1581 1349 1620 enim
1389 1585 1529 1633 potest
1566 1581 1669 1621 haec
1706 1581 1906 1629 iudicare,

153 1656 235 1696 qua
264 1642 307 1681 in
338 1655 381 1681 re
412 1640 570 1680 familia
600 1653 685 1679 non
716 1639 998 1689 interfuisset,
1028 1641 1071 1681 in
1104 1656 1152 1682 ea
1181 1657 1225 1683 re
1257 1657 1347 1683 eam
1377 1644 1511 1697 ipsam
1540 1643 1742 1684 familiam
1773 1644 1813 1683 vi
1843 1657 1908 1684 ar-

152 1704 272 1744 matis
302 1703 543 1743 hominibus
574 1702 769 1741 damnum
802 1702 981 1742 dedisse.
1039 1704 1174 1756 Ergo',
1206 1705 1248 1744 id
1279 1706 1378 1759 quia
1408 1711 1572 1758 poterat
1600 1704 1689 1746 fieri
1717 1711 1757 1746 et
1785 1706 1907 1746 facile

153 1771 335 1820 poterat,
367 1765 522 1805 idcirco
554 1778 638 1804 non
670 1764 770 1803 satis
799 1765 988 1805 habitum
1020 1772 1083 1806 est
1115 1768 1281 1820 quaeri,
1313 1768 1415 1821 quid
1435 1768 1594 1808 familia
1615 1769 1707 1821 ipsa
1727 1768 1907 1816 fecisset,

154 1842 296 1869 verum
328 1829 453 1868 etiam
481 1827 607 1874 illud,
640 1827 741 1880 quid
771 1827 954 1867 familiae
986 1828 1083 1868 dolo
1116 1830 1224 1869 malo
1256 1830 1410 1870 factum
1432 1836 1553 1871 esset.
1601 1829 1667 1871 28.
1688 1833 1791 1871 Nam
1814 1846 1907 1872 cum
1921 1838 1958 1869 25

154 1890 253 1930 facit
282 1890 373 1942 ipsa
402 1889 560 1929 familia
591 1889 675 1928 vim
716 1890 884 1929 armatis
916 1891 1123 1931 coactisve
1153 1892 1393 1931 hominibus
1424 1897 1465 1931 et
1497 1893 1694 1932 damnum
1725 1894 1906 1947 cuipiam

157 1952 252 1999 dat,
283 1951 324 1991 id
356 1951 452 1990 dolo
485 1950 594 1989 malo
625 1948 713 1989 fieri
745 1964 916 1990 necesse
952 1958 1026 1992 est.
1088 1953 1190 1992 Cum
1229 1959 1367 1994 autem
1406 1955 1611 1995 rationem
1648 1956 1746 2004 init,
1784 1962 1830 1996 ut
1860 1969 1908 1996 ea

155 2013 247 2061 liat,
277 2013 435 2053 familia
464 2012 555 2065 ipsa
585 2025 670 2052 non
699 2012 817 2059 facit,
849 2011 893 2053 fit
922 2019 1059 2054 autem
1089 2015 1187 2055 dolo
1218 2015 1327 2055 malo
1360 2016 1463 2056 eius.
1508 2017 1617 2070 Ergo
1645 2017 1787 2058 addito
1810 2017 1907 2058 dolo

155 2076 263 2115 malo
306 2075 458 2115 actoris
502 2080 543 2114 et
585 2075 777 2127 petitoris
823 2073 867 2114 fit
906 2089 1030 2116 causa
1070 2078 1294 2130 copiosior.
1354 2079 1498 2119 Utrum
1536 2080 1647 2120 enim
1688 2081 1907 2120 ostendere

155 2143 311 2190 potest,
342 2138 429 2177 sive
461 2150 550 2176 eam
582 2138 714 2189 ipsam
743 2137 943 2177 familiam
974 2139 1050 2179 sibi
1084 2141 1280 2180 damnum
1315 2141 1503 2190 dedisse,
1540 2142 1627 2182 sive
1658 2142 1836 2182 consilio
1868 2145 1958 2182 etao

155 2214 282 2254 opera
312 2200 402 2240 eius
432 2199 615 2238 familiae
646 2199 801 2238 factum
832 2213 943 2248 esse,
974 2201 1115 2241 vincat
1144 2216 1315 2243 necesse
1347 2208 1422 2243 est.

264 2260 330 2303 29.
361 2261 521 2302 Videtis
552 2266 764 2314 praetores
794 2275 868 2316 per
895 2263 973 2303 hos
1011 2277 1144 2305 annos
1172 2265 1430 2307 intercedere
1460 2267 1541 2307 hoc
1571 2267 1778 2307 interdicto
1808 2267 1912 2307 velut

153 2326 256 2365 inter
284 2338 349 2365 me
380 2330 421 2365 et
449 2326 503 2365 M.
528 2324 772 2364 Claudium:
802 2338 909 2365 VNDE
934 2339 1043 2367 nono
1074 2341 1188 2368 MALo
1218 2343 1319 2377 Tvo,
1351 2331 1404 2370 M.
1437 2331 1593 2378 TvLLI,
1624 2331 1678 2370 Μ.
1702 2330 1909 2370 CLAvolvs

154 2402 234 2429 AVT
271 2383 447 2429 muntiis
487 2402 566 2428 Avr
595 2400 866 2428 PROCVRATOR
896 2402 987 2429 Elvs
1017 2403 1060 2431 vl
1090 2404 1295 2433 DETRvsvs
1325 2405 1424 2440 Esr,
1467 2396 1605 2433 cetera
1635 2406 1688 2433 ex
1716 2393 1908 2433 formula.

155 2524 205 2555 An
226 2524 298 2555 dolo
320 2523 407 2555 malo
428 2523 553 2563 factum
575 2523 632 2562 sit,
658 2523 859 2564 ambigitur:
884 2524 921 2555 de
944 2524 1002 2556 hoc
1024 2525 1181 2558 iudicium
1203 2531 1259 2559 est.
1281 2546 1316 2550 —
1342 2527 1374 2559 ⁶2.
1399 2527 1587 2569 turbarunt]
1612 2527 1664 2559 Ab
1688 2528 1742 2560 his
1766 2527 1910 2569 syllabis

156 2574 275 2615 incipit
298 2572 416 2605 solium
439 2573 650 2604 Taurinense
675 2574 826 2605 tertium.
862 2574 1015 2606 Homines
1030 2576 1216 2608 occiderunt
1241 2577 1342 2617 (servi
1359 2578 1394 2609 P.
1413 2576 1531 2617 Fabii),
1556 2577 1670 2608 villam
1685 2578 1912 2610 disturbaru-nt

157 2622 196 2654 H.
225 2639 260 2644 —
285 2623 316 2654 5.
341 2623 454 2653 Nostri
475 2626 566 2654 testes
589 2622 669 2664 cet]
699 2623 815 2654 Verba
846 2624 933 2655 haec
965 2625 1013 2656 sic
1039 2625 1176 2658 distinxi
1201 2636 1281 2659 cum
1304 2627 1473 2668 Madvigio
1497 2629 1603 2669 Epist.
1629 2629 1703 2660 crit.
1729 2638 1763 2670 p.
1789 2630 1829 2661 92
1853 2637 1907 2669 sq.

157 2671 272 2703 Ceteri
294 2672 561 2712 lutei-pungunt:
587 2674 699 2704 Nostri
722 2677 812 2705 testes
828 2675 858 2705 d.
877 2684 906 2705 ο.
926 2674 1079 2713 homines,
1104 2685 1150 2707 cr.
1167 2676 1200 2707 in
1217 2677 1237 2707 l.
1253 2677 1420 2716 pluribus,
1447 2679 1477 2708 d.
1498 2679 1570 2709 aed.
1589 2687 1621 2710 se
1642 2679 1775 2715 vidisses·
1801 2679 1911 2709 dicunt

154 2727 234 2758 nihil
249 2727 401 2767 amplius.
423 2746 457 2750 —
485 2729 515 2760 6.
534 2719 685 2761 PLVRJJ'IB.
711 2730 746 2760 T.
769 2748 804 2752 —
823 2731 979 2761 delectum
997 2730 1162 2764 Halmius.
1184 2750 1216 2755 —
1238 2733 1290 2763 40.
1311 2733 1393 2764 Tulli
1407 2734 1469 2764 TP
1485 2734 1509 2765 B
1524 2734 1551 2765 H
1564 2734 1602 2765 K.
1616 2752 1650 2757 —-
1678 2733 1729 2766 44.
1747 2734 1798 2775 Ac]
1815 2743 1856 2766 AD
1872 2735 1908 2765 T.

159 2793 194 2798 —-
213 2776 264 2807 46.
282 2777 482 2818 intelliqatis]
506 2778 561 2809 Sic
578 2779 611 2810 h.
631 2778 650 2810 l.
671 2788 806 2817 omnes,
833 2781 937 2811 etiam
954 2781 989 2818 T,
1016 2790 1085 2812 non
1101 2781 1304 2825 intellegatis.
1322 2800 1357 2804 —-
1376 2783 1410 2813 ’24
1423 2807 1429 2813 .
1444 2783 1558 2824 polesl]
1578 2786 1685 2822 posset
1701 2784 1835 2823 Kayser
1850 2782 1871 2815 l.
1886 2782 1908 2815 l.

156 2826 316 2867 p.680.—
334 2827 386 2858 ί26.
404 2828 471 2858 vim
488 2827 657 2860 Halmius:
683 2830 716 2860 vi
732 2830 890 2861 ΤΡΒΟΗ
904 2830 984 2861 K.—-
1003 2831 1055 2862 27.
1075 2840 1114 2862 ea
1130 2832 1173 2862 T:
1194 2832 1225 2862 id
1242 2832 1415 2863 PBOHK.
1429 2850 1463 2854 —
1481 2832 1534 2864 ⁶28.
1550 2833 1650 2873 Ergo]
1668 2834 1704 2865 In
1721 2835 1833 2874 prima
1849 2834 1912 2865 hu-

156 2881 208 2914 ius
225 2891 257 2913 v.
276 2881 409 2922 syllaba
427 2882 552 2915 desinit
569 2883 687 2916 solium
697 2885 909 2917 Taurinense
927 2886 1079 2923 tertium3
1099 2887 1131 2918 in
1145 2887 1213 2918 ima
1230 2887 1353 2927 pagina
1370 2887 1591 2920 dextrorsum
1608 2888 1731 2929 legitur
1745 2880 1830 2921 3111.
1858 2890 1909 2922 Ab

157 2937 262 2970 altera
287 2937 420 2978 syllaba
445 2939 563 2980 incipit
586 2939 703 2972 solium
728 2942 939 2973 Taurinense
964 2945 1137 2982 quartum.
1160 2961 1195 2965 —
1222 2943 1274 2974 32.
1299 2943 1470 2975 inlerdiclo
1491 2944 1578 2975 velut
1600 2945 1694 2986 inter]
1719 2935 1911 2978 Hssverbis

157 2988 225 3020 HK
248 2987 500 3029 suppleverunt
522 2989 734 3022 versiculum
759 2991 791 3022 in
817 2991 936 3022 codice
961 2991 1210 3024 obscuratum:
1246 2993 1415 3024 interdicto
1438 2994 1523 3025 inter
1546 2995 1606 3026 PB
1621 2995 1656 3026 O.
1686 3013 1719 3017 —
1747 2995 1798 3027 33.
1825 3004 1913 3028 VNDE

155 3045 237 3070 Doro
259 3046 344 3069 nos:
377 3046 462 3069 VNDE
482 3041 486 3076 1
506 3047 634 3070 υευοιο
658 3049 755 3072 mera
781 3041 1009 3081 dittographia
1035 3043 1074 3080 T,
1100 3043 1184 3073 unde
1207 3043 1245 3073 de
1268 3043 1339 3073 dolo
1365 3044 1425 3074 PB
1440 3044 1556 3075 OHK.
1583 3044 1632 3076 Cf.
1658 3046 1773 3077 statim
1795 3054 1829 3087 p.
1856 3046 1909 3078 95.

157 3096 189 3118 v.
207 3089 238 3119 2.
258 3087 288 3119 3.
307 3088 338 3119 7.
365 3088 416 3119 40.
436 3090 470 3120 et
486 3088 538 3129 [ἐξ.
557 3090 588 3120 7.
608 3091 659 3121 42.
675 3091 727 3122 ⁶26.
744 3091 783 3122 ⁶28
802 3092 887 3130 (ter).
907 3090 959 3121 34.
975 3089 1027 3122 34.
1047 3091 1098 3123 35.
1124 3093 1174 3124 De
1200 3092 1429 3133 dittographia
1445 3093 1514 3124 vid.
1537 3093 1581 3125 ad
1605 3094 1635 3134 ἓ.
1655 3095 1685 3126 6.
1707 3113 1742 3118 -
1769 3095 1821 3128 34.
1845 3096 1914 3136 for-

156 3138 258 3169 mula.
298 3138 388 3169 Sicut
404 3155 452 3162 —-
466 3139 576 3179 facta,
602 3149 660 3180 eqo
684 3141 772 3172 HK:
798 3141 962 3180 formula,
988 3141 1069 3172 sicut
1084 3159 1132 3165 --
1146 3142 1248 3182 facta.
1279 3143 1349 3183 Eyo
1374 3145 1416 3182 P,
1441 3144 1586 3184 formula
1608 3145 1669 3183 sic,
1694 3148 1730 3176 ut
1744 3162 1793 3168 --
1806 3146 1910 3186 facta.

157 3186 227 3227 Eyo
251 3188 274 3218 B
289 3188 331 3226 Ο,
355 3188 509 3228 formula.
535 3189 645 3220 Sicubi
662 3205 710 3212 -·-
726 3190 834 3229 facta,
860 3199 917 3230 eqo
934 3189 1121 3230 Madvigius
1138 3191 1245 3233 Epist.
1265 3193 1338 3224 crit.
1364 3202 1398 3234 p.
1417 3193 1469 3225 92.
1507 3194 1719 3226 Sententiam
1736 3193 1803 3227 loci
1819 3195 1911 3227 bene

160 3237 330 3276 expressit
352 3237 528 3278 Kayserus
553 3237 585 3278 (l.
604 3238 625 3270 l.
652 3248 686 3280 p.
706 3240 768 3272 680
785 3240 851 3280 sq.)
877 3239 1088 3272 scribendo:
1115 3241 1167 3281 Si,
1193 3250 1267 3272 cum
1282 3242 1330 3273 ita
1345 3242 1551 3274 interdictu-m
1566 3244 1606 3274 sit
1620 3247 1651 3275 et
1665 3245 1793 3284 sponsio
1807 3245 1910 3285 facta,

160 3294 218 3325 eqo
239 3295 290 3318 me
312 3287 355 3318 ad
376 3287 515 3319 iudicem
537 3288 582 3319 sic
605 3289 791 3330 defendam,
817 3293 853 3321 ut
873 3291 906 3321 vi
928 3298 979 3321 me
1001 3290 1149 3323 deiecisse
1171 3292 1347 3333 confitear,
1373 3293 1445 3325 dolo
1467 3293 1556 3325 malo
1578 3302 1707 3334 negem,
1731 3294 1841 3335 ecquis
1861 3302 1913 3326 me

161 3335 281 3367 audiat
293 3335 309 3367 P
