2175 3718
504 233 594 275 Lm.
625 231 656 272 I.
697 229 793 271 CAP.
824 227 1214 270 XXVIII—XXX.
1255 224 1329 280 §5
1360 224 1405 266 74
1424 225 1554 267 -77.
1826 221 1906 265 ⁴53

152 361 272 396 SUOS,
304 358 411 402 quos
442 346 552 386 Nero
584 355 728 384 omnes
758 342 802 381 in
833 340 1055 381 consilium
1086 339 1278 380 vocavit:
1311 343 1399 378 erat
1427 338 1470 377 in
1494 338 1671 378 consilio
1693 338 1818 378 etiam
1839 350 1908 378 ae-

153 410 380 465 quissimus
413 408 541 448 iudex
561 406 651 458 ipse
672 405 845 444 Verres:
877 408 995 443 erant
1015 401 1207 442 nonnulli
1230 401 1360 454 togati
1382 400 1610 440 creditores
1639 401 1908 447 Graecorum,

153 473 306 527 quibus
351 471 402 511 ad
445 467 670 521 exigendas
709 465 909 519 pecunias
948 464 1247 518 improbissimi
1289 463 1495 516 cuiusque
1528 462 1651 514 legati
1683 462 1907 514 plurimum

151 535 323 589 prodest
366 531 510 586 gratia.
570 526 636 568 74.
681 528 756 567 Ille
794 527 921 567 miser
961 526 1224 566 defensorem
1264 525 1474 565 neminem
1514 524 1697 576 reperire
1733 528 1909 575 poterat.

152 597 257 646 Quis
297 595 406 635 enim
448 596 557 633 esset
586 595 659 631 aut
690 595 877 643 togatus,
917 589 989 643 qui
1019 588 1264 628 Dolabellae
1295 587 1450 640 gratia,
1491 591 1562 627 aut
1593 586 1796 632 Graecus,
1836 585 1943 638 qui5

151 658 338 698 eiusdem
367 656 408 696 vi
440 659 481 694 et
510 652 686 706 imperio
718 664 803 691 non
834 651 1104 691 moveretur?
1151 651 1379 690 Accusator
1399 652 1538 688 autem
1561 647 1788 701 apponitur
1809 647 1911 687 civis

150 721 361 761 Romanus
391 717 442 757 de
472 714 748 756 creditoribus
770 715 1174 767 Lampsacenorum,
1209 712 1283 766 qui
1317 711 1351 751 si
1383 711 1562 750 dixisset
1592 710 1706 763 quod
1728 710 1806 750 iste
1829 710 1912 750 ius-

151 783 292 829 sisset,
333 792 408 833 per
447 777 635 818 eiusdem
674 776 796 816 istius
836 775 1004 815 lictores
1035 788 1059 815 a
1087 775 1247 828 populo
1287 773 1509 828 pecuniam
1550 777 1696 826 posset
1733 772 1913 825 exigere.

152 845 254 885 Cum
283 843 386 882 haec
416 841 557 881 omnia
586 843 702 879 tanta
732 838 1021 885 contentione,
1064 837 1190 877 tantis
1221 836 1355 890 copiis
1387 840 1631 888 agerentur3
1669 847 1763 874 cum
1795 834 1913 874 illum

150 906 348 946 miserum
378 902 498 942 multi
529 906 796 948 accusarent,
829 913 952 940 nemo
975 898 1240 948 defenderet;
1272 911 1452 953 cumque
1474 897 1693 938 Dolabella
1712 911 1805 937 cum
1829 897 1964 937 suisio

149 966 371 1022 praefectis
401 969 609 1019 pugnaret
638 963 681 1003 in
712 963 913 1010 consilio,
954 963 1105 1002 Verres
1135 961 1325 1001 fortunas
1356 961 1422 1014 agi
1454 973 1550 1000 suas
1581 960 1762 1007 diceret,
1803 959 1913 998 idem

149 1027 437 1071 testimonium
469 1027 648 1074 diceret,
681 1026 790 1065 idem
822 1030 934 1066 esset
963 1025 1006 1064 in
1029 1024 1231 1072 consilio,
1265 1025 1376 1064 idem
1397 1027 1682 1063 accusatorem
1703 1026 1915 1077 parasset3

148 1091 252 1132 haec
282 1103 376 1129 cum
408 1089 550 1129 omnia
578 1086 727 1128 fierent
756 1092 913 1128 etcum
932 1086 1147 1127 hominem
1171 1091 1383 1126 constaret
1403 1086 1611 1126 occisum:
1642 1090 1783 1125 tamen
1803 1088 1917 1125 tanta

149 1153 211 1194 vis
241 1152 363 1192 istius
394 1151 599 1198 iniuriae,
629 1155 745 1191 tanta
775 1150 818 1189 in
850 1150 930 1189 isto
961 1149 1208 1202 improbitas
1238 1149 1489 1202 putabatur,
1520 1153 1568 1189 ut
1597 1148 1648 1188 de
1669 1148 1915 1189 Philodamo

148 1226 328 1257 AMPles
358 1213 716 1267 pronuntiaretur.
776 1212 911 1252 XXX.
944 1210 1010 1251 75.
1046 1212 1159 1261 Quid
1191 1225 1267 1265 ego
1299 1225 1412 1251 nunc
1440 1211 1484 1251 in
1505 1211 1634 1251 altera
1655 1211 1819 1251 actione
1842 1210 1966 1250 Cn.45

147 1276 391 1319 Dolabellae
437 1275 634 1329 spiritus,
676 1275 779 1329 quid
815 1274 942 1315 huius
984 1276 1175 1316 lacrimas
1214 1279 1255 1314 et
1293 1274 1638 1314 concursationes
1676 1272 1915 1326 proferam?

149 1340 251 1395 quid
294 1338 336 1379 C.
367 1338 569 1385 Neronis,
614 1337 692 1378 viri
733 1337 882 1391 optimi
913 1343 1040 1392 atque
1069 1337 1425 1384 innocentissimi,
1471 1335 1688 1376 nonnullis
1718 1336 1761 1375 in
1790 1336 1915 1375 rebus

148 1403 334 1443 animum
378 1401 553 1440 nimium
592 1400 785 1440 timidum
825 1405 952 1455 atque
983 1400 1240 1441 demissum?
1287 1399 1359 1453 qui
1398 1399 1441 1438 in
1471 1399 1543 1438 illa
1572 1411 1616 1438 re
1648 1398 1749 1452 quid
1780 1398 1916 1438 facere

148 1463 336 1520 potuerit
370 1476 455 1503 non
485 1463 686 1511 habebat,
725 1462 807 1503 nisi
837 1462 967 1511 forte,
1005 1463 1047 1503 id
1079 1463 1193 1516 quod
1225 1475 1370 1502 omnes
1401 1466 1489 1502 tum
1522 1460 1840 1509 desiderabant,
1872 1465 1918 1500 ut

152 1531 293 1582 ageret
324 1539 416 1566 eam
446 1539 534 1566 rem
565 1525 657 1565 sine
688 1526 817 1565 Verre
850 1530 891 1565 et
920 1526 1010 1566 sine
1040 1525 1272 1567 Dolabella.
1333 1524 1551 1579 Quidquid
1590 1529 1701 1564 esset
1732 1524 1821 1564 sine
1851 1523 1916 1562 his
1930 1531 1966 1560 ‘20

151 1594 312 1637 actum,
357 1601 502 1628 omnes
542 1588 792 1641 probarent:
836 1592 923 1627 tum
962 1602 1063 1629 vero
1106 1588 1220 1642 quod
1250 1587 1569 1642 pronuntiatum
1600 1590 1684 1634 est,
1727 1599 1813 1626 non
1844 1598 1919 1638 per

149 1655 357 1694 Neronem
396 1651 628 1690 iudicatum
669 1651 741 1690 sed
782 1663 857 1704 per
896 1651 1157 1691 Dolabellam
1200 1655 1389 1704 ereptum
1421 1649 1750 1690 existimabatur.
1811 1648 1919 1688 Con-

151 1716 372 1755 demnatur
410 1713 522 1753 enim
560 1713 782 1766 perpaucis
822 1714 1040 1753 sententiis
1079 1713 1350 1753 Philodamus
1389 1717 1431 1752 et
1471 1712 1561 1752 eius
1591 1710 1717 1750 filius.
1776 1711 1918 1758 Adest,

150 1778 301 1824 instat,
338 1780 469 1829 'urget
504 1775 748 1823 Dolabella,
793 1781 841 1815 ut
872 1789 998 1829 quam
1027 1775 1210 1828 primum
1242 1775 1377 1815 securi
1407 1774 1631 1822 feriantur,
1677 1787 1761 1828 quo
1793 1786 1919 1828 quam

157 1839 327 1879 minime
358 1838 478 1878 multi
510 1850 563 1876 ex
593 1837 677 1876 illis
709 1837 759 1877 de
792 1838 913 1877 istius
944 1837 1104 1877 nefario
1136 1837 1294 1877 scelere
1325 1837 1470 1877 audire
1491 1841 1678 1890 possent.
1721 1835 1787 1876 76.
1811 1837 1968 1876 Con-25

156 1900 345 1941 stituitur
386 1899 430 1938 in
466 1899 558 1938 foro
598 1899 830 1939 Laodiceae
870 1900 1155 1953 spectaculum
1195 1900 1391 1940 acerbum
1423 1904 1465 1939 et
1494 1900 1692 1940 miserum
1724 1903 1765 1939 et
1794 1911 1918 1952 grave

157 1963 235 2002 toti
266 1961 390 2001 Asiae
421 1961 683 2014 provinciae:
727 1961 895 2015 grandis
926 1966 1027 2002 natu
1058 1974 1208 2015 parens
1239 1962 1448 2001 adductus
1478 1962 1530 2001 ad
1562 1962 1835 2015 supplicium,
1867 1973 1919 2000 ex

158 2025 289 2065 altera
319 2028 436 2077 parte
467 2022 602 2072 filius3
648 2023 742 2072 ille,
789 2025 902 2078 quod
940 2024 1187 2077 pudicitiam
1223 2024 1472 2071 liberorum,
1519 2025 1607 2072 hic,
1647 2023 1762 2078 quod
1791 2024 1918 2064 vitam

159 2087 288 2140 patris
320 2086 557 2139 famamque
589 2087 745 2127 sororis
778 2087 1032 2126 defenderat.
1090 2087 1236 2126 Flebat
1268 2091 1464 2140 uterque,
1504 2100 1589 2127 non
1631 2087 1681 2126 de
1713 2100 1789 2127 suo
1821 2101 1919 2140 sup-

153 2149 306 2202 plicio,
341 2148 413 2188 sed
444 2154 564 2201 pater
594 2149 644 2187 de
673 2148 744 2187 lilii
768 2154 924 2197 morte,
953 2149 1004 2188 de
1034 2149 1165 2202 patris
1195 2146 1318 2188 filius.
1360 2149 1473 2197 Quid
1494 2150 1760 2190 lacrimarum
1779 2150 1917 2203 ipsum
1931 2158 1968 2187 30

153 2213 362 2251 Neronem
409 2211 566 2263 putatis
612 2211 883 2263 profudisse?
930 2224 1054 2265 quem
1097 2212 1238 2251 fletum
1269 2212 1399 2252 totius
1429 2212 1554 2252 Asiae
1584 2212 1747 2252 fuisse?
1793 2226 1918 2266 quem

151 2273 309 2313 luctum
342 2277 383 2313 et
414 2273 615 2325 gemitum
646 2274 1028 2327 Lampsacenorum
1048 2275 1066 2312 ⁶?
1098 2274 1234 2313 securi
1266 2287 1358 2314 esse
1388 2287 1612 2328 percussos
1642 2275 1835 2316 homines
1857 2277 1920 2316 in-

152 2341 352 2380 nocentes
382 2336 572 2383 nobiles,
605 2336 744 2376 socios
776 2337 923 2390 populi
956 2336 1133 2376 Romani
1164 2341 1292 2390 atque
1323 2337 1500 2385 amicos,
1531 2343 1706 2392 propter
1734 2339 1918 2379 hominis

151 2398 466 2451 flagitiosissimi
509 2398 763 2451 singularem
807 2399 1039 2453 nequitiam
1080 2403 1205 2452 atque
1236 2399 1588 2453 improbissimam
1622 2400 1917 2454 cupiditatem!

151 2459 216 2499 77.
247 2461 331 2500 Iam
363 2460 467 2508 iam,
498 2461 735 2509 Dolabella,
766 2475 904 2515 neque
937 2475 1002 2501 me
1034 2462 1094 2501 tui
1125 2475 1263 2515 neque
1296 2468 1465 2502 tuorum
1496 2462 1699 2511 liberum,
1734 2477 1841 2518 quos
1872 2468 1918 2504 tu
1932 2471 1969 2501 35

151 2523 326 2563 miseros
357 2524 400 2563 in
431 2528 615 2576 egestate
646 2528 773 2578 atque
804 2524 848 2563 in
879 2524 1108 2565 solitudine
1139 2525 1368 2579 reliquisti,
1399 2525 1588 2566 misereri
1619 2530 1771 2579 potest.
1815 2527 1918 2567 Ver-

235 2707 266 2740 4.
301 2708 363 2749 def.
396 2717 480 2741 nem.
512 2717 583 2748 rep.
619 2709 660 2740 Gi
679 2709 733 2748 25·
764 2711 859 2741 Parr.
886 2710 974 2742 BC:
1012 2710 1075 2751 def.
1107 2719 1178 2750 rep.
1212 2719 1297 2742 nem.
1325 2710 1387 2743 dtt.
1414 2711 1451 2743 O.
1480 2729 1515 2733 -
1546 2712 1576 2743 7.
1602 2715 1633 2743 ct
1662 2699 1705 2742 e'x
1726 2712 1839 2743 credit.
1876 2713 1915 2750 A,

149 2758 244 2799 quod
268 2767 337 2790 non
360 2767 506 2800 prorsus
531 2760 739 2800 spreverim.
767 2759 809 2791 cf.
829 2760 930 2792 Hand
954 2761 1051 2792 Turs.
1071 2761 1110 2792 ΙΙ.
1137 2770 1172 2801 p.
1191 2760 1266 2792 477.
1287 2778 1322 2782 —
1350 2762 1403 2792 112.
1424 2764 1566 2800 pararet
1589 2762 1635 2793 G2
1654 2760 1713 2792 Ld.
1737 2778 1771 2782 —
1799 2760 1850 2792 44.
1870 2762 1919 2792 in-

147 2809 256 2840 iuriae
278 2809 371 2840 istius
387 2818 419 2848 ς.
441 2827 476 2830 -
502 2809 640 2849 improb.
660 2818 725 2841 esse
744 2813 816 2849 pul.
836 2811 871 2841 L.
896 2827 930 2832 -
958 2810 1010 2840 45.
1036 2809 1071 2840 in
1094 2810 1202 2841 altera
1228 2810 1355 2842 actione
1372 2812 1412 2842 Gt
1431 2812 1450 2842 2
1466 2813 1517 2843 A:
1545 2812 1577 2842 in
1601 2811 1742 2842 alteram
1758 2811 1919 2842 actionem

148 2858 210 2890 dtt.
229 2876 263 2880 —-
293 2859 344 2890 48.
370 2858 508 2889 nimium
526 2860 567 2890 Gi
587 2859 641 2898 25
663 2858 801 2900 pleriq.:
829 2859 926 2890 nimis
949 2859 973 2890 O
998 2860 1077 2899 post
1100 2860 1249 2900 Nauger.
1276 2878 1310 2882 —
1335 2861 1458 2901 faceret
1482 2860 1537 2893 vel
1559 2862 1669 2902 facere
1687 2864 1795 2900 posset
1818 2870 1915 2903 susp.

149 2909 229 2940 Ern.
256 2908 436 2949 Zumptius
460 2908 560 2940 affert
584 2908 727 2949 quidem
746 2907 904 2940 Coelium
925 2917 980 2949 ap.
1001 2907 1138 2947 Quintil.
1157 2909 1211 2940 Vl.
1231 2910 1263 2949 3,
1287 2909 1355 2948 4-4„
1381 2910 1445 2942 sed
1468 2911 1502 2942 h.
1522 2910 1545 2943 l.
1571 2911 1812 2943 coniunctivus
1835 2921 1918 2953 per-

148 2958 227 2991 fecti
250 2957 354 2989 violat
377 2957 473 2998 leges
497 2958 670 2990 sermonis
695 2957 852 2989 Tulliani.
892 2957 1056 2989 Similiter
1077 2961 1264 2999 peccatum
1290 2961 1343 2991 est
1366 2960 1406 2991 ΙΙ.
1427 2960 1457 3001 g.
1477 2961 1529 2992 50.
1550 2963 1650 3000 extr..
1678 2961 1737 2994 ubi
1762 2971 1804 2994 ex
1828 2962 1918 3003 [ξς-Η.

148 3017 181 3050 p.
201 3016 262 3047 m.‚
290 3009 324 3039 et
340 3008 395 3039 lV.
414 3007 444 3048 ἓ.
465 3008 531 3046 46.,
557 3007 618 3039 ubi
636 3017 677 3039 ex
694 3009 770 3040 Vat.
790 3008 933 3040 tandem
949 3016 1033 3039 vera
1060 3007 1164 3040 lectio
1181 3010 1340 3041 restituta
1360 3012 1467 3041 est.-—
1493 3011 1546 3043 20.
1566 3020 1638 3043 eam
1661 3021 1731 3044 rem
1745 3030 1763 3035 -
1776 3030 1793 3035 -
1810 3022 1919 3044 omnes

149 3067 218 3090 om.
245 3058 304 3089 G2.
334 3075 369 3080 -
402 3057 471 3089 sine
492 3057 567 3089 Dol.
595 3059 636 3089 Gi
657 3058 805 3099 ng29:
842 3058 910 3089 sinc
943 3065 1012 3089 om.
1040 3057 1103 3089 dtt.
1130 3059 1167 3090 Ο.
1197 3077 1232 3081 —-
1259 3059 1312 3091 24.
1340 3060 1426 3099 quod
1449 3061 1605 3100 quoniam
1629 3071 1671 3099 ς;
1709 3063 1796 3100 quod
1818 3071 1919 3102 quam

148 3108 190 3139 Gi
209 3108 228 3139 2
253 3106 315 3139 dtt.
345 3126 380 3130 -
405 3108 459 3139 26.
491 3108 666 3140 Laodiciae
689 3107 846 3149 Zng‘z’O
871 3106 914 3139 al.
944 3124 978 3128 —
1013 3110 1043 3139 et
1074 3116 1176 3148 grave
1199 3116 1268 3140 om.
1297 3108 1434 3147 Quintil.
1460 3110 1515 3142 XI.
1543 3110 1574 3150 3,
1602 3111 1674 3142 ⁴62.
1705 3129 1739 3133 —
1765 3112 1818 3143 27.
1844 3112 1918 3144 hinc

147 3157 284 3198 mandis
307 3158 343 3189 L.
370 3157 521 3199 improb.
548 3159 640 3190 Bake
664 3159 708 3190 ad
732 3160 836 3199 Legg.
863 3166 897 3199 p.
925 3158 1000 3189 345.
1031 3175 1062 3180 —
1092 3158 1145 3190 29.
1170 3159 1259 3200 flevit
1283 3159 1342 3190 (32.
1365 3177 1399 3181 —
1426 3160 1478 3191 32.
1505 3160 1629 3192 luctum
1651 3164 1681 3193 et
1703 3170 1774 3193 om.
1801 3163 1860 3194 G2.
1880 3180 1912 3186 -

147 3207 199 3239 35.
226 3207 295 3238 iam
317 3207 386 3238 iam
409 3208 523 3246 Quint.
550 3208 604 3239 lX.
633 3209 663 3247 11,
690 3209 742 3240 46.
769 3210 848 3240 Asc.
875 3207 920 3240 ad
948 3207 1061 3238 Divin.
1089 3208 1118 3248 g.
1146 3208 1200 3241 24.
1227 3217 1260 3249 p.
1288 3209 1361 3240 ΜΟ.
1389 3211 1424 3241 et
1447 3210 1549 3242 codd.
1578 3210 1649 3242 fere
1674 3220 1822 3245 omnes:
1847 3213 1918 3244 iam

147 3266 180 3295 ς.
208 3275 242 3279 —
267 3266 371 3297 neque
392 3266 444 3289 me
467 3259 514 3289 tui
539 3259 580 3289 Gi
599 3259 653 3297 Ως
677 3259 790 3297 Quint.
819 3259 853 3289 et
876 3260 956 3289 Asc.
985 3258 1020 3288 et
1043 3257 1145 3289 codd.
1172 3258 1245 3290 iere
1271 3267 1417 3292 omnes:
1443 3269 1494 3292 me
1517 3270 1620 3301 neque
1643 3262 1690 3292 tui
1714 3262 1749 3293 L.
1769 3271 1787 3294 e
1812 3262 1914 3295 codd.

148 3305 303 3345 Memm.;
327 3315 379 3339 me
402 3316 472 3339 om.
491 3308 528 3339 O.
547 3325 584 3330 —
611 3307 750 3339 liberum
773 3308 887 3346 Quint.
914 3310 991 3340 Asc.
1021 3310 1056 3340 et
1080 3308 1183 3341 codd.
1202 3308 1380 3351 plerique:
1410 3310 1587 3343 liberorum
1612 3311 1653 3342 Gi
1671 3320 1702 3350 ς.
1725 3329 1759 3333 -—
1787 3311 1839 3343 36.
1857 3312 1918 3343 mi-

146 3362 251 3387 serere
273 3356 314 3394 L;
339 3356 469 3389 miseret
494 3358 575 3398 (om.
598 3358 713 3398 potest)
738 3359 817 3389 Asc.
845 3356 866 3388 l.
893 3356 914 3389 l.
