2143 3713
601 240 694 280 Cn.
725 239 1070 279 XXIX—XXX.
1107 237 1179 292 §§.
1210 236 1402 278 76-82.
1793 239 1872 280 565

140 357 305 396 deretur
344 355 665 395 circumventum
702 365 790 391 esse
829 353 1087 392 innocentem
1119 352 1316 405 pecunia,
1354 351 1460 392 hanc
1491 352 1640 392 deinde
1672 352 1873 405 suspicio-

139 432 233 459 nem
272 422 438 470 augeret
478 415 631 455 Staieni
672 414 912 465 improbitas
943 420 983 453 et
1013 414 1308 454 nonnullorum
1341 414 1429 453 eius
1460 415 1655 454 similium
1688 414 1873 454 iudicum

141 481 372 533 turpitudo,
404 490 566 518 causam
596 480 733 515 autem
764 481 902 527 ageret
933 477 976 514 L.
1010 476 1248 524 Quinctius,
1287 475 1413 514 homo
1445 489 1537 515 cum
1569 490 1728 516 summa
1758 483 1875 528 pote-

140 549 241 582 state
264 536 517 596 [praeditus],
541 544 625 577 tum
650 537 701 576 ad
723 537 1034 577 inflammandos
1057 538 1213 577 animos
1235 537 1509 576 multitudinis
1530 538 1875 585 accommodatus,

140 616 337 644 summam
369 601 426 641 illi
456 599 605 640 iudicio
636 599 832 638 invidiam
863 599 1153 652 infamiamque
1176 611 1266 638 esse
1291 599 1520 637 conflatam.
1551 601 1685 651 Atque
1709 599 1750 637 in
1770 599 1906 639 hanc5

141 667 341 705 llammam
376 666 580 702 recentem
611 666 695 700 tum
729 660 773 700 C.
805 661 989 708 Iunium,
1027 661 1096 714 qui
1136 660 1194 699 illi
1225 660 1461 712 quaestioni
1491 660 1744 713 praefuerat,
1785 675 1875 701 esse

141 728 335 767 iniectum
375 723 540 764 memini
573 728 612 761 et
643 722 758 762 illum
789 722 997 762 hominem
1028 721 1287 767 aedilicium,
1335 722 1415 761 iam
1456 727 1686 775 praetorem
1717 723 1876 774 opinio-

140 790 257 829 nibus
286 786 495 827 hominum
527 785 820 830 constitutum,
852 798 931 823 non
964 783 1261 836 disceptatione
1293 783 1480 830 dicendi,
1513 783 1584 822 sed
1617 783 1794 823 clamore
1825 783 1875 824 de

138 851 227 891 foro
258 855 379 901 atque
410 847 514 886 adeo
547 846 595 884 de
628 846 789 885 civitate
821 859 912 885 csse
944 846 1162 885 sublatum.

247 899 311 949 ¹80.
352 909 493 961 Neque
534 921 597 946 me
634 908 821 959 poenitet
859 907 938 946 hoc
981 913 1161 960 tempore
1204 908 1342 959 potins
1379 920 1503 960 quam
1534 907 1605 946 illo
1636 919 1799 946 causam
1828 908 1925 947 A,.10

140 971 315 1014 Cluentii
346 970 582 1010 defendere.
644 970 774 1009 Causa
805 971 915 1009 enim
948 975 1083 1008 manet
1114 969 1281 1016 eadem,
1313 983 1419 1022 quae
1447 969 1594 1009 mutari
1616 969 1731 1009 nullo
1752 970 1875 1009 modo

136 1038 296 1089 potest:
338 1033 533 1085 temporis
572 1032 768 1085 iniquitas
807 1038 930 1085 atque
970 1032 1124 1071 invidia
1163 1032 1347 1077 recessit,
1390 1036 1435 1071 ut
1466 1031 1577 1085 quod
1618 1032 1660 1070 in
1690 1037 1875 1084 tempore

137 1095 231 1135 mali
273 1094 351 1133 fuit
395 1093 500 1133 nihil
544 1094 668 1140 obsit,
719 1094 829 1145 quod
877 1094 917 1132 in
960 1107 1080 1132 causa
1115 1093 1214 1132 boni
1251 1093 1328 1132 fuit
1367 1094 1509 1146 prosit.
1577 1093 1721 1145 Itaque
1768 1106 1877 1132 nunc

138 1171 260 1211 quem
291 1156 341 1195 ad
372 1155 542 1195 modum
572 1155 712 1194 audiar
742 1155 898 1201 sentio,
939 1167 1022 1193 non
1053 1154 1174 1194 modo
1205 1156 1254 1194 ab
1286 1155 1358 1202 iis,
1394 1168 1569 1207 quorum
1601 1154 1799 1194 iudicium
1831 1168 1877 1194 ac

136 1224 316 1272 potestas
347 1224 429 1265 est,
461 1218 532 1258 sed
563 1219 683 1257 etiam
716 1217 765 1256 ab
798 1217 902 1263 illis,
935 1230 1111 1270 quorum
1142 1222 1299 1256 tantum
1323 1222 1383 1256 est
1405 1216 1670 1256 existimatio.
1719 1217 1771 1256 At
1792 1221 1925 1258 tum⁴5

137 1281 170 1320 si
201 1280 401 1326 dicerem,
440 1293 523 1319 non
562 1279 746 1325 audirer,
787 1292 869 1317 non
909 1278 1019 1332 quod
1062 1278 1141 1317 alia
1170 1292 1235 1317 res
1268 1283 1401 1325 esset,
1441 1278 1567 1317 immo
1599 1277 1765 1324 eadem,
1804 1278 1877 1317 sed

137 1349 295 1396 tempus
325 1343 450 1382 aliud.
495 1342 540 1381 Id
571 1342 675 1381 adeo
708 1341 766 1381 sic
796 1340 1046 1392 cognoscite.
1105 1340 1238 1378 XXX.
1271 1340 1373 1387 Quis
1410 1346 1495 1379 tum
1525 1340 1696 1379 auderet
1725 1340 1876 1387 dicere,

135 1410 349 1444 nocentem
380 1404 694 1443 condemnatum
716 1417 805 1442 esse
828 1402 1137 1454 Oppianicum?
1169 1402 1260 1454 quis
1282 1415 1391 1441 nunc
1413 1402 1538 1441 audet
1558 1414 1708 1455 negare
1723 1404 1741 1441 ⁴?
1773 1401 1875 1450 Quis

137 1472 221 1506 tum
250 1471 392 1520 posset
421 1480 614 1519 arguere,
646 1466 694 1505 ab
727 1464 958 1518 Oppianico
988 1469 1186 1502 tentatum
1215 1477 1305 1503 esse
1327 1463 1527 1502 iudicium
1548 1463 1749 1517 pecunia?
1783 1463 1876 1517 quis

136 1528 177 1567 id
216 1528 296 1568 hoc
325 1534 511 1580 tempore
543 1526 708 1567 infitiari
748 1527 916 1580 potest?
964 1525 1037 1565 Cui
1076 1530 1159 1565 tum
1200 1525 1344 1564 liceret
1383 1524 1554 1572 docere,
1600 1526 1924 1579 Oppianicum20

134 1604 250 1631 reum
280 1590 431 1630 factum
463 1603 552 1629 esse
583 1595 671 1629 tum
703 1589 904 1641 denique,
939 1601 1028 1627 cum
1060 1588 1220 1626 duobus
1250 1586 1452 1639 proximis
1483 1587 1747 1639 praeiudiciis
1778 1600 1876 1626 con-

136 1652 352 1692 demnatus
392 1654 533 1691 essct?
576 1652 668 1705 quis
707 1656 768 1690 est
810 1650 879 1702 qui
916 1649 957 1688 id
996 1649 1075 1688 hoc
1114 1654 1298 1702 tempore
1329 1648 1537 1688 infirmare
1569 1650 1767 1688 conetur?
1810 1645 1875 1687 81.

138 1714 273 1762 Quare
315 1713 469 1753 invidia
507 1719 684 1760 remota,
726 1725 849 1765 quam
890 1712 976 1751 dies
1008 1711 1231 1764 mitigavit,
1272 1711 1402 1750 oratio
1434 1724 1526 1752 mea
1556 1711 1772 1765 deprecata
1803 1716 1876 1758 est,

138 1781 274 1815 vestra
304 1773 405 1814 fides
436 1780 560 1828 atque
581 1774 766 1827 aequitas
788 1786 811 1812 a
833 1774 1015 1813 veritatis
1040 1773 1337 1827 disceptatione
1358 1773 1522 1821 reiecit,
1555 1774 1654 1828 quid
1678 1779 1741 1814 est
1758 1787 1876 1827 prae-

138 1844 251 1878 terea
281 1837 392 1891 quod
424 1837 465 1875 in
497 1850 619 1876 causa
648 1836 935 1889 relinquatur?
1889 1847 1926 1877 25

247 1901 458 1939 Versatam
491 1912 580 1938 esse
610 1899 652 1938 in
682 1898 835 1937 iudicio
866 1898 1083 1950 pecuniam
1116 1904 1295 1938 constat:
1327 1911 1376 1938 ea
1406 1899 1616 1952 quaeritur
1641 1900 1750 1940 unde
1780 1913 1877 1953 pro-

137 1963 244 2003 fecta
273 1963 344 2008 sit,
376 1962 425 2000 ab
456 1966 691 2001 accusatore
723 1973 774 1999 an
804 1961 854 1999 ab
885 1961 985 1999 reo?
1017 1960 1126 1999 Dicit
1155 1965 1368 2000 accusator
1392 1961 1515 2001 haec:
1554 1962 1758 2002 «Primum
1788 1974 1878 2014 gra-

137 2025 316 2065 vissimis
348 2024 584 2063 criminibus
614 2023 879 2069 accusabam,
910 2028 955 2062 ut
984 2022 1087 2061 nihil
1118 2036 1221 2075 opus
1252 2030 1359 2063 esset
1380 2024 1579 2076 pecunia3
1610 2023 1759 2064 deinde
1780 2036 1878 2063 con-

139 2086 376 2127 demnatum
417 2085 690 2132 adducebam,
732 2090 776 2124 ut
814 2098 866 2124 ne
897 2084 1000 2137 eripi
1033 2084 1199 2137 quidem
1230 2087 1407 2139 pecunia
1445 2091 1609 2140 posset;
1648 2092 1876 2140 postremo,

137 2149 260 2188 etiam
291 2148 324 2187 si
355 2148 567 2187 absolutus
596 2147 762 2193 fuisset,
794 2160 976 2185 mearum
1008 2152 1143 2185 tamen
1176 2148 1358 2187 omnium
1379 2148 1635 2188 fortunarum
1657 2153 1786 2189 status
1815 2149 1925 2188 ill-30

137 2210 310 2250 columis
349 2215 570 2250 maneret.»
606 2209 714 2257 Quid
747 2214 886 2248 contra
917 2210 1044 2247 reus?
1082 2210 1285 2249 «Primum
1316 2211 1447 2262 ipsam
1472 2211 1780 2251 multitudinem
1800 2211 1878 2250 cri-

137 2273 294 2313 minum
326 2276 366 2312 et
395 2272 649 2311 atrocitatem
679 2270 1042 2324 pertimescebam3
1075 2271 1224 2311 deinde
1244 2272 1441 2312 Fabriciis
1471 2278 1640 2325 propter
1665 2272 1878 2312 conscien-

137 2334 234 2374 tiam
264 2335 344 2373 mei
376 2334 544 2374 sceleris
575 2333 858 2373 condemnatis
890 2345 954 2371 me
984 2347 1073 2373 esse
1097 2334 1414 2374 condemnatum
1436 2335 1687 2383 sentiebam3
1717 2340 1879 2388 postre-

138 2409 203 2436 mo
232 2397 274 2436 in
306 2410 400 2436 eum
431 2409 570 2435 casum
599 2408 812 2441 veneram,
855 2400 899 2434 ut
929 2395 1064 2434 omnis
1095 2408 1278 2435 mearum
1308 2396 1565 2437 fortunarum
1596 2401 1726 2436 status
1755 2396 1878 2436 unius

136 2459 278 2499 iudicii
307 2458 492 2512 periculo
523 2458 839 2498 contineretur.»
1890 2470 1927 2499 35

248 2518 313 2560 8⁶2.
343 2521 451 2574 Age,
483 2520 679 2573 quoniam
711 2520 1000 2572 corrumpendi
1030 2520 1173 2560 iudicii
1205 2533 1347 2560 causas
1377 2521 1447 2560 ille
1480 2520 1631 2560 multas
1664 2525 1705 2561 et
1734 2533 1877 2573 graves

225 2710 255 2741 3.
280 2711 316 2742 L.
343 2719 412 2742 om.
438 2711 506 2742 ST.
534 2728 569 2732 —
596 2709 626 2742 4.
649 2711 819 2750 praeditus
843 2719 911 2741 om.
939 2711 1008 2742 ST.
1036 2726 1071 2732 —
1102 2711 1375 2750 inflammandum
1397 2712 1436 2742 Α.
1465 2729 1500 2732 -
1525 2710 1746 2741 commodatus
1768 2709 1810 2740 M.
1840 2727 1873 2730 ἡ

137 2761 168 2792 5.
187 2760 305 2791 iudicio
321 2768 390 2791 om.
409 2760 431 2790 F
444 2762 475 2792 M
488 2762 568 2791 A.—
584 2761 614 2791 6.
633 2764 789 2792 recentem
806 2769 874 2791 oni.
894 2761 914 2791 S
932 2760 965 2791 in
981 2759 1048 2791 fine
1065 2769 1198 2793 versus.
1217 2778 1251 2784 —
1275 2764 1343 2792 tum
1357 2769 1425 2792 om.
1445 2758 1551 2792 QO.—
1567 2768 1632 2791 esse
1648 2760 1704 2790 ini.
1724 2760 1791 2790 ST:
1818 2760 1874 2791 ini.

137 2818 200 2842 esse
216 2810 240 2840 R
253 2810 280 2840 Α
292 2810 316 2840 L
331 2805 349 2840 Q
364 2809 400 2840 O.
413 2828 447 2832 —
473 2810 504 2841 8.
523 2811 662 2841 discendi
679 2812 720 2841 M.
734 2829 768 2832 —
795 2810 936 2840 clamore
952 2810 972 2839 S
984 2809 1023 2840 T:
1049 2810 1191 2841 clamore
1213 2811 1378 2841 hominum
1400 2811 1424 2840 R
1438 2811 1464 2840 A
1477 2810 1500 2840 L
1515 2807 1534 2840 Q
1549 2809 1586 2840 O.
1605 2825 1639 2830 —
1668 2809 1718 2840 40.
1739 2812 1880 2848 tempore

135 2861 241 2899 potius
264 2860 340 2891 ST:
361 2860 470 2898 potius
491 2863 632 2899 tempore
655 2861 716 2892 ΒΑ
733 2861 755 2891 L
770 2858 788 2892 ⁸3
804 2861 839 2890 O.
870 2877 903 2882 —-
936 2860 981 2890 12.
1009 2861 1092 2898 quod
1117 2860 1147 2890 in
1171 2859 1491 2899 tempore--prostt
1515 2857 1740 2896 Quintilianus
1764 2858 1818 2890 IX.
1844 2858 1876 2897 3,

137 2910 208 2947 824
233 2913 270 2940 ut
292 2910 377 2948 quod
400 2910 433 2940 in
457 2913 597 2949 tempore
618 2910 698 2941 mali
718 2910 780 2950 fuit
805 2912 884 2949 (om.
904 2909 990 2947 nihil)
1017 2908 1095 2940 obsit
1117 2913 1146 2940 et
1169 2910 1255 2949 quod
1279 2910 1308 2939 ιἰι
1333 2917 1436 2939 causa
1460 2908 1532 2939 boni
1554 2908 1616 2948 fuit
1634 2907 1739 2947 prosit
1755 2907 1877 2939 Curius

139 2959 398 2990 Fortunatianus
421 2967 455 2999 p.
481 2958 532 2989 92.
561 2958 615 2990 ed.
643 2959 749 3000 Capp.
778 2977 811 2981 »-
848 2959 900 2990 l3.
924 2958 1002 2989 obsit
1031 2959 1108 2997 quin
1132 2960 1217 2997 quod
1241 2957 1477 2996 Quintilianus.
1507 2974 1542 2978 —
1578 2956 1629 2988 44.
1656 2966 1695 2988 ac
1718 2956 1875 2987 STFM:

138 3011 234 3047 atque
256 3010 280 3039 A
297 3007 404 3040 Lsso.
434 3027 468 3031 —
496 3009 544 3039 115.
573 3008 622 3049 At]
646 3018 685 3039 ac
709 3009 894 3040 STFMA.
925 3026 957 3030 —
986 3008 1036 3039 46.
1064 3018 1126 3039 non
1151 3011 1229 3039 ante
1253 3017 1285 3039 v.
1306 3008 1390 3046 quod
1413 3015 1482 3038 om.
1502 3007 1614 3038 STM.
1637 3025 1672 3028 —
1699 3007 1750 3037 47.
1777 3015 1878 3047 agyno-

138 3057 213 3087 scite
235 3057 301 3088 ΡΜ
313 3059 350 3089 Α.
369 3075 404 3080 -
430 3058 482 3088 48.
509 3058 604 3088 audet
628 3059 648 3088 S
662 3059 702 3089 T:
729 3059 761 3088 id
784 3059 880 3089 audet
903 3058 962 3088 ΗΛ
979 3058 1001 3088 L
1016 3056 1034 3088 Q
1049 3058 1086 3088 Ο.
1106 3075 1139 3080 -
1166 3058 1216 3088 19.
1243 3060 1432 3096 temptatum
1454 3065 1518 3088 esse
1541 3057 1694 3088 iudicium
1719 3057 1739 3087 S
1753 3057 1798 3087 T:
1826 3056 1878 3086 iu-

140 3106 258 3137 dicium
280 3110 436 3140 tentatum
458 3116 521 3138 esse
544 3108 567 3138 R
582 3109 607 3138 A
622 3108 644 3138 L
659 3106 677 3139 53
692 3108 727 3139 O.
758 3126 791 3130 —-
818 3109 869 3138 Ἣ.
892 3108 1065 3146 ργοιῑιιηιῐε
1088 3108 1124 3138 Τ.
1150 3125 1184 3129 -
1210 3108 1262 3138 26.
1293 3108 1460 3138 ren-satam
1474 3124 1524 3130 --
1539 3109 1663 3138 constat
1686 3104 1788 3136 Iulius
1811 3105 1877 3136 Ru-

141 3151 285 3187 maianus
309 3157 345 3187 cle
365 3158 421 3197 fiy.
447 3159 525 3187 sent.
554 3156 584 3196 g.
612 3157 662 3188 43.
690 3174 726 3179 -
753 3166 818 3188 csse
841 3166 910 3188 om.
938 3157 1007 3187 ST.
1035 3156 1082 3188 Cf.
1110 3165 1140 3187 c.
1168 3157 1218 3187 29.
1245 3156 1276 3196 g.
1296 3156 1348 3188 78.
1370 3175 1404 3178 —
1432 3157 1483 3188 ⁵27.
1510 3166 1554 3188 an
1577 3165 1598 3187 a
1621 3165 1676 3187 reo
1699 3155 1736 3185 S:
1763 3163 1805 3185 an
1820 3163 1876 3185 reo

141 3205 177 3234 T.
207 3221 235 3227 -
266 3205 341 3237 dicit
362 3209 534 3237 accusator
556 3206 576 3236 S
591 3206 632 3236 T:
660 3210 832 3237 accusator
855 3207 930 3237 (licit
953 3208 976 3237 R
991 3208 1017 3237 A
1033 3206 1137 3238 Lt‘o.
1168 3225 1202 3229 —-
1229 3207 1281 3238 ⁵28.
1302 3207 1445 3245 pecunia
1468 3215 1537 3238 om.
1564 3207 1599 3237 T.
1629 3223 1663 3228 —
1690 3205 1741 3236 30.
1766 3205 1877 3243 fuisset

142 3253 218 3283 sT:
244 3257 320 3284 esset
341 3253 525 3286 RALQO.
554 3272 586 3275 —
622 3255 673 3286 34.
700 3256 814 3295 ipsam]
848 3257 913 3286 tam.
938 3257 990 3295 (ex
1015 3255 1232 3296 compendio)
1259 3256 1327 3286 ST.
1357 3273 1392 3277 —
1425 3255 1599 3286 criminum
1621 3257 1650 3285 et
1672 3254 1877 3285 atrocitatem

142 3301 216 3332 ST:
248 3304 278 3332 et
300 3304 505 3336 atrocitatem
530 3304 704 3336 criminum
727 3305 827 3337 RAL
842 3302 861 3338 Q
875 3306 912 3338 O.
941 3322 975 3326 —
1002 3304 1053 3336 33.
1076 3308 1274 3344 postremum
1298 3306 1319 3336 F
1333 3305 1375 3336 31.
1404 3322 1438 3327 —
1466 3304 1519 3337 34.
1545 3312 1652 3336 omnes
1666 3321 1684 3326 -
1699 3320 1716 3326 -
1731 3303 1876 3335 contine-

142 3353 255 3382 rentur
275 3351 308 3383 S.
336 3370 371 3375 -
395 3352 446 3385 36.
470 3353 587 3394 mauis
607 3354 639 3385 S.
