2143 3713
272 190 353 231 448
718 192 1143 234 SUPPLEMENTUM
1170 193 1569 236 ADNOTATIONIS

356 297 435 330 pag.
462 288 535 322 454.
559 298 594 321 v.
619 288 651 322 4.
675 290 710 321 in
733 290 802 322 loco
826 291 927 331 Lagg.
954 292 1093 332 praeter
1110 291 1146 330 (2)
1171 290 1224 324 42.
1245 309 1279 314 -
1306 292 1340 326 8.
1363 302 1438 324 cum
1460 302 1491 324 se
1515 292 1571 324 ed.
1597 293 1710 325 Garat.
1735 294 1809 325 sine
1832 294 2011 326 varietate.

273 363 308 367 —-
335 345 388 376 40.
413 345 535 385 inferre
557 344 611 377 42.
638 363 673 367 —
701 346 752 378 46.
779 356 801 377 a
823 346 931 377 liberis
954 346 973 377 6
998 345 1103 383 dett.;
1129 345 1170 377 ab
1194 346 1301 379 liberis
1324 348 1377 381 42.
1402 347 1454 380 48.
1481 350 1516 379 et
1538 348 1578 379 29
1602 356 1678 389 sup.
1697 347 1768 387 lin.,
1794 351 1832 381 ut
1856 350 2012 388 videtum

269 400 311 431 ab
333 400 441 432 liberis
464 409 533 433 om.
558 401 600 432 29
624 409 658 442 p.
685 401 739 441 (de
763 409 832 442 quo
857 403 1012 433 erratum
1037 404 1090 433 est
1113 401 1206 442 apud
1229 402 1277 442 Z.)
1296 421 1333 426 —
1361 404 1412 436 49.
1438 403 1646 435 deversabere
1668 403 1708 435 29
1733 412 1766 444 p.
1788 422 1823 427 —
1849 405 1902 437 24.
1928 406 2018 437 [esli-

267 457 414 488 monium
437 460 528 488 cuum
551 458 653 497 Lagg.
680 459 792 496 recte,
826 458 959 498 opinor.
995 475 1030 479 —
1064 456 1117 489 24.
1144 458 1366 498 Lampsacena
1389 459 1483 491 solus
1506 459 1570 498 42,
1601 458 1742 500 reliquis
1764 460 1858 491 varie
1881 461 2015 492 vitiatis.

270 529 305 534 -—
331 512 539 544 conabantur
562 514 596 544 et
618 513 766 544 volebant
790 513 830 544 29
856 515 890 544 et
914 512 1045 554 aliquot
1069 512 1153 544 dett.

354 577 432 609 pag.
460 569 532 600 455.
570 578 600 599 v.
628 570 657 600 4.
689 570 862 609 confirmat
885 573 1047 608 perpetua
1074 568 1115 599 29
1145 577 1178 609 p.
1214 585 1248 591 —
1283 569 1313 601 3.
1340 571 1383 601 ad
1410 570 1629 601 ulciscendum
1657 573 1831 609 expectare
1853 570 1894 602 29
1919 580 1952 612 p.
1979 589 2015 593 —

268 624 321 655 42.
345 628 433 655 ‘melu
455 624 625 665 legationis
648 625 749 664 Lagg.
766 641 801 646 —-
831 623 881 655 46.
902 625 991 664 (liqui
1014 624 1054 655 29
1073 633 1120 664 p.;
1147 624 1249 665 (liqna
1272 624 1323 656 42.
1351 643 1385 647 —-
1414 627 1465 657 24.
1491 629 1521 657 te
1544 634 1612 657 om.
1632 626 1733 665 Lagg.
1753 628 1893 667 praeter
1909 626 1962 658 29.
1979 644 2013 648 —

266 678 319 710 24.
344 680 480 720 flagitiis
503 681 604 720 Lago.
633 698 668 702 -
694 680 747 711 25.
775 683 873 719 alque
894 681 1047 720 flavimus
1072 679 1110 710 29
1127 689 1161 720 p.
1182 698 1217 702 —
1244 680 1296 712 29.
1321 681 1408 721 facio
1431 685 1461 712 le
1484 685 1558 712 tesle
1583 681 1632 713 29.
1654 698 1689 703 —-
1716 681 1768 713 30.
1795 685 1853 713 tete
1875 682 1946 721 ipso
1963 681 2015 714 44.

271 752 305 758 -
332 735 384 766 32.
410 735 622 767 insimulabas
650 735 691 767 42
724 736 811 774 (non
842 734 902 773 29,
934 738 972 766 ut
996 737 1049 766 est
1072 735 1164 775 apud
1188 735 1254 775 Z.);
1290 737 1502 768 insimularas
1524 736 1596 768 rell.
1633 753 1667 759 ·-
1701 737 1754 769 35.
1779 737 1889 768 scribit
1911 739 2014 778 Lagg.

267 794 408 832 praeter
428 791 482 822 29.
512 809 545 813 —
573 791 624 822 36.
651 790 828 822 conburere
850 791 903 822 29.
933 809 967 813 —
995 792 1047 822 38.
1074 792 1151 822 inihi
1175 800 1244 823 om.
1264 791 1315 823 42.
1343 809 1377 814 —
1405 792 1457 824 41.
1484 794 1561 832 quid
1585 795 1664 824 ante
1686 793 1808 824 Philod.
1835 802 1903 825 om.
1921 794 1962 825 29
1979 802 2012 834 p.

352 856 430 888 pag.
457 847 530 878 456.
561 855 592 877 v.
621 847 650 877 4.
677 849 742 877 tute
765 855 834 877 om.
861 846 901 877 29
926 855 959 887 p.
988 864 1021 867 —
1050 848 1081 878 5.
1107 850 1206 886 atque
1228 846 1280 879 42.
1309 865 1344 870 —
1371 848 1401 879 6.
1427 857 1532 880 nonne
1555 852 1584 879 te
1609 850 1708 888 [agg.
1735 851 1874 889 praeter
1896 849 1947 881 29.
1977 867 2011 871 —

266 903 298 934 7.
325 903 362 934 de
386 911 455 934 om.
482 903 536 934 29.
565 920 600 924 —
627 902 679 933 41.
705 902 971 942 confugiet-atissa
996 902 1067 942 (sic)
1092 903 1131 933 29
1156 911 1189 943 p.
1214 920 1248 924 —
1277 903 1327 934 43.
1355 904 1559 945 arguebatur
1582 905 1685 935 etiam
1710 905 1750 935 29
1775 913 1808 945 p.
1829 922 1863 926 —
1891 907 1919 936 le
1942 912 2011 936 om.

266 958 361 991 idem
386 967 420 999 p.
448 975 482 979 —
511 958 562 989 45.
588 961 617 989 el
637 958 801 997 principes
823 957 878 988 ed.
907 959 1020 988 Garat.
1048 958 1122 989 sine
1145 958 1325 990 varietate.
1350 977 1383 982 —
1410 960 1463 992 27.
1489 963 1517 991 el
1542 961 1671 990 iniuriis
1693 969 1763 992 oni.
1782 960 1834 991 29.
1854 960 1933 999 (non
1950 960 2015 991 ha-

265 1013 326 1046 het
349 1015 396 1054 Z.)
432 1032 466 1037 -
498 1013 550 1045 28.
576 1022 651 1044 cum
680 1014 785 1045 etiam
816 1013 868 1045 29.
905 1031 939 1034 —
973 1014 1026 1044 29.
1053 1014 1155 1045 taceri
1186 1023 1255 1046 om.
1281 1015 1322 1046 29
1345 1024 1378 1056 p.
1413 1033 1447 1036 —
1479 1015 1531 1047 30.
1557 1016 1620 1046 dici
1646 1025 1709 1054 pro
1732 1016 1889 1056 ‹Iiynitale
1910 1019 2015 1055 potest

265 1071 369 1101 etiam
393 1069 445 1100 29.
471 1069 523 1101 42.
553 1087 587 1092 -
621 1069 673 1100 32.
699 1070 812 1110 11109ἱο
836 1069 888 1100 29.
915 1068 973 1101 42;
1005 1070 1096 1101 Maio
1120 1069 1193 1102 rell.
1227 1088 1261 1091 —
1294 1072 1330 1102 L.
1355 1071 1457 1102 Fabio
1480 1072 1532 1103 29.
1565 1089 1599 1093 —
1634 1073 1686 1103 35.
1712 1072 1753 1102 ab
1778 1073 1885 1103 Diano
1908 1072 2010 1112 Lagg.

266 1144 300 1147 —
327 1126 469 1165 Sinopen
491 1126 532 1156 27
556 1124 666 1163 solus⁷
692 1126 730 1156 ut
753 1125 901 1156 videtur.

349 1190 426 1222 pag.
453 1182 526 1212 ⁴57.
557 1190 589 1212 v.
617 1182 646 1212 4.
673 1181 711 1212 de
732 1181 829 1212 classi
852 1181 892 1213 29
917 1190 951 1222 p.
987 1199 1021 1203 —
1059 1181 1090 1213 3.
1116 1182 1326 1223 eaecoqilabas
1350 1184 1449 1223 Lagg.
1477 1184 1615 1224 praeter
1638 1183 1690 1214 29.
1724 1201 1757 1205 —
1798 1183 1828 1214 6.
1855 1184 1884 1214 ei
1906 1183 2012 1215 habet

262 1237 316 1269 29.
343 1254 379 1258 —
405 1237 459 1269 27.
486 1238 615 1269 domest.
650 1237 756 1278 legum
783 1237 888 1269 ctiam
911 1237 964 1269 42.
1003 1256 1037 1260 —
1075 1238 1129 1270 28.
1156 1239 1234 1278 quid
1257 1239 1294 1270 de
1316 1239 1370 1270 illo
1394 1240 1424 1270 ὅ.
1452 1239 1490 1270 27
1516 1238 1590 1270 soli.
1626 1257 1660 1261 —
1695 1239 1748 1270 29.
1775 1239 1951 1280 aedificata
1973 1239 2013 1270 sit

262 1293 394 1325 habent
416 1293 468 1325 29.
495 1293 547 1325 42.
577 1311 612 1315 —
638 1292 691 1325 40.
716 1293 812 1333 facile
836 1286 892 1331 29,
921 1295 958 1324 ut
981 1293 1088 1324 habet
1112 1294 1262 1326 Servius.

348 1358 427 1391 pag.
455 1349 528 1381 458.
554 1357 587 1380 v.
614 1349 644 1380 2.
670 1349 724 1380 IIS
745 1338 831 1380 Eo
856 1349 916 1386 29;
947 1350 1001 1380 HS
1021 1349 1108 1381 XXD
1132 1349 1152 1381 4
1175 1348 1241 1382 alii.
1270 1368 1304 1372 —
1332 1350 1363 1382 4.
1389 1351 1508 1390 aulem]
1534 1354 1608 1381 ante
1634 1350 1683 1381 29.
1712 1367 1745 1371 —
1773 1350 1805 1382 8.
1831 1350 1916 1381 dixit
1939 1358 2008 1382 om.

222 1421 226 1423 -
261 1405 315 1438 29.
344 1423 378 1428 —
414 1408 596 1437 extremam
623 1413 734 1436 ceram
763 1406 865 1445 Lagg.
893 1407 1033 1446 praeter
1055 1405 1108 1437 42.
1149 1424 1183 1428 —
1220 1405 1251 1438 9.
1277 1408 1311 1437 in
1344 1415 1413 1438 om.
1440 1405 1492 1438 42.
1533 1423 1567 1427 —
1607 1406 1657 1437 40.
1684 1406 1823 1437 reddidit
1846 1405 1886 1436 29
1911 1414 1944 1447 p.
1972 1423 2006 1427 -

263 1462 315 1494 44.
341 1461 411 1503 DC]
436 1462 469 1492 in
492 1461 533 1492 29
557 1470 591 1502 p.
626 1478 660 1482 —
696 1460 748 1493 42,
773 1461 865 1501 facta
895 1462 957 1492 sint
985 1461 1090 1492 etiam
1115 1461 1145 1493 6.
1172 1462 1224 1493 27.
1251 1462 1303 1493 29.
1330 1461 1383 1494 42.
1411 1463 1459 1502 <ln
1483 1461 1599 1493 adnot.
1626 1470 1795 1493 numerus
1819 1462 1859 1493 42
1882 1470 1945 1502 pro
1970 1462 2005 1492 44

260 1517 445 1558 ponendus
469 1517 545 1557 est.)
563 1534 598 1539 —
627 1516 678 1549 44.
703 1517 797 1548 milia
819 1521 972 1548 sea-centa
994 1517 1047 1549 29.
1068 1535 1102 1539 —-
1131 1518 1182 1549 45.
1208 1518 1301 1548 milia
1323 1527 1394 1550 om.
1413 1518 1465 1549 29.
1489 1536 1522 1540 —-
1550 1519 1602 1550 46.
1629 1518 1686 1548 alii
1709 1518 1823 1559 priore
1843 1518 1919 1550 loco
1937 1525 2007 1548 oni.

260 1573 302 1605 29
326 1582 360 1614 p.
389 1590 423 1595 —
451 1574 503 1605 49.
523 1572 727 1612 praebuisset
749 1573 853 1604 etiam
876 1572 917 1604 29
942 1582 975 1613 p.
1004 1590 1038 1594 —-
1065 1574 1119 1604 21.
1144 1573 1273 1612 optimis
1297 1574 1397 1614 Lagg.
1424 1575 1564 1614 praeter
1587 1573 1639 1605 42.
1666 1573 1718 1605 45.
1746 1591 1779 1594 -—
1807 1572 1859 1605 32.
1886 1573 2010 1605 electis—

260 1629 423 1669 simasqne
449 1630 467 1660 7
492 1629 576 1660 dett.

349 1694 426 1726 pag.
447 1685 520 1717 459.
546 1694 578 1716 V.
598 1684 629 1716 2.
654 1687 790 1716 vacaret
813 1684 853 1714 29
871 1693 904 1724 p.
926 1703 960 1706 —
987 1684 1018 1715 3.
1044 1687 1119 1715 lunc
1142 1685 1201 1720 29;
1229 1692 1298 1715 om.
1317 1683 1391 1715 rell.
1419 1684 1498 1723 (non
1522 1684 1628 1716 habet
1651 1685 1699 1723 Z.)
1719 1702 1753 1706 —
1781 1685 1812 1716 5.
1831 1684 1945 1716 Verba
1961 1685 2009 1715 his

261 1742 459 1779 nominibus,
487 1750 570 1780 quae
593 1749 644 1771 res
663 1749 725 1780 per
745 1741 830 1771 hunc
851 1743 960 1780 gestae
974 1743 1047 1771 sunt
1064 1749 1126 1780 pro
1144 1740 1270 1780 spuriis
1287 1739 1394 1771 habet
1410 1740 1533 1771 Bakius
1551 1739 1570 1771 l.
1589 1749 1619 1771 c.
1639 1748 1672 1780 p.
1689 1740 1761 1771 491.
1779 1758 1822 1762 -—
1846 1741 1898 1772 40.
1923 1741 2008 1771 enim

260 1797 367 1829 habet
390 1797 442 1828 29.
471 1814 505 1818 —
533 1797 545 1827 4
557 1796 585 1828 ’1.
611 1795 686 1836 PR]
721 1797 755 1827 P.
782 1796 818 1827 R.
844 1796 945 1836 Lagg.
973 1798 1113 1836 praeter
1136 1795 1195 1832 42,
1223 1795 1283 1835 qui
1305 1796 1366 1826 PR.
1392 1796 1426 1826 P.
1453 1796 1489 1826 lt.
1516 1794 1652 1826 videtur
1676 1794 1820 1827 habere.
1848 1813 1882 1817 —
1910 1795 2006 1836 quod]

259 1854 418 1894 quomodo
442 1853 482 1883 29
506 1861 540 1893 p.
570 1870 605 1875 -—
633 1853 685 1883 45.
706 1855 828 1891 pestem
851 1855 1131 1891 tempestatemque
1156 1851 1209 1882 29.
1244 1869 1280 1873 —
1315 1851 1367 1882 49.
1394 1851 1490 1882 istum
1506 1851 1695 1890 --ραὶαυίι
1719 1859 1788 1882 0111.
1815 1851 1833 1882 7
1858 1850 1941 1883 dett.
1970 1868 2005 1874 —

258 1911 312 1942 24.
337 1909 472 1950 fuissent
496 1908 547 1939 29.
575 1925 610 1929 —
638 1908 690 1939 26.
716 1908 763 1938 ita
785 1911 831 1939 esc
853 1907 911 1938 29:
939 1916 1009 1939 om.
1036 1906 1108 1938 rell.
1137 1925 1171 1928 —
1199 1907 1252 1938 29.
1275 1910 1518 1948 prorogaretur
1540 1905 1634 1939 solus
1657 1906 1711 1946 42,
1736 1909 1774 1938 ut
1794 1906 1946 1942 videtur.
1970 1924 2004 1928 ——

258 1965 311 1997 30.
335 1965 469 2005 perinde
492 1963 585 1996 solus
602 1963 660 2001 48,
687 1964 725 1994 ut
747 1964 831 1995 item
855 1962 940 1994 infra
958 1972 991 1995 v.
1011 1963 1077 2001 3⁰.,
1103 1961 1162 1994 ubi
1186 1962 1354 1994 Iordanus
1380 1971 1460 1994 eum
1484 1963 1626 1994 secutus
1643 1964 1706 1994 est.
1744 1962 1869 2001 Quidni
1891 1963 2006 2004 priore

258 2030 399 2062 quoque
423 2019 529 2052 loco?
562 2037 597 2041 —-
628 2019 680 2051 33.
710 2020 812 2059 possit
833 2019 874 2050 29
898 2028 932 2060 p.
960 2037 994 2041 —
1028 2020 1081 2051 36.
1103 2022 1211 2059 posset
1234 2018 1344 2058 solus,
1372 2021 1410 2051 ut
1432 2018 1585 2058 videtur,
1611 2018 1664 2051 42.
1691 2037 1727 2041 -—
1753 2018 1806 2051 38.
1832 2019 2008 2059 imperasse

256 2077 312 2109 29.
339 2078 357 2108 7
382 2076 466 2108 dett.
494 2093 528 2098 —
556 2084 648 2107 omen
672 2074 918 2115 magistratibus
941 2084 1076 2107 omnes.

343 2141 421 2175 pag.
448 2134 460 2163 4
470 2132 522 2164 60.
548 2140 581 2163 v.
609 2132 639 2163 4.
665 2132 800 2162 illarum
821 2131 985 2162 rationem
1008 2131 1048 2162 29
1069 2140 1102 2173 p.
1122 2131 1153 2164 6.
1173 2130 1231 2169 48;
1257 2131 1392 2162 illarum
1415 2130 1614 2171 legationum
1630 2131 1682 2162 27.
1702 2130 1742 2163 42
1760 2139 1794 2172 p.
1816 2148 1847 2152 —
1877 2139 1917 2162 ea
1933 2139 2002 2163 om.

258 2191 360 2230 Lagg.
394 2190 534 2230 praeter
557 2187 610 2219 29.
646 2205 681 2209 —
713 2187 745 2219 3.
775 2187 964 2219 Dolabellae
993 2188 1053 2219 PR.
1081 2190 1278 2227 propaelore
1299 2187 1352 2218 29.
1386 2187 1543 2227 (praeter
1566 2187 1655 2218 hanc
1684 2185 1773 2218 nulla
1798 2195 1840 2218 ex
1863 2186 2005 2228 reliquis

256 2246 406 2276 varietas
435 2243 479 2275 ad
505 2242 614 2275 verba
645 2243 700 2275 ed.
734 2244 811 2274 Gar.
836 2244 898 2275 PR.
924 2244 958 2274 P.
981 2244 1018 2274 R.
1045 2244 1218 2284 exscripta
1243 2242 1320 2282 est.)
1351 2260 1385 2264 —
1420 2244 1450 2274 6.
1478 2244 1512 2274 et
1535 2243 1566 2274 7.
1591 2245 1621 2274 et
1644 2244 1722 2274 ante
1747 2243 1833 2282 quod
1853 2242 1908 2275 bis
1931 2251 2001 2274 om.

258 2301 336 2333 cod.
363 2301 501 2332 Hotom.
529 2317 564 2320 —
598 2300 630 2331 7.
656 2299 794 2330 tricenta
817 2299 870 2330 29.
898 2316 933 2320 —
972 2300 1057 2338 quod
1074 2299 1150 2338 plus
1171 2299 1327 2339 frumenti
1351 2302 1380 2330 te
1400 2299 1474 2338 fecit
1498 2299 1673 2339 accepisse,
1705 2307 1805 2338 quam
1827 2302 1881 2337 tu,
1910 2299 2004 2331 homo

257 2357 470 2395 castissimus,
507 2356 542 2386 in
572 2354 690 2386 tabulis
717 2354 871 2394 habebas,
907 2355 961 2386 IIS
989 2355 1091 2386 decies
1120 2358 1149 2386 el
1179 2355 1364 2395 octinqenta
1385 2355 1478 2386 milia
1500 2354 1622 2386 Lainb.
1648 2355 1773 2396 parlim
1798 2363 1840 2386 ex
1863 2355 2000 2387 Hotom.

257 2413 348 2445 coni.
380 2411 591 2452 (Lectionem
616 2409 773 2441 Lambini
797 2411 911 2442 minus
936 2412 1099 2442 accurate
1123 2409 1234 2442 attulit
1258 2410 1305 2450 Z.)
1327 2429 1361 2433 —
1387 2410 1417 2442 9.
1438 2411 1598 2450 pecunias
1620 2419 1702 2450 quas
1723 2411 1778 2444 29.
1798 2428 1831 2432 —
1858 2412 1911 2443 44.
1929 2419 2004 2443 cum

256 2478 326 2501 om.
352 2469 455 2509 Lagg.
485 2485 518 2490 -
546 2467 584 2506 Q.
610 2469 640 2497 et
663 2465 734 2506 Cn]
759 2468 788 2497 et
811 2466 868 2497 Cn.
895 2474 964 2497 om.
990 2465 1049 2503 423
1084 2467 1120 2506 Q.
1146 2467 1183 2506 Q.
1208 2466 1267 2505 29,
1295 2467 1328 2497 et
1352 2466 1401 2498 sie
1424 2465 1479 2498 vel
1503 2475 1629 2506 quoque
1654 2467 1691 2506 Q.
1717 2465 1851 2507 reliqui.
1879 2484 1914 2489 —
1939 2468 2003 2499 Ρο-

254 2529 378 2557 scamus
400 2524 460 2562 29,
485 2522 666 2554 Postumius
688 2521 741 2553 42.
762 2539 796 2543 -
821 2521 952 2565 Curtiis]
976 2530 1036 2553 cur
1057 2522 1167 2553 mullis
1189 2521 1242 2554 42.
1262 2539 1297 2543 —
1326 2522 1378 2554 46.
1404 2525 1479 2554 ante
1496 2525 1694 2562 praeturam
1716 2522 1757 2553 29
1780 2531 1814 2563 p.
1835 2540 1870 2544 —
1898 2523 1950 2555 49.
1967 2523 2002 2554 in

256 2590 325 2613 om.
351 2581 404 2612 29.
433 2596 467 2601 -
500 2578 554 2610 22.
579 2578 632 2609 cui
654 2578 694 2608 sie
717 2578 797 2608 data
820 2586 890 2609 om.
917 2580 1019 2618 Lagg.
1047 2580 1188 2619 praeter
1211 2577 1264 2609 29.
1292 2595 1327 2599 —
1360 2578 1414 2610 25.
1441 2578 1713 2610 extraordinaria
1733 2579 1873 2618 pecunia
1895 2579 1998 2619 Lagg.

254 2638 395 2678 praeter
416 2635 470 2667 29.
490 2633 542 2666 42.
563 2651 599 2655 —-
624 2633 676 2666 26.
703 2633 869 2665 arbitrare
891 2634 931 2665 29
950 2642 982 2674 p.
1004 2651 1038 2655 —
1065 2634 1118 2665 27.
1143 2642 1260 2665 nomen
1281 2633 1384 2665 ullum
1407 2633 1460 2665 29.
1481 2651 1518 2657 —
1544 2633 1596 2665 36.
1615 2642 1699 2673 quae
1721 2634 1800 2666 mihi
1822 2638 1881 2666 aul
1895 2635 2001 2667 amico

255 2693 273 2725 7
299 2692 383 2724 dett.
418 2692 468 2732 (In
492 2690 610 2722 adnot.
637 2690 687 2721 sic
710 2689 955 2729 corrigendum
979 2691 1048 2721 est:
1076 2698 1160 2729 quae
1183 2698 1252 2722 om.
1279 2689 1355 2729 Ld.,
1382 2689 1479 2731 dett..)

343 2756 420 2789 pag.
447 2746 521 2778 464.
546 2754 580 2777 v.
606 2745 637 2776 5.
664 2745 789 2776 dicendi
811 2745 851 2776 29
877 2747 911 2776 et
933 2746 951 2777 7
977 2745 1081 2777 dem:
1111 2746 1244 2777 dicundi
1266 2744 1318 2777 42.
1347 2763 1382 2768 —
1409 2747 1439 2778 6.
1465 2746 1529 2777 sint
1551 2746 1584 2778 in
1607 2747 1649 2778 29
1674 2755 1770 2786 esse,
1802 2746 1846 2778 de
1870 2755 1937 2787 qua
1960 2755 1998 2778 re

255 2804 433 2845 Zumptius
458 2802 565 2841 tacet,
596 2809 660 2832 nos
683 2800 899 2838 addidimus;
932 2810 1013 2833 nam
1037 2801 1117 2833 inde
1142 2811 1160 2833 a
1192 2800 1268 2833 solio
1292 2801 1478 2833 undecimo
1503 2802 1703 2844 exemplum
1726 2802 1997 2835 Niebuhrianum

256 2859 415 2892 editionis
439 2858 689 2889 Garatonianae
714 2857 783 2888 iam
808 2857 907 2889 nobis
931 2858 964 2889 in
989 2856 1134 2898 plagulis
1159 2857 1372 2897 corrigendis
1395 2857 1439 2888 ad
1463 2866 1587 2889 manus
1611 2860 1695 2890 erat.
1722 2876 1757 2880 —
1792 2859 1844 2890 40.
1870 2858 1904 2890 C.
1928 2858 1998 2890 An-

253 2917 328 2948 nius
350 2917 452 2956 Lagg.
478 2921 600 2946 omnes
625 2912 766 2945 habent.
794 2930 829 2935 —-
857 2915 909 2945 44.
937 2914 1022 2953 quod
1044 2923 1118 2945 cum
1140 2917 1266 2945 natura
1289 2912 1382 2945 solus
1406 2914 1459 2945 29.
1483 2931 1517 2935 ——
1547 2915 1597 2946 43.
1623 2915 1735 2946 omnia
1755 2913 1919 2954 faciebant
1939 2914 1993 2946 29.

256 2990 291 2994 —
318 2972 372 3003 26.
405 2970 631 3011 quemmodum
660 2970 731 3010 (sic)
760 2970 795 3000 in
822 2970 984 3002 rationem
1012 2970 1164 3001 ducerent
1194 2969 1221 3000 V
1244 2970 1331 3001 teste
1356 2969 1518 3000 Brunnio.
1549 2986 1583 2991 —
1622 2971 1673 3002 27.
1698 2979 1757 3001 suo
1780 2978 1849 3001 om.
1876 2969 1928 3001 29.
1956 2986 1991 2991 ——

254 3027 307 3059 30.
333 3027 488 3066 aequum]
511 3028 540 3057 et
561 3034 635 3056 cum
658 3026 698 3057 29
724 3026 938 3066 (corruptum
962 3034 1005 3057 ex
1028 3026 1165 3065 aecum).
1193 3041 1227 3046 -—
1254 3033 1310 3056 W.
1337 3033 1412 3056 cum
1433 3025 1614 3067 intelligam
1635 3026 1736 3066 legem
1762 3025 1834 3057 Voc.
1852 3025 1927 3057 Vat.
1945 3025 1995 3057 sic

255 3084 398 3122 omittit,
424 3083 462 3114 ut
484 3083 563 3123 post
584 3083 762 3122 cognoscite
784 3090 932 3122 parvum
956 3079 1175 3112 intervallum
1197 3078 1356 3112 relictum
1379 3080 1433 3112 sit.

342 3147 420 3180 pag.
447 3137 520 3169 462.
556 3145 589 3169 v.
615 3137 646 3168 9.
676 3137 810 3176 Lectio,
847 3145 954 3177 quam
982 3136 1082 3168 affert
1110 3136 1219 3168 Maius
1249 3143 1291 3167 ex
1314 3135 1354 3174 V,
1381 3137 1434 3167 est
1456 3135 1510 3168 illa
1533 3136 1676 3177 quidem
1698 3136 1732 3168 in
1756 3135 1894 3176 codice,
1930 3135 1992 3169 sed

254 3197 350 3226 recta
379 3192 570 3226 verborum
599 3191 796 3232 collocatio,
831 3200 938 3233 quam
965 3192 1073 3224 Maius
1103 3200 1145 3224 ex
1168 3199 1231 3222 sua
1255 3191 1452 3222 coniectura
1477 3191 1586 3230 dedit,
1620 3192 1689 3224 iam
1712 3200 1730 3223 a
1753 3190 1893 3224 librario
1916 3192 1992 3233 ipso

255 3250 359 3290 signis
388 3248 664 3290 transpositionis
694 3248 819 3281 additis
850 3248 998 3280 indicata
1031 3249 1095 3280 est.
1141 3247 1216 3279 Hoc
1237 3247 1305 3278 iam
1335 3249 1521 3288 propterea
1545 3246 1760 3279 monendum
1783 3247 1861 3287 suit,
1897 3246 1991 3289 quod

254 3304 402 3338 Klotzius
431 3305 467 3338 in
495 3303 551 3337 ed.
577 3305 617 3337 11.
642 3312 770 3336 vocem
796 3304 987 3344 reprehendi
1012 3303 1146 3337 uncinis
1175 3300 1331 3343 inclusit,
1368 3301 1412 3335 de
1438 3299 1536 3335 cuius
1564 3303 1709 3336 veritate
1738 3312 1808 3336 non
1834 3304 1904 3337 iam
1927 3302 1992 3336 erit
