2175 3718
216 225 296 269 452
707 225 762 266 IN
791 223 1012 266 VERREM
1042 222 1202 265 ACTIO
1237 221 1479 264 SECUNDA

214 345 302 381 tum
334 343 414 388 est,
454 341 502 380 ut
538 337 794 379 laetarentur
830 350 974 378 omnes
1005 349 1145 389 neque
1175 335 1263 376 ulla
1293 335 1601 376 animadversio
1633 335 1975 378 constitueretur:

212 403 281 442 hic
312 403 523 442 sociorum
552 401 768 441 ambustus
799 399 996 439 incendio
1029 403 1166 438 tamen
1197 412 1249 438 ex
1280 398 1352 438 illa
1378 400 1545 438 flamma
1574 397 1849 451 periculoque
1880 413 1977 440 evo-

213 465 335 513 lavit,
366 476 503 518 neque
534 462 673 503 adhuc
705 475 873 502 causam
904 461 1031 500 ullam
1054 460 1293 513 excogitare
1323 461 1483 513 potuit,
1515 459 1786 514 quamobrem
1809 462 1978 500 commi-

214 528 316 568 serit
344 531 416 567 aut
447 526 549 580 quid
571 525 775 571 evenerit,
806 529 853 563 ut
878 523 921 563 in
943 527 1103 563 tantum
1126 522 1361 575 periculum
1382 524 1556 563 veniret.
1589 524 1683 562 Non
1703 522 1814 563 enim
1838 527 1977 576 potest

182 589 374 629 5dicere:
407 602 501 629 cum
532 587 782 627 seditionem
814 586 960 625 sedare
981 585 1152 631 vellem,
1184 597 1279 623 cum
1299 584 1557 625 frumentum
1579 585 1852 638 imperarem,
1884 598 1978 626 cum

213 650 470 704 stipendium
500 662 713 702 cogerem,
760 661 853 687 cum
884 647 1047 700 aliquid
1079 647 1261 700 denique
1292 647 1352 686 rei
1383 649 1575 701 publicae
1608 660 1735 687 causa
1764 661 1977 700 gererem:

215 711 330 767 quod
360 712 497 753 acrius
526 710 748 764 imperavi,
781 708 897 763 quod
927 708 1228 756 animadverti,
1260 711 1376 763 quod
1406 711 1588 751 minatus
1621 723 1750 750 sum.»
1804 710 1922 758 Quae
1945 711 1979 751 si

216 775 396 822 diceret,
428 779 567 814 tamen
597 772 758 826 ignosci
789 784 877 811 non
909 776 1140 824 oporteret,
1183 771 1216 811 si
1247 772 1371 813 nimis
1405 773 1603 813 atrociter
1633 772 1880 826 imperando
1913 786 1982 813 so-

215 838 291 877 ciis
330 837 374 877 in
409 841 570 877 tantum
609 834 815 875 adductus
856 834 1090 886 periculum
1121 834 1344 874 videretur.
1412 836 1603 875 XXVIII.
1636 833 1703 876 74.
1734 837 1853 875 Nunc
1886 848 1980 875 cum

166 900 306 953 toipse
338 911 506 939 causam
536 897 649 937 illius
681 896 883 936 tumultus
914 909 1053 950 neque
1074 909 1214 936 veram
1246 896 1384 937 dicere
1413 911 1552 952 neque
1574 898 1720 938 falsam
1743 894 1980 950 confingere

216 962 389 1009 audeat,
420 961 546 1000 homo
577 964 715 999 autem
748 958 908 998 ordinis
940 959 1004 998 sui
1036 958 1366 1011 frugalissimus,
1398 960 1470 1014 qui
1503 966 1590 1000 tum
1612 973 1814 1001 aecensus
1836 959 1878 999 C.
1901 961 1981 1000 Ne-

215 1023 309 1064 roni
349 1022 450 1070 suit,
486 1023 528 1062 P.
561 1021 740 1068 Tettius,
780 1020 885 1060 haec
926 1021 1070 1061 eadem
1112 1034 1155 1060 se
1198 1021 1415 1075 Lampsaci
1455 1035 1659 1075 cognosse
1701 1022 1877 1070 dixerit,
1919 1022 1982 1062 vir

218 1085 411 1126 omnibus
442 1085 566 1124 rebus
598 1083 916 1131 ornatissimus,
957 1083 998 1123 C.
1031 1084 1182 1130 Varro,
1225 1084 1297 1137 qui
1329 1089 1415 1124 tum
1447 1084 1489 1124 in
1520 1085 1618 1124 Asia
1651 1084 1842 1124 tribunus
1873 1084 1982 1124 mili-

218 1153 306 1188 tum
335 1147 436 1194 fuit,
467 1147 571 1186 haec
603 1146 748 1186 eadem
779 1146 870 1199 ipsa
901 1159 945 1185 se
977 1160 1030 1186 ex
1060 1145 1306 1186 Philodamo
1339 1147 1507 1187 audisse
1530 1147 1665 1187 dicat:
1699 1148 1876 1199 potestis
1907 1148 1981 1187 du-

169 1211 348 1250 i5bitare
380 1210 482 1263 quin
514 1210 638 1249 istum
668 1208 838 1248 fortuna
865 1222 950 1249 non
979 1214 1062 1248 tam
1085 1222 1137 1248 ex
1158 1208 1231 1248 illo
1258 1209 1447 1262 periculo
1471 1209 1632 1262 eripere
1653 1209 1835 1249 voluerit
1855 1223 1982 1263 quam

217 1273 270 1314 ad
299 1277 482 1313 vestrum
513 1271 715 1311 iudicium
746 1273 994 1311 reservare?
1043 1271 1132 1311 Nisi
1165 1285 1263 1311 vero
1295 1272 1399 1311 illud
1432 1272 1561 1319 dicet,
1594 1272 1707 1325 quod
1730 1271 1834 1312 etin
1855 1272 1981 1312 Tettii

216 1336 462 1377 testimonio
494 1334 633 1387 priore
664 1334 830 1374 actione
861 1334 1145 1386 interpellavit
1168 1334 1447 1374 Hortensius:
1480 1332 1578 1388 (quo
1602 1340 1789 1387 tempore
1811 1334 1981 1388 quidem

219 1399 326 1451 signi
358 1397 458 1437 satis
490 1396 626 1443 dedit,
658 1395 693 1436 si
725 1396 827 1449 quid
850 1401 978 1443 esset,
1013 1395 1125 1450 quod
1153 1401 1297 1449 posset
1318 1397 1479 1444 dicere,
1511 1410 1555 1436 se
1578 1401 1714 1436 tacere
1735 1410 1821 1437 non
1843 1410 1982 1450 posse,

218 1466 286 1509 ut,
318 1473 443 1515 quam
466 1459 538 1498 diu
569 1459 699 1499 tacuit
730 1459 773 1498 in
804 1459 952 1498 ceteris
983 1459 1179 1505 testibus,
1214 1459 1319 1499 scire
1342 1472 1488 1499 omnes
1510 1472 1751 1512 possemus,
1784 1458 1888 1498 nihil
1908 1459 1982 1499 ha-

168 1529 205 1558 2‘0
218 1523 361 1563 buisse
395 1521 510 1575 quod
542 1519 734 1573 diceretz)
766 1521 846 1561 hoc
879 1527 963 1561 tum
995 1521 1122 1569 dixit,
1153 1521 1443 1561 Philodamum
1466 1527 1507 1561 et
1527 1519 1657 1561 filium
1679 1522 1768 1561 eius
1790 1536 1814 1561 a
1837 1522 1880 1561 C.
1902 1523 1982 1561 Ne-

219 1598 323 1625 rone
369 1598 460 1624 esse
507 1583 739 1623 damnatos.
801 1581 866 1623 72.
912 1585 972 1623 De
1004 1597 1088 1636 quo
1121 1597 1173 1623 ne
1205 1584 1380 1623 multum
1412 1584 1635 1631 disseram,
1680 1590 1841 1623 tantum
1873 1584 1982 1632 dico,

220 1653 409 1688 secutum
450 1646 492 1685 id
532 1659 623 1686 esse
653 1647 859 1686 Neronem
894 1652 934 1685 ct
969 1646 1058 1685 eius
1091 1646 1333 1693 consilium,
1375 1647 1488 1699 quod
1522 1646 1762 1686 Cornelium
1793 1646 1982 1685 lictorem

221 1710 406 1751 occisum
437 1722 528 1748 esse
561 1713 791 1748 constaret:
829 1714 999 1761 putasse
1030 1723 1114 1748 non
1149 1715 1343 1761 oportere
1376 1722 1467 1749 esse
1498 1709 1692 1762 cuiquam
1725 1721 1776 1748 ne
1807 1708 1850 1747 in
1880 1707 1982 1747 ulci-

219 1772 374 1813 scenda
405 1771 574 1825 quidem
605 1770 759 1810 iniuria
792 1771 975 1811 hominis
1009 1771 1227 1810 occidendi
1258 1776 1521 1824 potestatem.
1567 1772 1613 1810 In
1645 1783 1729 1824 quo
1760 1771 1883 1810 video
1903 1771 1983 1810 Ne-

168 1835 334 1875 ‘25r0nis
376 1833 534 1873 iudicio
578 1846 662 1872 non
707 1839 744 1873 te
783 1833 1146 1873 absolutumresse
1185 1834 1486 1886 improbitatis,
1533 1834 1732 1873 sedilios
1764 1833 1982 1872 damnatos

219 1910 310 1938 esse
333 1895 485 1936 caedis.
516 1896 670 1935 Verum
694 1896 774 1936 ista
796 1896 1008 1935 danmatio
1031 1900 1167 1935 tamen
1192 1896 1310 1934 cuius
1337 1897 1449 1935 modi
1471 1896 1580 1935 fuiti>
1613 1895 1779 1942 Audite,
1811 1908 1982 1948 quaeso,

217 1960 399 2006 iudices,
438 1962 480 1997 et
519 1958 748 2011 aliquando
791 1958 1048 1998 miseremini
1092 1958 1302 1997 sociorum
1344 1964 1383 1998 et
1415 1959 1622 1998 ostendite
1654 1957 1814 2010 aliquid
1844 1957 1909 1997 his
1939 1958 1983 1997 in

217 2026 355 2062 vestra
384 2018 465 2060 [ide
497 2021 696 2074 praesidii
730 2034 821 2061 esse
853 2026 1062 2074 oportere.
1109 2021 1264 2060 XXIX.
1298 2021 1422 2069 Quod
1454 2021 1529 2060 toti
1551 2020 1675 2060 Asiae
1706 2020 1796 2059 iure
1819 2020 1983 2060 occisus

216 2084 438 2123 videbatur
466 2083 588 2123 istius
618 2084 689 2123 ille
721 2084 849 2123 verbo
882 2084 1026 2131 lictor,
1068 2097 1110 2123 re
1152 2097 1250 2123 vera
1283 2084 1471 2123 minister
1502 2083 1834 2136 improbissimae
1866 2084 1983 2136 cupi-

167 2154 203 2183 30
217 2146 379 2193 ditatis,
410 2145 627 2198 pertimuit
656 2146 734 2186 iste
774 2160 826 2185 ne
865 2146 1135 2185 Philodamus
1161 2146 1339 2185 Neronis
1372 2146 1528 2185 iudicio
1560 2146 1830 2184 liberaretur:
1864 2150 1984 2198 rogat

217 2214 258 2248 et
288 2213 379 2247 orat
408 2207 690 2255 Dolabellam,
731 2213 777 2247 ut
817 2209 867 2246 de
900 2220 973 2246 sua
1013 2209 1229 2261 provincia
1262 2209 1457 2254 decedat,
1497 2208 1548 2247 ad
1579 2209 1786 2247 Neronem
1818 2206 1981 2260 profici-

216 2276 381 2310 scatur:
427 2283 471 2309 se
503 2270 763 2309 demonstrat
794 2270 1047 2309 incolumem
1081 2283 1170 2309 esse
1203 2284 1285 2309 non
1319 2284 1464 2322 posse,
1501 2270 1534 2308 si
1565 2269 1810 2309 Philodamo
1842 2270 1981 2309 vivere

215 2337 341 2385 atque
373 2332 602 2384 aliquando
634 2334 809 2371 Romam
840 2332 983 2371 venire
1016 2332 1215 2371 licuisset.
1278 2331 1342 2370 725.
1376 2332 1619 2371 Commotus
1651 2338 1712 2370 est
1741 2331 1980 2371 Dolabella:

215 2394 313 2433 fecit
344 2395 410 2441 id,
443 2392 557 2447 quod
588 2395 706 2434 multi
740 2394 1119 2447 reprehenderunt,
1152 2400 1195 2433 ut
1229 2395 1480 2439 exereitum,
1511 2394 1794 2447 provinciam,
1825 2394 1979 2433 bellum

164 2465 201 2493 ‘30
215 2457 471 2511 relinqueret
501 2461 542 2496 et
571 2456 613 2495 in
646 2457 788 2497 Asiam
818 2457 1002 2496 hominis
1035 2457 1282 2510 nequissimi
1307 2470 1432 2496 eausa
1454 2457 1495 2495 in
1517 2456 1697 2495 alienam
1720 2456 1979 2509 provinciam

215 2518 561 2573 proficisceretur.
616 2520 895 2572 Posteaquam
928 2520 979 2558 ad
1010 2521 1219 2558 Neronem
1242 2520 1377 2567 venit,
1410 2519 1626 2559 contendit
1645 2519 1696 2558 ab
1719 2532 1791 2566 eo,
1822 2524 1868 2558 ut
1888 2519 1982 2558 Phi-

217 2583 370 2622 lodami
405 2594 572 2621 causam
605 2587 890 2634 cognosceret.
950 2583 1132 2621 Venerat
1163 2583 1277 2634 ipse,
1310 2582 1380 2635 qui
1415 2587 1525 2621 esset
1555 2582 1598 2620 in
1620 2580 1796 2620 consilio
1829 2586 1868 2620 et
1898 2581 1982 2634 pri-

216 2659 308 2685 mus
341 2644 593 2685 sententiam
625 2645 808 2684 diceret:
840 2644 1073 2684 adduxerat
1105 2645 1229 2684 etiam
1253 2643 1488 2697 praefectos
1510 2648 1551 2683 et
1571 2643 1762 2683 tribunos
1782 2643 1981 2683 militares

304 2807 356 2838 Μ.
387 2809 463 2837 tunc
487 2804 682 2845 G25Lg-t‘2.
713 2822 747 2826 —
784 2805 835 2836 4¹2.
865 2805 982 2836 Tollius
1005 2805 1087 2836 ‹ltt.:
1126 2805 1245 2836 Peleius
1268 2814 1289 2843 ς
1312 2805 1405 2835 Parr.
1432 2805 1455 2835 A
1483 2806 1517 2835 et
1542 2804 1588 2840 C;
1624 2803 1730 2835 Pelius
1754 2804 1795 2835 Gi
1817 2815 1823 2835 z
1860 2804 1983 2835 Pectius

214 2857 260 2887 Ge
277 2856 314 2888 C.
341 2856 395 2887 Sie
421 2854 507 2886 infra
532 2854 673 2886 turbant
697 2853 799 2885 codd.
822 2872 856 2877 m
885 2854 935 2885 43.
963 2855 1102 2886 militum
1127 2856 1275 2886 tribunus
1292 2855 1332 2885 Gi
1352 2854 1370 2884 '³2
1385 2864 1405 2892 ς
1429 2855 1523 2885 Parr.
1542 2855 1579 2885 B.
1601 2855 1637 2885 C.
1660 2872 1694 2876 —
1723 2853 1773 2886 isi.
1801 2854 1868 2894 ipse
1890 2854 1979 2885 coni.

214 2906 363 2937 Beneck.
390 2905 434 2937 ad
459 2913 510 2936 or.
537 2913 570 2946 p.
597 2903 662 2944 leg.
690 2903 802 2935 Manil.
830 2913 863 2945 p.
891 2905 964 2936 255.
993 2906 1059 2945 ipso
1085 2906 1196 2937 Haase
1222 2904 1265 2935 ad
1291 2904 1381 2935 Reis.
1409 2913 1441 2934 n.
1469 2904 1542 2934 378.
1573 2920 1606 2926 —
1646 2903 1695 2934 16.
1726 2904 1814 2935 Tettii
1837 2906 1906 2934 test.
1933 2904 1974 2934 Gi

215 2957 269 2995 ἒς
291 2957 386 2987 Parr.
413 2955 537 2992 BCD,
566 2955 654 2995 ng
668 2953 732 2991 423
770 2957 839 2985 test.
869 2954 901 2985 Τ,
929 2954 990 2986 dtt.
1018 2956 1054 2986 O.
1085 2973 1117 2976 Μ
1157 2955 1207 2986 [17.
1235 2958 1329 2993 temp.
1354 2953 1420 2993 ipse
1444 2953 1572 2992 qualem
1596 2954 1654 2984 (32.
1685 2969 1718 2975 -
1747 2953 1798 2984 19.
1824 2952 1926 2983 lacuit
1947 2953 1982 2982 in

212 3007 326 3038 ceteris
350 3007 391 3037 Gi
410 3006 464 3045 (ἐς
487 3006 582 3036 Parr.
608 3005 633 3036 B
649 3005 673 3035 C
689 3006 734 3043 Ι),
762 3004 927 3044 LgQOi-Q:
959 3005 1060 3035 tacuit
1085 3013 1154 3035 om.
1181 3005 1242 3036 (lit.
1271 3004 1308 3035 Ο.
1337 3021 1370 3025 —
1397 3003 1527 3034 testibus
1551 3003 1690 3041 G35C,
1717 3004 1789 3034 Par.
1819 3002 1862 3033 C:
1887 3001 1982 3033 rebus

212 3056 299 3093 dtt.;
338 3055 497 3095 quamdiu
529 3055 562 3085 in
592 3055 705 3085 celeris
738 3055 833 3085 rebus
857 3055 997 3085 tacuerit
1029 3054 1053 3085 O
1078 3056 1158 3095 post
1181 3055 1328 3094 Nauger.
1358 3071 1391 3074 —-
1424 3053 1476 3083 ⁶20.
1504 3053 1557 3083 scd
1579 3053 1637 3083 hoc
1661 3053 1696 3083 1„
1723 3052 1761 3083 O.
1783 3069 1817 3072 —
1844 3051 1912 3081 cius
1931 3052 1977 3092 fil.

216 3106 278 3137 dtt.
305 3106 341 3137 Ο.
372 3123 406 3127 »-
432 3105 485 3136 ⁶24.
512 3104 651 3135 multum
676 3104 721 3135 053
735 3102 787 3141 λς
818 3105 893 3135 Par.
922 3104 964 3135 C:
995 3104 1099 3135 mulla
1124 3103 1185 3134 (itt.
1213 3104 1249 3134 Ο.
1279 3121 1313 3124 —
1340 3102 1391 3134 23.
1419 3103 1563 3141 cuipiam
1588 3102 1700 3142 Lgfflh
1737 3101 1893 3140 cuiquam
1916 3100 1978 3133 titt.

216 3156 446 3196 transponunt
470 3156 549 3186 ante
573 3154 721 3185 hominis.
745 3173 779 3176 —
806 3153 858 3184 ⁵22..
885 3154 1024 3185 Neronis
1049 3154 1167 3184 iudicio
1191 3151 1258 3184 del.
1286 3153 1367 3184 Bak.
1393 3152 1437 3183 ad
1456 3153 1557 3192 chg.
1584 3161 1617 3193 p.
1637 3152 1710 3182 621.
1736 3169 1768 3172 —
1795 3151 1848 3181 ⁶2ss.
1875 3151 1982 3181 cuius-

214 3206 301 3236 modi
315 3205 415 3245 fucrit
430 3203 580 3236 Klotzius
598 3213 639 3235 ex
659 3204 746 3244 Lgssss
765 3206 799 3235 et
816 3203 856 3242 11,
877 3204 934 3244 qui
950 3204 1049 3243 fueri!
1068 3203 1249 3244 praebent.
1267 3219 1302 3224 —
1323 3203 1375 3233 27.
1397 3202 1434 3232 iis
1452 3201 1580 3233 malim.
1605 3202 1712 3233 lium.
1735 3218 1769 3222 —
1787 3200 1839 3232 ⁶28.
1859 3200 1981 3231 occisus

216 3263 279 3287 esse
303 3256 361 3286 Gi.
391 3274 424 3277 —
452 3254 505 3286 ⁶29.
531 3263 568 3286 re
582 3254 674 3295 vcra]
698 3263 773 3285 vei-0
798 3255 855 3285 Gi.
879 3272 911 3276 m
942 3255 1038 3293 impr.
1058 3254 1234 3293 rolnplalis
1256 3253 1291 3283 L.
1319 3252 1351 3283 in
1376 3261 1483 3291 marg.
1505 3251 1599 3284 4584.
1628 3249 1734 3281 «Nihil
1752 3250 1978 3282 mutandum:

216 3303 384 3344 cupiditas
410 3305 502 3335 enim
521 3302 732 3344 voluptatem
760 3303 946 3342 antecedit,
973 3313 1062 3344 quae
1088 3305 1162 3335 tum
1187 3303 1307 3335 secuta
1334 3311 1400 3333 non
1420 3303 1483 3333 est.
1511 3301 1553 3332 cf.
1573 3301 1603 3342 g.
1625 3301 1676 3332 67.
1696 3300 1771 3331 78.»
1798 3302 1918 3332 GARAT.
1938 3302 1977 3333 11.

217 3372 250 3375 —
278 3353 329 3385 35
358 3354 392 3384 in
414 3354 536 3396 Asiam]
565 3355 710 3395 propter
734 3352 998 3385 collocationem
1023 3354 1110 3385 haee
1133 3352 1240 3385 verba
1267 3352 1310 3384 de
1335 3351 1448 3392 glossa
1475 3352 1639 3393 suspecta
1662 3349 1836 3383 videntur.
