<?xml version="1.0" encoding="UTF-8"?>
<!DOCTYPE html PUBLIC "-//W3C//DTD XHTML 1.0 Transitional//EN"
    "http://www.w3.org/TR/xhtml1/DTD/xhtml1-transitional.dtd">
<html xmlns="http://www.w3.org/1999/xhtml" xml:lang="en" lang="en">
 <head>
  <title>
</title>
<meta http-equiv="Content-Type" content="text/html;charset=utf-8" />
  <meta name='ocr-system' content='tesseract 3.04.00' />
  <meta name='ocr-capabilities' content='ocr_page ocr_carea ocr_par ocr_line ocrx_word'/>
</head>
<body>
  <div class='ocr_page' id='page_1' title='image "./p1operaquaesupersu02ciceuoft_0532.png"; bbox 0 0 2143 3713; ppageno 0'>
   <div class='ocr_carea' id='block_1_1' title="bbox 266 1464 347 1495">
    <p class='ocr_par' dir='ltr' id='par_1_1' title="bbox 266 1464 347 1495">
     <span class='ocr_line' id='line_1_1' title="bbox 266 1464 347 1495; baseline -0.049 0"><span class='ocrx_word' id='word_1_1' title='bbox 266 1464 347 1495; x_wconf 88' lang='lat' dir='ltr'>P=</span> 
     </span>
    </p>
   </div>
   <div class='ocr_carea' id='block_1_2' title="bbox 264 1612 353 1643">
    <p class='ocr_par' dir='ltr' id='par_1_2' title="bbox 264 1612 353 1643">
     <span class='ocr_line' id='line_1_2' title="bbox 264 1612 353 1643; baseline 0 0"><span class='ocrx_word' id='word_1_2' title='bbox 264 1612 307 1643; x_wconf 91' lang='lat' dir='ltr'>W</span> <span class='ocrx_word' id='word_1_3' title='bbox 322 1621 353 1632; x_wconf 67' lang='grc' dir='ltr'><em>Ξ</em></span> 
     </span>
    </p>
   </div>
   <div class='ocr_carea' id='block_1_3' title="bbox 434 589 1856 812">
    <p class='ocr_par' dir='ltr' id='par_1_3' title="bbox 434 589 1856 812">
     <span class='ocr_line' id='line_1_3' title="bbox 836 589 1452 652; baseline 0.002 -3"><span class='ocrx_word' id='word_1_4' title='bbox 836 591 892 650; x_wconf 89' lang='grc' dir='ltr'>Μ.</span> <span class='ocrx_word' id='word_1_5' title='bbox 929 591 1115 650; x_wconf 77' lang='lat' dir='ltr'>TULLII</span> <span class='ocrx_word' id='word_1_6' title='bbox 1152 589 1452 652; x_wconf 77' lang='lat' dir='ltr'>CICERONIS</span> 
     </span>
     <span class='ocr_line' id='line_1_4' title="bbox 434 754 1856 812; baseline 0.001 -2"><span class='ocrx_word' id='word_1_7' title='bbox 434 754 748 810; x_wconf 74' lang='lat' dir='ltr'><strong>ORATIO</strong></span> <span class='ocrx_word' id='word_1_8' title='bbox 789 756 902 810; x_wconf 80' lang='lat' dir='ltr'>DE</span> <span class='ocrx_word' id='word_1_9' title='bbox 945 755 1296 811; x_wconf 78' lang='lat' dir='ltr'><strong>IMPERIO</strong></span> <span class='ocrx_word' id='word_1_10' title='bbox 1338 755 1469 812; x_wconf 82' lang='lat' dir='ltr'>CN.</span> <span class='ocrx_word' id='word_1_11' title='bbox 1510 755 1856 812; x_wconf 83' lang='grc' dir='ltr'><strong>ΡΟΜΡΕΙΙ</strong></span> 
     </span>
    </p>
   </div>
   <div class='ocr_carea' id='block_1_4' title="bbox 895 894 1390 942">
    <p class='ocr_par' dir='ltr' id='par_1_4' title="bbox 895 894 1390 942">
     <span class='ocr_line' id='line_1_5' title="bbox 895 894 1390 942; baseline 0.002 -10"><span class='ocrx_word' id='word_1_12' title='bbox 895 894 976 933; x_wconf 88' lang='lat' dir='ltr'>AD</span> <span class='ocrx_word' id='word_1_13' title='bbox 1027 894 1390 942; x_wconf 88' lang='lat' dir='ltr'>QUIRITES.</span> 
     </span>
    </p>
   </div>
   <div class='ocr_carea' id='block_1_5' title="bbox 1012 1023 1279 1054">
    <p class='ocr_par' dir='ltr' id='par_1_5' title="bbox 1012 1023 1279 1054">
     <span class='ocr_line' id='line_1_6' title="bbox 1012 1023 1279 1054; baseline 0 -1"><span class='ocrx_word' id='word_1_14' title='bbox 1012 1023 1279 1054; x_wconf 77' lang='lat' dir='ltr'>RECOGNOVIT</span> 
     </span>
    </p>
   </div>
   <div class='ocr_carea' id='block_1_6' title="bbox 752 1121 1533 1161">
    <p class='ocr_par' dir='ltr' id='par_1_6' title="bbox 752 1121 1533 1161">
     <span class='ocr_line' id='line_1_7' title="bbox 752 1121 1533 1161; baseline -0.001 -2"><span class='ocrx_word' id='word_1_15' title='bbox 752 1122 828 1160; x_wconf 91' lang='lat'>10.</span> <span class='ocrx_word' id='word_1_16' title='bbox 855 1121 1173 1159; x_wconf 80' lang='lat' dir='ltr'>GEORGIUS</span> <span class='ocrx_word' id='word_1_17' title='bbox 1205 1121 1533 1161; x_wconf 79' lang='lat' dir='ltr'>BAI&#39;I&#39;ERUS.</span> 
     </span>
    </p>
   </div>
   <div class='ocr_carea' id='block_1_7' title="bbox 847 1369 1427 1408">
    <p class='ocr_par' dir='ltr' id='par_1_7' title="bbox 847 1369 1427 1408">
     <span class='ocr_line' id='line_1_8' title="bbox 847 1369 1427 1408; baseline 0.002 -3"><span class='ocrx_word' id='word_1_18' title='bbox 847 1369 1085 1408; x_wconf 85' lang='lat' dir='ltr'><strong>NOTARUM</strong></span> <span class='ocrx_word' id='word_1_19' title='bbox 1111 1371 1427 1408; x_wconf 83' lang='lat' dir='ltr'>EXPLICATIO.</span> 
     </span>
    </p>
   </div>
   <div class='ocr_carea' id='block_1_8' title="bbox 356 1457 2008 2936">
    <p class='ocr_par' dir='ltr' id='par_1_8' title="bbox 367 1457 2007 1597">
     <span class='ocr_line' id='line_1_9' title="bbox 371 1457 2006 1502; baseline -0.002 -8"><span class='ocrx_word' id='word_1_20' title='bbox 371 1460 617 1502; x_wconf 87' lang='lat' dir='ltr'>Palimpsestus</span> <span class='ocrx_word' id='word_1_21' title='bbox 641 1457 860 1489; x_wconf 86' lang='lat' dir='ltr'>Taurinensis</span> <span class='ocrx_word' id='word_1_22' title='bbox 884 1457 976 1499; x_wconf 87' lang='lat' dir='ltr'>apud</span> <span class='ocrx_word' id='word_1_23' title='bbox 1000 1460 1198 1498; x_wconf 86' lang='lat' dir='ltr'>Peyronum</span> <span class='ocrx_word' id='word_1_24' title='bbox 1223 1459 1281 1498; x_wconf 80' lang='lat' dir='ltr'>(M.</span> <span class='ocrx_word' id='word_1_25' title='bbox 1311 1459 1402 1490; x_wconf 81' lang='lat' dir='ltr'>Tullii</span> <span class='ocrx_word' id='word_1_26' title='bbox 1427 1458 1588 1489; x_wconf 49' lang='lat' dir='ltr'>Charonis</span> <span class='ocrx_word' id='word_1_27' title='bbox 1609 1458 1795 1489; x_wconf 74' lang='lat' dir='ltr'>orationum</span> <span class='ocrx_word' id='word_1_28' title='bbox 1814 1467 1849 1497; x_wconf 75' lang='lat' dir='ltr'>p.</span> <span class='ocrx_word' id='word_1_29' title='bbox 1868 1460 2006 1497; x_wconf 78' lang='lat' dir='ltr'>Scauro,</span> 
     </span>
     <span class='ocr_line' id='line_1_10' title="bbox 367 1507 2007 1553; baseline -0.002 -9"><span class='ocrx_word' id='word_1_30' title='bbox 367 1521 430 1553; x_wconf 82' lang='lat' dir='ltr'>pro</span> <span class='ocrx_word' id='word_1_31' title='bbox 458 1511 556 1542; x_wconf 80' lang='lat' dir='ltr'>Tullio</span> <span class='ocrx_word' id='word_1_32' title='bbox 579 1512 608 1540; x_wconf 76' lang='lat' dir='ltr'>et</span> <span class='ocrx_word' id='word_1_33' title='bbox 638 1509 672 1539; x_wconf 81' lang='lat' dir='ltr'>in</span> <span class='ocrx_word' id='word_1_34' title='bbox 697 1508 842 1540; x_wconf 72' lang='lat' dir='ltr'>Clodium</span> <span class='ocrx_word' id='word_1_35' title='bbox 863 1508 1050 1548; x_wconf 71' lang='lat' dir='ltr'>fraqmenta</span> <span class='ocrx_word' id='word_1_36' title='bbox 1074 1509 1195 1539; x_wconf 80' lang='lat' dir='ltr'>inedila</span> <span class='ocrx_word' id='word_1_37' title='bbox 1219 1508 1298 1547; x_wconf 81' lang='lat' dir='ltr'>cet.)</span> <span class='ocrx_word' id='word_1_38' title='bbox 1329 1517 1362 1548; x_wconf 91' lang='lat' dir='ltr'>p.</span> <span class='ocrx_word' id='word_1_39' title='bbox 1388 1508 1449 1538; x_wconf 66' lang='lat'>205</span> <span class='ocrx_word' id='word_1_40' title='bbox 1474 1516 1524 1547; x_wconf 87' lang='lat' dir='ltr'>sq.</span> <span class='ocrx_word' id='word_1_41' title='bbox 1552 1508 1732 1538; x_wconf 82' lang='lat' dir='ltr'>continens</span> <span class='ocrx_word' id='word_1_42' title='bbox 1756 1507 1864 1538; x_wconf 79' lang='lat' dir='ltr'>verba</span> <span class='ocrx_word' id='word_1_43' title='bbox 1889 1507 1941 1548; x_wconf 63' lang='lat' dir='ltr'>gg.</span> <span class='ocrx_word' id='word_1_44' title='bbox 1967 1508 2007 1540; x_wconf 88' lang='grc'>40</span> 
     </span>
     <span class='ocr_line' id='line_1_11' title="bbox 374 1557 1661 1597; baseline -0.003 -6"><span class='ocrx_word' id='word_1_45' title='bbox 374 1580 408 1584; x_wconf 95' lang='grc'>-</span> <span class='ocrx_word' id='word_1_46' title='bbox 427 1560 486 1592; x_wconf 83' lang='grc'>43;</span> <span class='ocrx_word' id='word_1_47' title='bbox 513 1558 669 1591; x_wconf 76' lang='lat' dir='ltr'>tollensda</span> <span class='ocrx_word' id='word_1_48' title='bbox 691 1566 755 1589; x_wconf 80' lang='lat' dir='ltr'>esse</span> <span class='ocrx_word' id='word_1_49' title='bbox 777 1557 984 1588; x_wconf 72' lang='lat' dir='ltr'><em>arbitramur</em></span> <span class='ocrx_word' id='word_1_50' title='bbox 998 1566 1111 1588; x_wconf 89' lang='lat' dir='ltr'>--res</span> <span class='ocrx_word' id='word_1_51' title='bbox 1132 1561 1240 1597; x_wconf 68' lang='lat' dir='ltr'>gyestae</span> <span class='ocrx_word' id='word_1_52' title='bbox 1259 1566 1358 1597; x_wconf 75' lang='lat' dir='ltr'>pares</span> <span class='ocrx_word' id='word_1_53' title='bbox 1380 1557 1417 1586; x_wconf 70' lang='lat' dir='ltr'>aa</span> <span class='ocrx_word' id='word_1_54' title='bbox 1440 1566 1502 1594; x_wconf 75' lang='lat' dir='ltr'>quo</span> <span class='ocrx_word' id='word_1_55' title='bbox 1525 1557 1661 1587; x_wconf 77' lang='lat' dir='ltr'>homine.</span> 
     </span>
    </p>

    <p class='ocr_par' dir='ltr' id='par_1_9' title="bbox 365 1604 2008 2088">
     <span class='ocr_line' id='line_1_12' title="bbox 369 1604 2008 1647; baseline -0.002 -5"><span class='ocrx_word' id='word_1_56' title='bbox 369 1610 454 1642; x_wconf 89' lang='lat' dir='ltr'>Cod.</span> <span class='ocrx_word' id='word_1_57' title='bbox 472 1608 694 1645; x_wconf 87' lang='lat' dir='ltr'>Werdensis‚</span> <span class='ocrx_word' id='word_1_58' title='bbox 727 1616 833 1647; x_wconf 85' lang='lat' dir='ltr'>quem</span> <span class='ocrx_word' id='word_1_59' title='bbox 857 1608 947 1638; x_wconf 82' lang='lat' dir='ltr'>sicut</span> <span class='ocrx_word' id='word_1_60' title='bbox 969 1608 1105 1638; x_wconf 85' lang='lat' dir='ltr'>ceteros</span> <span class='ocrx_word' id='word_1_61' title='bbox 1131 1607 1270 1637; x_wconf 87' lang='lat' dir='ltr'>codices</span> <span class='ocrx_word' id='word_1_62' title='bbox 1294 1615 1375 1637; x_wconf 89' lang='lat' dir='ltr'>suos</span> <span class='ocrx_word' id='word_1_63' title='bbox 1400 1604 1563 1636; x_wconf 67' lang='lat' dir='ltr'>delibavit</span> <span class='ocrx_word' id='word_1_64' title='bbox 1587 1606 1695 1642; x_wconf 63' lang='lat' dir='ltr'>magis</span> <span class='ocrx_word' id='word_1_65' title='bbox 1721 1615 1825 1645; x_wconf 90' lang='lat' dir='ltr'>quam</span> <span class='ocrx_word' id='word_1_66' title='bbox 1851 1607 2008 1638; x_wconf 78' lang='lat' dir='ltr'>exhausit</span> 
     </span>
     <span class='ocr_line' id='line_1_13' title="bbox 371 1654 2005 1695; baseline -0.003 -5"><span class='ocrx_word' id='word_1_67' title='bbox 371 1658 582 1691; x_wconf 77' lang='lat' dir='ltr'><strong>Gulielmius.</strong></span> <span class='ocrx_word' id='word_1_68' title='bbox 630 1656 795 1687; x_wconf 86' lang='lat' dir='ltr'>Codicem</span> <span class='ocrx_word' id='word_1_69' title='bbox 824 1656 1056 1688; x_wconf 85' lang='lat' dir='ltr'>Werdensem</span> <span class='ocrx_word' id='word_1_70' title='bbox 1088 1656 1239 1687; x_wconf 83' lang='lat' dir='ltr'>eundem</span> <span class='ocrx_word' id='word_1_71' title='bbox 1274 1664 1352 1687; x_wconf 85' lang='lat' dir='ltr'>esse</span> <span class='ocrx_word' id='word_1_72' title='bbox 1388 1663 1466 1685; x_wconf 79' lang='lat' dir='ltr'>Cum</span> <span class='ocrx_word' id='word_1_73' title='bbox 1496 1654 1695 1685; x_wconf 81' lang='lat' dir='ltr'>Fabriciano</span> <span class='ocrx_word' id='word_1_74' title='bbox 1729 1657 2005 1695; x_wconf 73' lang='lat' dir='ltr'>«antiquissimo»</span> 
     </span>
     <span class='ocr_line' id='line_1_14' title="bbox 369 1703 2007 1746; baseline -0.003 -5"><span class='ocrx_word' id='word_1_75' title='bbox 369 1709 524 1741; x_wconf 82' lang='lat' dir='ltr'>Lambini</span> <span class='ocrx_word' id='word_1_76' title='bbox 544 1709 638 1740; x_wconf 87' lang='lat' dir='ltr'>recte</span> <span class='ocrx_word' id='word_1_77' title='bbox 657 1707 852 1746; x_wconf 85' lang='lat' dir='ltr'>suspicatus</span> <span class='ocrx_word' id='word_1_78' title='bbox 870 1715 946 1737; x_wconf 89' lang='lat' dir='ltr'>esse</span> <span class='ocrx_word' id='word_1_79' title='bbox 962 1706 1100 1737; x_wconf 75' lang='lat' dir='ltr'>videtur</span> <span class='ocrx_word' id='word_1_80' title='bbox 1117 1706 1280 1737; x_wconf 72' lang='lat' dir='ltr'>Graevius</span> <span class='ocrx_word' id='word_1_81' title='bbox 1297 1705 1340 1735; x_wconf 88' lang='lat' dir='ltr'>ad</span> <span class='ocrx_word' id='word_1_82' title='bbox 1357 1713 1406 1735; x_wconf 90' lang='lat' dir='ltr'>or.</span> <span class='ocrx_word' id='word_1_83' title='bbox 1426 1713 1458 1745; x_wconf 87' lang='lat' dir='ltr'>p.</span> <span class='ocrx_word' id='word_1_84' title='bbox 1478 1703 1600 1735; x_wconf 82' lang='lat' dir='ltr'>Milone</span> <span class='ocrx_word' id='word_1_85' title='bbox 1618 1713 1648 1735; x_wconf 84' lang='lat' dir='ltr'>c.</span> <span class='ocrx_word' id='word_1_86' title='bbox 1669 1704 1718 1735; x_wconf 81' lang='grc'>44.</span> <span class='ocrx_word' id='word_1_87' title='bbox 1738 1713 1770 1744; x_wconf 90' lang='lat' dir='ltr'>p.</span> <span class='ocrx_word' id='word_1_88' title='bbox 1789 1703 1862 1735; x_wconf 77' lang='grc'>849.</span> <span class='ocrx_word' id='word_1_89' title='bbox 1891 1704 2007 1736; x_wconf 83' lang='lat' dir='ltr'>Fabri-</span> 
     </span>
     <span class='ocr_line' id='line_1_15' title="bbox 370 1754 2007 1793; baseline -0.004 -1"><span class='ocrx_word' id='word_1_90' title='bbox 370 1761 443 1792; x_wconf 83' lang='lat' dir='ltr'>cius</span> <span class='ocrx_word' id='word_1_91' title='bbox 468 1760 560 1790; x_wconf 88' lang='lat' dir='ltr'>enim</span> <span class='ocrx_word' id='word_1_92' title='bbox 585 1758 617 1788; x_wconf 85' lang='lat' dir='ltr'>in</span> <span class='ocrx_word' id='word_1_93' title='bbox 642 1756 858 1788; x_wconf 78' lang='lat' dir='ltr'>dedicatione</span> <span class='ocrx_word' id='word_1_94' title='bbox 878 1756 1036 1787; x_wconf 76' lang='lat' dir='ltr'>editionis</span> <span class='ocrx_word' id='word_1_95' title='bbox 1060 1764 1143 1787; x_wconf 89' lang='lat' dir='ltr'>suae</span> <span class='ocrx_word' id='word_1_96' title='bbox 1169 1755 1362 1786; x_wconf 88' lang='lat' dir='ltr'>orationum</span> <span class='ocrx_word' id='word_1_97' title='bbox 1387 1755 1424 1785; x_wconf 77' lang='lat' dir='ltr'>(le</span> <span class='ocrx_word' id='word_1_98' title='bbox 1443 1754 1622 1793; x_wconf 68' lang='lat' dir='ltr'>provinciis</span> <span class='ocrx_word' id='word_1_99' title='bbox 1644 1754 1868 1785; x_wconf 71' lang='lat' dir='ltr'>consularibus</span> <span class='ocrx_word' id='word_1_100' title='bbox 1892 1756 1925 1785; x_wconf 88' lang='lat' dir='ltr'>et</span> <span class='ocrx_word' id='word_1_101' title='bbox 1945 1763 2007 1793; x_wconf 82' lang='lat' dir='ltr'>pro</span> 
     </span>
     <span class='ocr_line' id='line_1_16' title="bbox 367 1802 2006 1846; baseline -0.004 -5"><span class='ocrx_word' id='word_1_102' title='bbox 367 1810 486 1841; x_wconf 79' lang='lat' dir='ltr'>Milone</span> <span class='ocrx_word' id='word_1_103' title='bbox 508 1805 732 1846; x_wconf 87' lang='lat' dir='ltr'>Dusscldorp.</span> <span class='ocrx_word' id='word_1_104' title='bbox 760 1806 854 1837; x_wconf 80' lang='grc'>4569.</span> <span class='ocrx_word' id='word_1_105' title='bbox 880 1806 910 1837; x_wconf 85' lang='grc'>8.</span> <span class='ocrx_word' id='word_1_106' title='bbox 945 1814 978 1846; x_wconf 90' lang='lat' dir='ltr'>p.</span> <span class='ocrx_word' id='word_1_107' title='bbox 1004 1805 1056 1836; x_wconf 81' lang='grc'>96.</span> <span class='ocrx_word' id='word_1_108' title='bbox 1093 1804 1212 1835; x_wconf 78' lang='lat' dir='ltr'>scribit</span> <span class='ocrx_word' id='word_1_109' title='bbox 1246 1804 1288 1835; x_wconf 90' lang='lat' dir='ltr'>ad</span> <span class='ocrx_word' id='word_1_110' title='bbox 1316 1805 1353 1835; x_wconf 51' lang='lat'>1⁷).</span> <span class='ocrx_word' id='word_1_111' title='bbox 1381 1802 1523 1835; x_wconf 87' lang='lat' dir='ltr'>Paulum</span> <span class='ocrx_word' id='word_1_112' title='bbox 1548 1804 1670 1840; x_wconf 77' lang='lat' dir='ltr'>Brum,</span> <span class='ocrx_word' id='word_1_113' title='bbox 1705 1812 1813 1834; x_wconf 79' lang='lat' dir='ltr'>novae</span> <span class='ocrx_word' id='word_1_114' title='bbox 1839 1803 2006 1835; x_wconf 84' lang='lat' dir='ltr'>ecclesiae</span> 
     </span>
     <span class='ocr_line' id='line_1_17' title="bbox 368 1852 2007 1900; baseline -0.004 -9"><span class='ocrx_word' id='word_1_115' title='bbox 368 1858 459 1900; x_wconf 90' lang='lat' dir='ltr'>apud</span> <span class='ocrx_word' id='word_1_116' title='bbox 486 1857 721 1890; x_wconf 77' lang='lat' dir='ltr'>Werthinenses</span> <span class='ocrx_word' id='word_1_117' title='bbox 745 1857 944 1896; x_wconf 78' lang='lat' dir='ltr'>pastorem:</span> <span class='ocrx_word' id='word_1_118' title='bbox 972 1854 1169 1894; x_wconf 73' lang='lat' dir='ltr'>«Reliquias</span> <span class='ocrx_word' id='word_1_119' title='bbox 1193 1855 1387 1885; x_wconf 83' lang='lat' dir='ltr'>orationum</span> <span class='ocrx_word' id='word_1_120' title='bbox 1413 1853 1587 1884; x_wconf 65' lang='lat' dir='ltr'>Circi-ouis</span> <span class='ocrx_word' id='word_1_121' title='bbox 1605 1862 1622 1883; x_wconf 84' lang='lat' dir='ltr'>e</span> <span class='ocrx_word' id='word_1_122' title='bbox 1647 1853 1791 1883; x_wconf 76' lang='lat' dir='ltr'>saxonia</span> <span class='ocrx_word' id='word_1_123' title='bbox 1817 1852 2007 1893; x_wconf 84' lang='lat' dir='ltr'>deportasti</span> 
     </span>
     <span class='ocr_line' id='line_1_18' title="bbox 366 1902 2008 1944; baseline -0.004 -4"><span class='ocrx_word' id='word_1_124' title='bbox 366 1926 450 1932; x_wconf 88' lang='lat'>—--</span> <span class='ocrx_word' id='word_1_125' title='bbox 474 1915 553 1940; x_wconf 89' lang='lat' dir='ltr'>cum</span> <span class='ocrx_word' id='word_1_126' title='bbox 579 1915 619 1938; x_wconf 81' lang='lat' dir='ltr'>ex</span> <span class='ocrx_word' id='word_1_127' title='bbox 644 1905 716 1937; x_wconf 86' lang='lat' dir='ltr'>istis</span> <span class='ocrx_word' id='word_1_128' title='bbox 741 1903 892 1944; x_wconf 89' lang='lat' dir='ltr'>reliquiis</span> <span class='ocrx_word' id='word_1_129' title='bbox 917 1904 1065 1935; x_wconf 89' lang='lat' dir='ltr'>duarum</span> <span class='ocrx_word' id='word_1_130' title='bbox 1090 1905 1303 1939; x_wconf 80' lang='lat' dir='ltr'>orationum.</span> <span class='ocrx_word' id='word_1_131' title='bbox 1330 1903 1531 1934; x_wconf 60' lang='lat' dir='ltr'>lililonicmae</span> <span class='ocrx_word' id='word_1_132' title='bbox 1548 1902 1819 1940; x_wconf 71' lang='lat' dir='ltr'>etlilanilianae,</span> <span class='ocrx_word' id='word_1_133' title='bbox 1847 1910 1934 1941; x_wconf 89' lang='lat' dir='ltr'>quae</span> <span class='ocrx_word' id='word_1_134' title='bbox 1960 1903 2008 1933; x_wconf 90' lang='lat' dir='ltr'>in-</span> 
     </span>
     <span class='ocr_line' id='line_1_19' title="bbox 366 1950 2007 1996; baseline -0.004 -7"><span class='ocrx_word' id='word_1_135' title='bbox 366 1960 483 1996; x_wconf 72' lang='lat' dir='ltr'>tegrae</span> <span class='ocrx_word' id='word_1_136' title='bbox 508 1956 541 1987; x_wconf 89' lang='lat' dir='ltr'>in</span> <span class='ocrx_word' id='word_1_137' title='bbox 565 1957 604 1987; x_wconf 88' lang='lat' dir='ltr'>iis</span> <span class='ocrx_word' id='word_1_138' title='bbox 625 1956 778 1993; x_wconf 66' lang='lat' dir='ltr'>exstant,</span> <span class='ocrx_word' id='word_1_139' title='bbox 812 1954 1075 1985; x_wconf 79' lang='lat' dir='ltr'>emendationes</span> <span class='ocrx_word' id='word_1_140' title='bbox 1100 1962 1117 1984; x_wconf 92' lang='lat' dir='ltr'>a</span> <span class='ocrx_word' id='word_1_141' title='bbox 1144 1962 1199 1985; x_wconf 79' lang='lat' dir='ltr'>me.</span> <span class='ocrx_word' id='word_1_142' title='bbox 1224 1954 1418 1993; x_wconf 72' lang='lat' dir='ltr'>accepisset</span> <span class='ocrx_word' id='word_1_143' title='bbox 1443 1952 1687 1991; x_wconf 76' lang='lat' dir='ltr'>(Lambinus).»</span> <span class='ocrx_word' id='word_1_144' title='bbox 1726 1950 1925 1982; x_wconf 82' lang='lat' dir='ltr'>Gulielmius</span> <span class='ocrx_word' id='word_1_145' title='bbox 1949 1960 2007 1983; x_wconf 86' lang='lat' dir='ltr'>au-</span> 
     </span>
     <span class='ocr_line' id='line_1_20' title="bbox 366 2000 2005 2044; baseline -0.005 -5"><span class='ocrx_word' id='word_1_146' title='bbox 366 2010 437 2040; x_wconf 90' lang='lat' dir='ltr'>tem</span> <span class='ocrx_word' id='word_1_147' title='bbox 468 2008 500 2038; x_wconf 90' lang='lat' dir='ltr'>in</span> <span class='ocrx_word' id='word_1_148' title='bbox 532 2005 622 2037; x_wconf 87' lang='lat' dir='ltr'>nulla</span> <span class='ocrx_word' id='word_1_149' title='bbox 647 2004 711 2036; x_wconf 90' lang='lat' dir='ltr'>alia</span> <span class='ocrx_word' id='word_1_150' title='bbox 735 2004 888 2035; x_wconf 85' lang='lat' dir='ltr'>oratione</span> <span class='ocrx_word' id='word_1_151' title='bbox 914 2005 1052 2044; x_wconf 80' lang='lat' dir='ltr'>praeter</span> <span class='ocrx_word' id='word_1_152' title='bbox 1075 2004 1321 2044; x_wconf 83' lang='lat' dir='ltr'>Pompeianam</span> <span class='ocrx_word' id='word_1_153' title='bbox 1347 2004 1380 2034; x_wconf 82' lang='lat' dir='ltr'>ct</span> <span class='ocrx_word' id='word_1_154' title='bbox 1405 2001 1624 2034; x_wconf 85' lang='lat' dir='ltr'>Milonianam</span> <span class='ocrx_word' id='word_1_155' title='bbox 1648 2001 1777 2033; x_wconf 87' lang='lat' dir='ltr'>codicis</span> <span class='ocrx_word' id='word_1_156' title='bbox 1801 2000 2005 2032; x_wconf 78' lang='lat' dir='ltr'>werdensis</span> 
     </span>
     <span class='ocr_line' id='line_1_21' title="bbox 365 2055 693 2088; baseline -0.006 0"><span class='ocrx_word' id='word_1_157' title='bbox 365 2057 579 2088; x_wconf 87' lang='lat' dir='ltr'>mentionem</span> <span class='ocrx_word' id='word_1_158' title='bbox 603 2055 693 2087; x_wconf 79' lang='lat' dir='ltr'>fecit.</span> 
     </span>
    </p>

    <p class='ocr_par' dir='ltr' id='par_1_10' title="bbox 362 2099 2004 2582">
     <span class='ocr_line' id='line_1_22' title="bbox 367 2099 2004 2139; baseline -0.004 -1"><span class='ocrx_word' id='word_1_159' title='bbox 367 2105 594 2138; x_wconf 80' lang='lat' dir='ltr'>membranae</span> <span class='ocrx_word' id='word_1_160' title='bbox 619 2103 844 2136; x_wconf 85' lang='lat' dir='ltr'>Colonienses</span> <span class='ocrx_word' id='word_1_161' title='bbox 869 2101 1047 2134; x_wconf 86' lang='lat' dir='ltr'>Gulielmii.</span> <span class='ocrx_word' id='word_1_162' title='bbox 1082 2104 1207 2134; x_wconf 87' lang='lat' dir='ltr'>Parum</span> <span class='ocrx_word' id='word_1_163' title='bbox 1234 2103 1385 2139; x_wconf 74' lang='lat' dir='ltr'>constat,</span> <span class='ocrx_word' id='word_1_164' title='bbox 1419 2104 1532 2133; x_wconf 86' lang='lat' dir='ltr'>ulrum</span> <span class='ocrx_word' id='word_1_165' title='bbox 1566 2100 1675 2132; x_wconf 84' lang='lat' dir='ltr'>codex</span> <span class='ocrx_word' id='word_1_166' title='bbox 1701 2099 1914 2132; x_wconf 68' lang='lat' dir='ltr'>(toloniensis</span> <span class='ocrx_word' id='word_1_167' title='bbox 1938 2101 2004 2131; x_wconf 89' lang='lat' dir='ltr'>Ba-</span> 
     </span>
     <span class='ocr_line' id='line_1_23' title="bbox 363 2149 2004 2192; baseline -0.002 -5"><span class='ocrx_word' id='word_1_168' title='bbox 363 2155 525 2187; x_wconf 83' lang='lat' dir='ltr'>silicanus</span> <span class='ocrx_word' id='word_1_169' title='bbox 557 2154 649 2186; x_wconf 83' lang='lat' dir='ltr'>idem</span> <span class='ocrx_word' id='word_1_170' title='bbox 676 2155 719 2185; x_wconf 86' lang='lat' dir='ltr'>sit</span> <span class='ocrx_word' id='word_1_171' title='bbox 746 2162 825 2184; x_wconf 87' lang='lat' dir='ltr'>cum</span> <span class='ocrx_word' id='word_1_172' title='bbox 849 2152 970 2184; x_wconf 87' lang='lat' dir='ltr'>codice</span> <span class='ocrx_word' id='word_1_173' title='bbox 994 2152 1188 2184; x_wconf 84' lang='lat' dir='ltr'>Coloniensi</span> <span class='ocrx_word' id='word_1_174' title='bbox 1216 2152 1448 2192; x_wconf 81' lang='lat' dir='ltr'>lliltorpiano,</span> <span class='ocrx_word' id='word_1_175' title='bbox 1481 2152 1512 2181; x_wconf 85' lang='lat' dir='ltr'>id</span> <span class='ocrx_word' id='word_1_176' title='bbox 1536 2151 1628 2191; x_wconf 86' lang='lat' dir='ltr'>quod</span> <span class='ocrx_word' id='word_1_177' title='bbox 1648 2150 1831 2181; x_wconf 77' lang='lat' dir='ltr'>affirmavit</span> <span class='ocrx_word' id='word_1_178' title='bbox 1851 2149 2004 2183; x_wconf 86' lang='lat' dir='ltr'>Halmius</span> 
     </span>
     <span class='ocr_line' id='line_1_24' title="bbox 365 2200 2004 2245; baseline -0.003 -9"><span class='ocrx_word' id='word_1_179' title='bbox 365 2204 423 2245; x_wconf 85' lang='lat' dir='ltr'>(M.</span> <span class='ocrx_word' id='word_1_180' title='bbox 452 2204 544 2235; x_wconf 77' lang='lat' dir='ltr'>Tullii</span> <span class='ocrx_word' id='word_1_181' title='bbox 567 2204 728 2236; x_wconf 78' lang='lat' dir='ltr'>Ciceronis</span> <span class='ocrx_word' id='word_1_182' title='bbox 750 2212 799 2234; x_wconf 85' lang='lat' dir='ltr'>or.</span> <span class='ocrx_word' id='word_1_183' title='bbox 822 2203 859 2233; x_wconf 80' lang='lat' dir='ltr'>de</span> <span class='ocrx_word' id='word_1_184' title='bbox 882 2203 1019 2241; x_wconf 82' lang='lat' dir='ltr'>imperio</span> <span class='ocrx_word' id='word_1_185' title='bbox 1037 2202 1116 2233; x_wconf 80' lang='lat' dir='ltr'>Gnei</span> <span class='ocrx_word' id='word_1_186' title='bbox 1139 2202 1267 2240; x_wconf 79' lang='lat' dir='ltr'>Pompei</span> <span class='ocrx_word' id='word_1_187' title='bbox 1293 2202 1380 2241; x_wconf 77' lang='lat' dir='ltr'>Lips.</span> <span class='ocrx_word' id='word_1_188' title='bbox 1409 2200 1502 2231; x_wconf 69' lang='grc'>4848.</span> <span class='ocrx_word' id='word_1_189' title='bbox 1531 2210 1562 2241; x_wconf 90' lang='lat' dir='ltr'>p.</span> <span class='ocrx_word' id='word_1_190' title='bbox 1589 2200 1629 2231; x_wconf 71' lang='lat'>⁴29</span> <span class='ocrx_word' id='word_1_191' title='bbox 1654 2200 1719 2240; x_wconf 87' lang='lat' dir='ltr'>sq.)</span> <span class='ocrx_word' id='word_1_192' title='bbox 1735 2225 1742 2238; x_wconf 86' lang='grc'>,</span> <span class='ocrx_word' id='word_1_193' title='bbox 1768 2208 1896 2239; x_wconf 89' lang='lat' dir='ltr'>necne,</span> <span class='ocrx_word' id='word_1_194' title='bbox 1923 2208 2004 2232; x_wconf 86' lang='lat' dir='ltr'>cum</span> 
     </span>
     <span class='ocr_line' id='line_1_25' title="bbox 363 2248 2004 2293; baseline -0.003 -8"><span class='ocrx_word' id='word_1_195' title='bbox 363 2263 381 2285; x_wconf 91' lang='lat' dir='ltr'>a</span> <span class='ocrx_word' id='word_1_196' title='bbox 406 2255 551 2285; x_wconf 89' lang='lat' dir='ltr'>Grutero</span> <span class='ocrx_word' id='word_1_197' title='bbox 576 2253 751 2285; x_wconf 88' lang='lat' dir='ltr'>interdum</span> <span class='ocrx_word' id='word_1_198' title='bbox 779 2261 840 2293; x_wconf 87' lang='lat' dir='ltr'>pro</span> <span class='ocrx_word' id='word_1_199' title='bbox 872 2251 996 2283; x_wconf 87' lang='lat' dir='ltr'>eadem</span> <span class='ocrx_word' id='word_1_200' title='bbox 1027 2251 1174 2282; x_wconf 79' lang='lat' dir='ltr'>lectione</span> <span class='ocrx_word' id='word_1_201' title='bbox 1200 2253 1233 2282; x_wconf 88' lang='lat' dir='ltr'>et</span> <span class='ocrx_word' id='word_1_202' title='bbox 1269 2251 1468 2290; x_wconf 83' lang='lat' dir='ltr'>Hittorpiani</span> <span class='ocrx_word' id='word_1_203' title='bbox 1494 2251 1527 2280; x_wconf 81' lang='lat' dir='ltr'>et</span> <span class='ocrx_word' id='word_1_204' title='bbox 1550 2248 1729 2281; x_wconf 84' lang='lat' dir='ltr'>Basilicani</span> <span class='ocrx_word' id='word_1_205' title='bbox 1752 2248 1881 2280; x_wconf 88' lang='lat' dir='ltr'>codicis</span> <span class='ocrx_word' id='word_1_206' title='bbox 1905 2250 2004 2280; x_wconf 89' lang='lat' dir='ltr'>testi-</span> 
     </span>
     <span class='ocr_line' id='line_1_26' title="bbox 363 2298 2002 2342; baseline -0.004 -7"><span class='ocrx_word' id='word_1_207' title='bbox 363 2304 519 2334; x_wconf 88' lang='lat' dir='ltr'>monium</span> <span class='ocrx_word' id='word_1_208' title='bbox 550 2302 691 2334; x_wconf 91' lang='lat' dir='ltr'>allatum</span> <span class='ocrx_word' id='word_1_209' title='bbox 716 2302 761 2342; x_wconf 67' lang='lat' dir='ltr'>(g.</span> <span class='ocrx_word' id='word_1_210' title='bbox 789 2302 841 2333; x_wconf 73' lang='lat'>⁶26.</span> <span class='ocrx_word' id='word_1_211' title='bbox 868 2302 907 2332; x_wconf 89' lang='lat'>30</span> <span class='ocrx_word' id='word_1_212' title='bbox 933 2300 996 2332; x_wconf 88' lang='lat' dir='ltr'>bis.</span> <span class='ocrx_word' id='word_1_213' title='bbox 1024 2300 1089 2339; x_wconf 79' lang='grc'>64.)</span> <span class='ocrx_word' id='word_1_214' title='bbox 1115 2302 1219 2340; x_wconf 89' lang='lat' dir='ltr'>atque</span> <span class='ocrx_word' id='word_1_215' title='bbox 1245 2300 1332 2331; x_wconf 84' lang='lat' dir='ltr'>adeo</span> <span class='ocrx_word' id='word_1_216' title='bbox 1358 2299 1546 2331; x_wconf 82' lang='lat' dir='ltr'>Basilicano</span> <span class='ocrx_word' id='word_1_217' title='bbox 1571 2298 1635 2330; x_wconf 87' lang='lat' dir='ltr'>alia</span> <span class='ocrx_word' id='word_1_218' title='bbox 1659 2306 1764 2339; x_wconf 89' lang='lat' dir='ltr'>quam</span> <span class='ocrx_word' id='word_1_219' title='bbox 1788 2298 2002 2338; x_wconf 84' lang='lat' dir='ltr'>Hittorpiano</span> 
     </span>
     <span class='ocr_line' id='line_1_27' title="bbox 362 2346 2001 2391; baseline -0.005 -6"><span class='ocrx_word' id='word_1_220' title='bbox 362 2352 464 2385; x_wconf 86' lang='lat' dir='ltr'>lectio</span> <span class='ocrx_word' id='word_1_221' title='bbox 481 2353 609 2384; x_wconf 85' lang='lat' dir='ltr'>diserte</span> <span class='ocrx_word' id='word_1_222' title='bbox 627 2352 753 2383; x_wconf 88' lang='lat' dir='ltr'>tributa</span> <span class='ocrx_word' id='word_1_223' title='bbox 769 2352 823 2383; x_wconf 88' lang='lat' dir='ltr'>sit.</span> <span class='ocrx_word' id='word_1_224' title='bbox 845 2350 889 2391; x_wconf 68' lang='lat' dir='ltr'>(S.</span> <span class='ocrx_word' id='word_1_225' title='bbox 903 2350 969 2389; x_wconf 90' lang='grc'>40.)</span> <span class='ocrx_word' id='word_1_226' title='bbox 995 2351 1177 2381; x_wconf 79' lang='lat' dir='ltr'>Praeterea</span> <span class='ocrx_word' id='word_1_227' title='bbox 1194 2349 1266 2389; x_wconf 87' lang='lat' dir='ltr'>ipse</span> <span class='ocrx_word' id='word_1_228' title='bbox 1285 2347 1484 2380; x_wconf 80' lang='lat' dir='ltr'>Gulielmius</span> <span class='ocrx_word' id='word_1_229' title='bbox 1510 2348 1627 2388; x_wconf 79' lang='lat' dir='ltr'>(Plaut.</span> <span class='ocrx_word' id='word_1_230' title='bbox 1648 2349 1789 2387; x_wconf 73' lang='lat' dir='ltr'>Quaestt.</span> <span class='ocrx_word' id='word_1_231' title='bbox 1807 2356 1840 2387; x_wconf 89' lang='lat' dir='ltr'>p.</span> <span class='ocrx_word' id='word_1_232' title='bbox 1857 2346 1919 2377; x_wconf 71' lang='lat'>209</span> <span class='ocrx_word' id='word_1_233' title='bbox 1935 2347 2001 2386; x_wconf 83' lang='lat' dir='ltr'>sq.)</span> 
     </span>
     <span class='ocr_line' id='line_1_28' title="bbox 363 2396 2002 2438; baseline -0.004 -4"><span class='ocrx_word' id='word_1_234' title='bbox 363 2412 380 2434; x_wconf 90' lang='lat' dir='ltr'>a</span> <span class='ocrx_word' id='word_1_235' title='bbox 404 2401 594 2434; x_wconf 88' lang='lat' dir='ltr'>Basilicano</span> <span class='ocrx_word' id='word_1_236' title='bbox 618 2403 688 2432; x_wconf 82' lang='lat' dir='ltr'>tres</span> <span class='ocrx_word' id='word_1_237' title='bbox 711 2400 795 2432; x_wconf 87' lang='lat' dir='ltr'>alios</span> <span class='ocrx_word' id='word_1_238' title='bbox 819 2408 901 2431; x_wconf 87' lang='lat' dir='ltr'>suos</span> <span class='ocrx_word' id='word_1_239' title='bbox 926 2399 1097 2437; x_wconf 81' lang='lat' dir='ltr'>distinxit,</span> <span class='ocrx_word' id='word_1_240' title='bbox 1131 2398 1187 2438; x_wconf 91' lang='lat' dir='ltr'>qui</span> <span class='ocrx_word' id='word_1_241' title='bbox 1219 2397 1272 2429; x_wconf 83' lang='lat' dir='ltr'>alii</span> <span class='ocrx_word' id='word_1_242' title='bbox 1298 2398 1361 2429; x_wconf 86' lang='lat' dir='ltr'>nisi</span> <span class='ocrx_word' id='word_1_243' title='bbox 1386 2398 1611 2436; x_wconf 69' lang='lat' dir='ltr'>liri&#39;urtensis,</span> <span class='ocrx_word' id='word_1_244' title='bbox 1645 2397 1848 2428; x_wconf 81' lang='lat' dir='ltr'>werdensis</span> <span class='ocrx_word' id='word_1_245' title='bbox 1872 2397 1906 2428; x_wconf 90' lang='lat' dir='ltr'>et</span> <span class='ocrx_word' id='word_1_246' title='bbox 1928 2396 2002 2427; x_wconf 84' lang='lat' dir='ltr'>Hit-</span> 
     </span>
     <span class='ocr_line' id='line_1_29' title="bbox 362 2446 2002 2493; baseline -0.004 -10"><span class='ocrx_word' id='word_1_247' title='bbox 362 2453 538 2493; x_wconf 86' lang='lat' dir='ltr'>torpianus</span> <span class='ocrx_word' id='word_1_248' title='bbox 562 2459 639 2482; x_wconf 88' lang='lat' dir='ltr'>esse</span> <span class='ocrx_word' id='word_1_249' title='bbox 665 2459 731 2481; x_wconf 88' lang='lat' dir='ltr'>non</span> <span class='ocrx_word' id='word_1_250' title='bbox 756 2451 912 2490; x_wconf 89' lang='lat' dir='ltr'>possunt.</span> <span class='ocrx_word' id='word_1_251' title='bbox 948 2450 1067 2488; x_wconf 85' lang='lat' dir='ltr'>Itaque</span> <span class='ocrx_word' id='word_1_252' title='bbox 1092 2447 1224 2479; x_wconf 84' lang='lat' dir='ltr'>litterae</span> <span class='ocrx_word' id='word_1_253' title='bbox 1250 2447 1405 2479; x_wconf 85' lang='lat' dir='ltr'>Caddidi</span> <span class='ocrx_word' id='word_1_254' title='bbox 1422 2447 1475 2479; x_wconf 77' lang='lat' dir='ltr'>vel</span> <span class='ocrx_word' id='word_1_255' title='bbox 1500 2446 1586 2478; x_wconf 76' lang='lat' dir='ltr'>bvcl</span> <span class='ocrx_word' id='word_1_256' title='bbox 1602 2448 1637 2484; x_wconf 71' lang='lat' dir='ltr'>h,</span> <span class='ocrx_word' id='word_1_257' title='bbox 1665 2446 1862 2486; x_wconf 88' lang='lat' dir='ltr'>ubicunque</span> <span class='ocrx_word' id='word_1_258' title='bbox 1886 2453 2002 2477; x_wconf 89' lang='lat' dir='ltr'>mem-</span> 
     </span>
     <span class='ocr_line' id='line_1_30' title="bbox 362 2494 2000 2539; baseline -0.004 -7"><span class='ocrx_word' id='word_1_259' title='bbox 362 2501 492 2532; x_wconf 87' lang='lat' dir='ltr'>branae</span> <span class='ocrx_word' id='word_1_260' title='bbox 517 2500 741 2532; x_wconf 86' lang='lat' dir='ltr'>Colonienses</span> <span class='ocrx_word' id='word_1_261' title='bbox 766 2498 944 2530; x_wconf 87' lang='lat' dir='ltr'>Basilicani</span> <span class='ocrx_word' id='word_1_262' title='bbox 966 2498 1021 2529; x_wconf 77' lang='lat' dir='ltr'>vel</span> <span class='ocrx_word' id='word_1_263' title='bbox 1046 2497 1250 2539; x_wconf 85' lang='lat' dir='ltr'>Ilittorpiani</span> <span class='ocrx_word' id='word_1_264' title='bbox 1273 2497 1402 2529; x_wconf 83' lang='lat' dir='ltr'>codicis</span> <span class='ocrx_word' id='word_1_265' title='bbox 1427 2498 1565 2528; x_wconf 90' lang='lat' dir='ltr'>nomine</span> <span class='ocrx_word' id='word_1_266' title='bbox 1589 2506 1607 2528; x_wconf 88' lang='lat' dir='ltr'>a</span> <span class='ocrx_word' id='word_1_267' title='bbox 1632 2495 1810 2528; x_wconf 89' lang='lat' dir='ltr'>Gulielmio</span> <span class='ocrx_word' id='word_1_268' title='bbox 1833 2494 1887 2527; x_wconf 84' lang='lat' dir='ltr'>vel</span> <span class='ocrx_word' id='word_1_269' title='bbox 1911 2496 2000 2526; x_wconf 87' lang='lat' dir='ltr'>Gru-</span> 
     </span>
     <span class='ocr_line' id='line_1_31' title="bbox 362 2551 710 2582; baseline -0.006 0"><span class='ocrx_word' id='word_1_270' title='bbox 362 2553 436 2582; x_wconf 88' lang='lat' dir='ltr'>tero</span> <span class='ocrx_word' id='word_1_271' title='bbox 460 2552 596 2582; x_wconf 85' lang='lat' dir='ltr'>notatae</span> <span class='ocrx_word' id='word_1_272' title='bbox 620 2551 710 2582; x_wconf 90' lang='lat' dir='ltr'>sunt.</span> 
     </span>
    </p>

    <p class='ocr_par' dir='ltr' id='par_1_11' title="bbox 359 2594 2000 2785">
     <span class='ocr_line' id='line_1_32' title="bbox 362 2594 2000 2637; baseline -0.003 -6"><span class='ocrx_word' id='word_1_273' title='bbox 362 2600 445 2632; x_wconf 90' lang='lat' dir='ltr'>Cod.</span> <span class='ocrx_word' id='word_1_274' title='bbox 466 2599 673 2630; x_wconf 74' lang='lat' dir='ltr'>Erfurtensis</span> <span class='ocrx_word' id='word_1_275' title='bbox 699 2596 877 2637; x_wconf 88' lang='lat' dir='ltr'>(Gulielmii</span> <span class='ocrx_word' id='word_1_276' title='bbox 893 2596 1122 2636; x_wconf 76' lang='lat' dir='ltr'>Turingicus),</span> <span class='ocrx_word' id='word_1_277' title='bbox 1149 2604 1240 2627; x_wconf 88' lang='lat' dir='ltr'>nunc</span> <span class='ocrx_word' id='word_1_278' title='bbox 1258 2594 1500 2627; x_wconf 80' lang='lat' dir='ltr'>Berolinensis.</span> <span class='ocrx_word' id='word_1_279' title='bbox 1527 2595 1664 2635; x_wconf 78' lang='lat' dir='ltr'>(Variae</span> <span class='ocrx_word' id='word_1_280' title='bbox 1679 2595 1827 2627; x_wconf 75' lang='lat' dir='ltr'>lectiones</span> <span class='ocrx_word' id='word_1_281' title='bbox 1841 2594 2000 2626; x_wconf 75' lang='lat' dir='ltr'>librorum</span> 
     </span>
     <span class='ocr_line' id='line_1_33' title="bbox 360 2644 1995 2689; baseline -0.003 -9"><span class='ocrx_word' id='word_1_282' title='bbox 360 2650 483 2689; x_wconf 76' lang='lat' dir='ltr'>aliquot</span> <span class='ocrx_word' id='word_1_283' title='bbox 498 2649 543 2680; x_wconf 83' lang='lat' dir='ltr'>M.</span> <span class='ocrx_word' id='word_1_284' title='bbox 565 2649 596 2680; x_wconf 89' lang='lat' dir='ltr'>T.</span> <span class='ocrx_word' id='word_1_285' title='bbox 615 2647 776 2680; x_wconf 80' lang='lat' dir='ltr'>Ciceronis</span> <span class='ocrx_word' id='word_1_286' title='bbox 799 2656 841 2678; x_wconf 58' lang='lat' dir='ltr'>ez</span> <span class='ocrx_word' id='word_1_287' title='bbox 856 2647 925 2677; x_wconf 83' lang='lat' dir='ltr'>cod.</span> <span class='ocrx_word' id='word_1_288' title='bbox 945 2646 1129 2686; x_wconf 66' lang='lat' dir='ltr'>Erscirtensi</span> <span class='ocrx_word' id='word_1_289' title='bbox 1145 2649 1295 2677; x_wconf 72' lang='lat' dir='ltr'>enotatae</span> <span class='ocrx_word' id='word_1_290' title='bbox 1310 2645 1350 2676; x_wconf 82' lang='lat' dir='ltr'>ab</span> <span class='ocrx_word' id='word_1_291' title='bbox 1366 2646 1427 2676; x_wconf 84' lang='lat' dir='ltr'>Ed.</span> <span class='ocrx_word' id='word_1_292' title='bbox 1452 2646 1624 2676; x_wconf 78' lang='lat' dir='ltr'>Wundero.</span> <span class='ocrx_word' id='word_1_293' title='bbox 1650 2644 1760 2677; x_wconf 74' lang='lat' dir='ltr'>Praei.</span> <span class='ocrx_word' id='word_1_294' title='bbox 1780 2653 1813 2685; x_wconf 93' lang='lat' dir='ltr'>p.</span> <span class='ocrx_word' id='word_1_295' title='bbox 1834 2644 1901 2676; x_wconf 83' lang='lat' dir='ltr'>LXI</span> <span class='ocrx_word' id='word_1_296' title='bbox 1918 2652 1995 2684; x_wconf 87' lang='lat' dir='ltr'>sqq.</span> 
     </span>
     <span class='ocr_line' id='line_1_34' title="bbox 360 2693 1996 2739; baseline -0.002 -9"><span class='ocrx_word' id='word_1_297' title='bbox 360 2701 395 2730; x_wconf 87' lang='lat' dir='ltr'>et</span> <span class='ocrx_word' id='word_1_298' title='bbox 417 2707 450 2739; x_wconf 94' lang='lat' dir='ltr'>p.</span> <span class='ocrx_word' id='word_1_299' title='bbox 469 2698 509 2729; x_wconf 87' lang='lat'>83</span> <span class='ocrx_word' id='word_1_300' title='bbox 530 2705 608 2738; x_wconf 85' lang='lat' dir='ltr'>sqq.</span> <span class='ocrx_word' id='word_1_301' title='bbox 645 2698 696 2729; x_wconf 79' lang='lat' dir='ltr'>Cf.</span> <span class='ocrx_word' id='word_1_302' title='bbox 723 2696 932 2727; x_wconf 78' lang='lat' dir='ltr'>Freundium</span> <span class='ocrx_word' id='word_1_303' title='bbox 957 2696 999 2727; x_wconf 89' lang='lat' dir='ltr'>ad</span> <span class='ocrx_word' id='word_1_304' title='bbox 1017 2705 1067 2727; x_wconf 86' lang='lat' dir='ltr'>or.</span> <span class='ocrx_word' id='word_1_305' title='bbox 1088 2704 1120 2736; x_wconf 88' lang='lat' dir='ltr'>p.</span> <span class='ocrx_word' id='word_1_306' title='bbox 1140 2694 1262 2726; x_wconf 87' lang='lat' dir='ltr'>Milone</span> <span class='ocrx_word' id='word_1_307' title='bbox 1282 2705 1323 2726; x_wconf 76' lang='lat' dir='ltr'>ex</span> <span class='ocrx_word' id='word_1_308' title='bbox 1340 2695 1416 2726; x_wconf 85' lang='lat' dir='ltr'>cod.</span> <span class='ocrx_word' id='word_1_309' title='bbox 1436 2694 1626 2727; x_wconf 68' lang='lat' dir='ltr'>lirsurtensi</span> <span class='ocrx_word' id='word_1_310' title='bbox 1642 2695 1856 2736; x_wconf 82' lang='lat' dir='ltr'>descriptam</span> <span class='ocrx_word' id='word_1_311' title='bbox 1878 2702 1912 2735; x_wconf 90' lang='lat' dir='ltr'>p.</span> <span class='ocrx_word' id='word_1_312' title='bbox 1930 2693 1996 2733; x_wconf 71' lang='lat'>42.)</span> 
     </span>
     <span class='ocr_line' id='line_1_35' title="bbox 359 2745 1376 2785; baseline -0.006 -4"><span class='ocrx_word' id='word_1_313' title='bbox 359 2748 518 2781; x_wconf 88' lang='lat' dir='ltr'>Freundii</span> <span class='ocrx_word' id='word_1_314' title='bbox 542 2747 779 2779; x_wconf 83' lang='lat' dir='ltr'>testimonium</span> <span class='ocrx_word' id='word_1_315' title='bbox 803 2746 928 2778; x_wconf 85' lang='lat' dir='ltr'>additis</span> <span class='ocrx_word' id='word_1_316' title='bbox 952 2745 1072 2777; x_wconf 85' lang='lat' dir='ltr'>litteris</span> <span class='ocrx_word' id='word_1_317' title='bbox 1096 2745 1151 2776; x_wconf 88' lang='lat' dir='ltr'>Fr.</span> <span class='ocrx_word' id='word_1_318' title='bbox 1178 2745 1376 2785; x_wconf 79' lang='lat' dir='ltr'>significavi.</span> 
     </span>
    </p>

    <p class='ocr_par' dir='ltr' id='par_1_12' title="bbox 356 2793 1997 2936">
     <span class='ocr_line' id='line_1_36' title="bbox 361 2793 1997 2835; baseline -0.003 -6"><span class='ocrx_word' id='word_1_319' title='bbox 361 2798 444 2830; x_wconf 90' lang='lat' dir='ltr'>Cod.</span> <span class='ocrx_word' id='word_1_320' title='bbox 472 2796 642 2830; x_wconf 85' lang='lat' dir='ltr'>Palatinus</span> <span class='ocrx_word' id='word_1_321' title='bbox 667 2797 768 2833; x_wconf 72' lang='lat'>4525,</span> <span class='ocrx_word' id='word_1_322' title='bbox 797 2804 887 2827; x_wconf 86' lang='lat' dir='ltr'>nunc</span> <span class='ocrx_word' id='word_1_323' title='bbox 913 2796 1096 2827; x_wconf 85' lang='lat' dir='ltr'>Vaticanus</span> <span class='ocrx_word' id='word_1_324' title='bbox 1122 2795 1202 2835; x_wconf 87' lang='lat' dir='ltr'>(vid.</span> <span class='ocrx_word' id='word_1_325' title='bbox 1229 2803 1331 2835; x_wconf 88' lang='lat' dir='ltr'>supra</span> <span class='ocrx_word' id='word_1_326' title='bbox 1357 2804 1388 2834; x_wconf 86' lang='lat' dir='ltr'>p.</span> <span class='ocrx_word' id='word_1_327' title='bbox 1414 2793 1521 2832; x_wconf 67' lang='grc'>479),</span> <span class='ocrx_word' id='word_1_328' title='bbox 1549 2802 1654 2834; x_wconf 90' lang='lat' dir='ltr'>quem</span> <span class='ocrx_word' id='word_1_329' title='bbox 1679 2795 1787 2825; x_wconf 82' lang='lat' dir='ltr'>totum</span> <span class='ocrx_word' id='word_1_330' title='bbox 1812 2793 1997 2825; x_wconf 87' lang='lat' dir='ltr'>accuratis-</span> 
     </span>
     <span class='ocr_line' id='line_1_37' title="bbox 356 2841 1995 2883; baseline -0.003 -5"><span class='ocrx_word' id='word_1_331' title='bbox 356 2847 443 2878; x_wconf 85' lang='lat' dir='ltr'>sime</span> <span class='ocrx_word' id='word_1_332' title='bbox 467 2847 500 2877; x_wconf 89' lang='lat' dir='ltr'>in</span> <span class='ocrx_word' id='word_1_333' title='bbox 526 2846 646 2877; x_wconf 86' lang='lat' dir='ltr'>Halmii</span> <span class='ocrx_word' id='word_1_334' title='bbox 670 2854 772 2876; x_wconf 88' lang='lat' dir='ltr'>usum</span> <span class='ocrx_word' id='word_1_335' title='bbox 798 2845 947 2876; x_wconf 81' lang='lat' dir='ltr'>excussit</span> <span class='ocrx_word' id='word_1_336' title='bbox 972 2845 1120 2875; x_wconf 73' lang='lat' dir='ltr'>CxaoLus</span> <span class='ocrx_word' id='word_1_337' title='bbox 1145 2846 1255 2875; x_wconf 65' lang='lat' dir='ltr'>Pium.</span> <span class='ocrx_word' id='word_1_338' title='bbox 1292 2845 1328 2874; x_wconf 91' lang='lat' dir='ltr'>In</span> <span class='ocrx_word' id='word_1_339' title='bbox 1353 2843 1417 2874; x_wconf 86' lang='lat' dir='ltr'>hac</span> <span class='ocrx_word' id='word_1_340' title='bbox 1443 2843 1583 2883; x_wconf 85' lang='lat' dir='ltr'>quidem</span> <span class='ocrx_word' id='word_1_341' title='bbox 1609 2844 1762 2875; x_wconf 88' lang='lat' dir='ltr'>oratione</span> <span class='ocrx_word' id='word_1_342' title='bbox 1787 2843 1884 2883; x_wconf 87' lang='lat' dir='ltr'>quasi</span> <span class='ocrx_word' id='word_1_343' title='bbox 1908 2841 1995 2873; x_wconf 82' lang='lat' dir='ltr'>alte-</span> 
     </span>
     <span class='ocr_line' id='line_1_38' title="bbox 356 2891 1993 2936; baseline -0.003 -9"><span class='ocrx_word' id='word_1_344' title='bbox 356 2905 434 2927; x_wconf 88' lang='lat' dir='ltr'>rum</span> <span class='ocrx_word' id='word_1_345' title='bbox 459 2894 656 2936; x_wconf 86' lang='lat' dir='ltr'>exemplum</span> <span class='ocrx_word' id='word_1_346' title='bbox 677 2896 728 2926; x_wconf 84' lang='lat' dir='ltr'>est</span> <span class='ocrx_word' id='word_1_347' title='bbox 752 2894 881 2925; x_wconf 85' lang='lat' dir='ltr'>codicis</span> <span class='ocrx_word' id='word_1_348' title='bbox 899 2894 1124 2932; x_wconf 81' lang='lat' dir='ltr'>Erfurtensis‚</span> <span class='ocrx_word' id='word_1_349' title='bbox 1150 2891 1329 2934; x_wconf 83' lang='lat' dir='ltr'>permultis</span> <span class='ocrx_word' id='word_1_350' title='bbox 1348 2893 1463 2923; x_wconf 85' lang='lat' dir='ltr'>tamen</span> <span class='ocrx_word' id='word_1_351' title='bbox 1487 2892 1624 2924; x_wconf 86' lang='lat' dir='ltr'>mendis</span> <span class='ocrx_word' id='word_1_352' title='bbox 1648 2892 1880 2933; x_wconf 85' lang='lat' dir='ltr'>deturpatum,</span> <span class='ocrx_word' id='word_1_353' title='bbox 1905 2899 1993 2932; x_wconf 84' lang='lat' dir='ltr'>quae</span> 
     </span>
    </p>
   </div>
   <div class='ocr_carea' id='block_1_9' title="bbox 355 2943 914 2977">
    <p class='ocr_par' dir='ltr' id='par_1_13' title="bbox 355 2943 914 2977">
     <span class='ocr_line' id='line_1_39' title="bbox 355 2943 914 2977; baseline -0.005 -1"><span class='ocrx_word' id='word_1_354' title='bbox 355 2946 469 2977; x_wconf 88' lang='lat' dir='ltr'>omnia</span> <span class='ocrx_word' id='word_1_355' title='bbox 493 2944 616 2975; x_wconf 79' lang='lat' dir='ltr'>afferre</span> <span class='ocrx_word' id='word_1_356' title='bbox 636 2943 716 2974; x_wconf 88' lang='lat' dir='ltr'>nihil</span> <span class='ocrx_word' id='word_1_357' title='bbox 736 2943 914 2974; x_wconf 85' lang='lat' dir='ltr'>attinebat.</span> 
     </span>
    </p>
   </div>
   <div class='ocr_carea' id='block_1_10' title="bbox 248 2989 1994 3035">
    <p class='ocr_par' dir='ltr' id='par_1_14' title="bbox 248 2989 1994 3035">
     <span class='ocr_line' id='line_1_40' title="bbox 248 2989 1994 3035; baseline -0.003 -9"><span class='ocrx_word' id='word_1_358' title='bbox 248 2994 278 3035; x_wconf 67' lang='lat' dir='ltr'>§B</span> <span class='ocrx_word' id='word_1_359' title='bbox 299 3012 331 3023; x_wconf 87' lang='lat'><strong><em>=</em></strong></span> <span class='ocrx_word' id='word_1_360' title='bbox 353 2994 437 3027; x_wconf 91' lang='lat' dir='ltr'>Cod.</span> <span class='ocrx_word' id='word_1_361' title='bbox 465 2994 664 3024; x_wconf 73' lang='lat' dir='ltr'>«vetustus»</span> <span class='ocrx_word' id='word_1_362' title='bbox 691 2993 889 3024; x_wconf 87' lang='lat' dir='ltr'>monasterii</span> <span class='ocrx_word' id='word_1_363' title='bbox 913 2994 1113 3031; x_wconf 73' lang='lat' dir='ltr'>parcensis,</span> <span class='ocrx_word' id='word_1_364' title='bbox 1140 3001 1245 3033; x_wconf 89' lang='lat' dir='ltr'>quem</span> <span class='ocrx_word' id='word_1_365' title='bbox 1269 3001 1349 3024; x_wconf 89' lang='lat' dir='ltr'>cum</span> <span class='ocrx_word' id='word_1_366' title='bbox 1373 2991 1428 3022; x_wconf 81' lang='lat' dir='ltr'>ed.</span> <span class='ocrx_word' id='word_1_367' title='bbox 1455 2992 1648 3023; x_wconf 83' lang='lat' dir='ltr'>Manutiana</span> <span class='ocrx_word' id='word_1_368' title='bbox 1672 3000 1701 3023; x_wconf 87' lang='lat' dir='ltr'>a.</span> <span class='ocrx_word' id='word_1_369' title='bbox 1729 2989 1824 3022; x_wconf 82' lang='grc'>4554.</span> <span class='ocrx_word' id='word_1_370' title='bbox 1850 2989 1994 3022; x_wconf 90' lang='lat' dir='ltr'>contulit</span> 
     </span>
    </p>
   </div>
   <div class='ocr_carea' id='block_1_11' title="bbox 248 3095 328 3125">
    <p class='ocr_par' dir='ltr' id='par_1_15' title="bbox 248 3095 328 3125">
     <span class='ocr_line' id='line_1_41' title="bbox 248 3095 328 3125; baseline -0.038 0"><span class='ocrx_word' id='word_1_371' title='bbox 248 3095 328 3125; x_wconf 66' lang='lat' dir='ltr'>T:</span> 
     </span>
    </p>
   </div>
   <div class='ocr_carea' id='block_1_12' title="bbox 251 3193 270 3223">
    <p class='ocr_par' dir='ltr' id='par_1_16' title="bbox 251 3193 270 3223">
     <span class='ocr_line' id='line_1_42' title="bbox 251 3193 270 3223; baseline 0 -12"><span class='ocrx_word' id='word_1_372' title='bbox 251 3193 270 3223; x_wconf 73' lang='lat' dir='ltr'>F</span> 
     </span>
    </p>
   </div>
   <div class='ocr_carea' id='block_1_13' title="bbox 246 3291 330 3325">
    <p class='ocr_par' dir='ltr' id='par_1_17' title="bbox 246 3291 330 3325">
     <span class='ocr_line' id='line_1_43' title="bbox 246 3291 330 3325; baseline 0 -8"><span class='ocrx_word' id='word_1_373' title='bbox 246 3291 330 3325; x_wconf 65' lang='grc' dir='ltr'>ΒΞ</span> 
     </span>
    </p>
   </div>
   <div class='ocr_carea' id='block_1_14' title="bbox 355 3041 1990 3132">
    <p class='ocr_par' dir='ltr' id='par_1_18' title="bbox 355 3041 1990 3132">
     <span class='ocr_line' id='line_1_44' title="bbox 355 3041 1636 3084; baseline -0.003 -8"><span class='ocrx_word' id='word_1_374' title='bbox 355 3045 499 3084; x_wconf 86' lang='lat' dir='ltr'>eiusque</span> <span class='ocrx_word' id='word_1_375' title='bbox 524 3043 667 3081; x_wconf 80' lang='lat' dir='ltr'>margini</span> <span class='ocrx_word' id='word_1_376' title='bbox 692 3042 877 3082; x_wconf 85' lang='lat' dir='ltr'>adscripsit</span> <span class='ocrx_word' id='word_1_377' title='bbox 900 3042 1040 3075; x_wconf 70' lang='lat' dir='ltr'>Lsswxus</span> <span class='ocrx_word' id='word_1_378' title='bbox 1065 3043 1278 3073; x_wconf 74' lang='lat' dir='ltr'>Tonassxrms.</span> <span class='ocrx_word' id='word_1_379' title='bbox 1315 3042 1447 3072; x_wconf 77' lang='lat' dir='ltr'>Desinit</span> <span class='ocrx_word' id='word_1_380' title='bbox 1471 3041 1502 3072; x_wconf 85' lang='lat' dir='ltr'>iu</span> <span class='ocrx_word' id='word_1_381' title='bbox 1528 3041 1558 3081; x_wconf 68' lang='lat' dir='ltr'>g.</span> <span class='ocrx_word' id='word_1_382' title='bbox 1584 3042 1636 3072; x_wconf 71' lang='lat'>52.</span> 
     </span>
     <span class='ocr_line' id='line_1_45' title="bbox 355 3088 1990 3132; baseline -0.002 -8"><span class='ocrx_word' id='word_1_383' title='bbox 355 3093 438 3125; x_wconf 89' lang='lat' dir='ltr'>Cod.</span> <span class='ocrx_word' id='word_1_384' title='bbox 464 3093 744 3132; x_wconf 79' lang='lat' dir='ltr'>Tegei-nseensis.</span> <span class='ocrx_word' id='word_1_385' title='bbox 772 3091 857 3132; x_wconf 88' lang='lat' dir='ltr'>(Vid.</span> <span class='ocrx_word' id='word_1_386' title='bbox 876 3090 1049 3123; x_wconf 89' lang='lat' dir='ltr'>Halmium</span> <span class='ocrx_word' id='word_1_387' title='bbox 1072 3100 1105 3132; x_wconf 90' lang='lat' dir='ltr'>p.</span> <span class='ocrx_word' id='word_1_388' title='bbox 1125 3092 1175 3123; x_wconf 74' lang='lat'>32.</span> <span class='ocrx_word' id='word_1_389' title='bbox 1203 3092 1238 3122; x_wconf 83' lang='lat' dir='ltr'>et</span> <span class='ocrx_word' id='word_1_390' title='bbox 1261 3090 1349 3121; x_wconf 76' lang='lat' dir='ltr'>conf.</span> <span class='ocrx_word' id='word_1_391' title='bbox 1368 3098 1470 3130; x_wconf 83' lang='lat' dir='ltr'>supra</span> <span class='ocrx_word' id='word_1_392' title='bbox 1496 3099 1528 3130; x_wconf 87' lang='lat' dir='ltr'>p.</span> <span class='ocrx_word' id='word_1_393' title='bbox 1548 3089 1635 3129; x_wconf 75' lang='grc'>479.)</span> <span class='ocrx_word' id='word_1_394' title='bbox 1660 3090 1802 3122; x_wconf 87' lang='lat' dir='ltr'>Nostrae</span> <span class='ocrx_word' id='word_1_395' title='bbox 1827 3088 1990 3120; x_wconf 90' lang='lat' dir='ltr'>orationis</span> 
     </span>
    </p>
   </div>
   <div class='ocr_carea' id='block_1_15' title="bbox 356 3138 1988 3228">
    <p class='ocr_par' dir='ltr' id='par_1_19' title="bbox 356 3138 1988 3228">
     <span class='ocr_line' id='line_1_46' title="bbox 356 3138 1826 3182; baseline -0.003 -9"><span class='ocrx_word' id='word_1_396' title='bbox 356 3144 514 3182; x_wconf 82' lang='lat' dir='ltr'>exiguam</span> <span class='ocrx_word' id='word_1_397' title='bbox 538 3143 671 3172; x_wconf 83' lang='lat' dir='ltr'>tantum</span> <span class='ocrx_word' id='word_1_398' title='bbox 695 3140 799 3172; x_wconf 91' lang='lat' dir='ltr'>modo</span> <span class='ocrx_word' id='word_1_399' title='bbox 824 3142 959 3181; x_wconf 86' lang='lat' dir='ltr'>partem</span> <span class='ocrx_word' id='word_1_400' title='bbox 983 3139 1200 3178; x_wconf 87' lang='lat' dir='ltr'>continebat,</span> <span class='ocrx_word' id='word_1_401' title='bbox 1227 3139 1304 3171; x_wconf 88' lang='lat' dir='ltr'>inde</span> <span class='ocrx_word' id='word_1_402' title='bbox 1329 3148 1347 3169; x_wconf 85' lang='lat' dir='ltr'>a</span> <span class='ocrx_word' id='word_1_403' title='bbox 1372 3139 1401 3178; x_wconf 61' lang='lat'>§-</span> <span class='ocrx_word' id='word_1_404' title='bbox 1428 3138 1479 3169; x_wconf 79' lang='grc'>47.</span> <span class='ocrx_word' id='word_1_405' title='bbox 1505 3147 1616 3179; x_wconf 88' lang='lat' dir='ltr'>usque</span> <span class='ocrx_word' id='word_1_406' title='bbox 1641 3138 1685 3169; x_wconf 85' lang='lat' dir='ltr'>ad</span> <span class='ocrx_word' id='word_1_407' title='bbox 1708 3139 1826 3170; x_wconf 88' lang='lat' dir='ltr'>finem.</span> 
     </span>
     <span class='ocr_line' id='line_1_47' title="bbox 357 3186 1988 3228; baseline -0.003 -4"><span class='ocrx_word' id='word_1_408' title='bbox 357 3192 440 3224; x_wconf 91' lang='lat' dir='ltr'>Cod.</span> <span class='ocrx_word' id='word_1_409' title='bbox 468 3190 644 3223; x_wconf 83' lang='lat' dir='ltr'>Fuldensis</span> <span class='ocrx_word' id='word_1_410' title='bbox 669 3200 701 3222; x_wconf 87' lang='lat' dir='ltr'>n.</span> <span class='ocrx_word' id='word_1_411' title='bbox 727 3191 800 3222; x_wconf 83' lang='grc'>484.</span> <span class='ocrx_word' id='word_1_412' title='bbox 826 3189 857 3222; x_wconf 78' lang='grc'>4.</span> <span class='ocrx_word' id='word_1_413' title='bbox 884 3191 921 3222; x_wconf 93' lang='lat' dir='ltr'>C.</span> <span class='ocrx_word' id='word_1_414' title='bbox 946 3190 1014 3228; x_wconf 63' lang='lat' dir='ltr'>w,</span> <span class='ocrx_word' id='word_1_415' title='bbox 1051 3189 1133 3221; x_wconf 90' lang='lat' dir='ltr'>olim</span> <span class='ocrx_word' id='word_1_416' title='bbox 1155 3188 1354 3220; x_wconf 84' lang='lat' dir='ltr'>monasterii</span> <span class='ocrx_word' id='word_1_417' title='bbox 1379 3188 1668 3227; x_wconf 72' lang='lat' dir='ltr'>Weingartensis,</span> <span class='ocrx_word' id='word_1_418' title='bbox 1702 3188 1799 3219; x_wconf 89' lang='lat' dir='ltr'>cuius</span> <span class='ocrx_word' id='word_1_419' title='bbox 1822 3186 1988 3219; x_wconf 88' lang='lat' dir='ltr'>lectiones</span> 
     </span>
    </p>
   </div>
   <div class='ocr_carea' id='block_1_16' title="bbox 355 3236 1985 3329">
    <p class='ocr_par' dir='ltr' id='par_1_20' title="bbox 355 3236 1985 3329">
     <span class='ocr_line' id='line_1_48' title="bbox 357 3236 1936 3282; baseline -0.003 -10"><span class='ocrx_word' id='word_1_420' title='bbox 357 3241 537 3282; x_wconf 78' lang='lat' dir='ltr'>descripsit</span> <span class='ocrx_word' id='word_1_421' title='bbox 561 3242 595 3271; x_wconf 88' lang='lat' dir='ltr'>et</span> <span class='ocrx_word' id='word_1_422' title='bbox 618 3240 725 3271; x_wconf 88' lang='lat' dir='ltr'>edidit</span> <span class='ocrx_word' id='word_1_423' title='bbox 748 3240 784 3271; x_wconf 87' lang='lat' dir='ltr'>E.</span> <span class='ocrx_word' id='word_1_424' title='bbox 811 3240 844 3270; x_wconf 88' lang='lat' dir='ltr'>F.</span> <span class='ocrx_word' id='word_1_425' title='bbox 871 3240 894 3270; x_wconf 95' lang='lat' dir='ltr'>I.</span> <span class='ocrx_word' id='word_1_426' title='bbox 920 3239 1057 3270; x_wconf 86' lang='lat' dir='ltr'>Dronke</span> <span class='ocrx_word' id='word_1_427' title='bbox 1083 3239 1116 3270; x_wconf 87' lang='lat' dir='ltr'>in</span> <span class='ocrx_word' id='word_1_428' title='bbox 1140 3238 1395 3279; x_wconf 81' lang='lat' dir='ltr'>programmate</span> <span class='ocrx_word' id='word_1_429' title='bbox 1420 3236 1559 3269; x_wconf 84' lang='lat' dir='ltr'>scholae</span> <span class='ocrx_word' id='word_1_430' title='bbox 1585 3236 1762 3268; x_wconf 89' lang='lat' dir='ltr'>Fuldensis</span> <span class='ocrx_word' id='word_1_431' title='bbox 1785 3246 1815 3268; x_wconf 89' lang='lat' dir='ltr'>a.</span> <span class='ocrx_word' id='word_1_432' title='bbox 1842 3236 1936 3269; x_wconf 88' lang='grc'>4849.</span> 
     </span>
     <span class='ocr_line' id='line_1_49' title="bbox 355 3285 1985 3329; baseline -0.003 -6"><span class='ocrx_word' id='word_1_433' title='bbox 355 3291 440 3325; x_wconf 79' lang='lat' dir='ltr'>cod.</span> <span class='ocrx_word' id='word_1_434' title='bbox 454 3289 638 3324; x_wconf 83' lang='lat' dir='ltr'>Bernensis</span> <span class='ocrx_word' id='word_1_435' title='bbox 656 3299 689 3321; x_wconf 91' lang='lat' dir='ltr'>n.</span> <span class='ocrx_word' id='word_1_436' title='bbox 703 3288 777 3322; x_wconf 73' lang='grc'>254.</span> <span class='ocrx_word' id='word_1_437' title='bbox 796 3288 872 3321; x_wconf 82' lang='lat' dir='ltr'>Vid.</span> <span class='ocrx_word' id='word_1_438' title='bbox 887 3287 1061 3321; x_wconf 83' lang='lat' dir='ltr'>Halmium</span> <span class='ocrx_word' id='word_1_439' title='bbox 1074 3296 1137 3322; x_wconf 68' lang='lat' dir='ltr'>zur</span> <span class='ocrx_word' id='word_1_440' title='bbox 1148 3286 1501 3326; x_wconf 69' lang='lat' dir='ltr'>Ilandschriscenlcunde</span> <span class='ocrx_word' id='word_1_441' title='bbox 1516 3287 1546 3318; x_wconf 89' lang='lat' dir='ltr'>d.</span> <span class='ocrx_word' id='word_1_442' title='bbox 1558 3286 1701 3319; x_wconf 80' lang='lat' dir='ltr'>Ciceron.</span> <span class='ocrx_word' id='word_1_443' title='bbox 1716 3286 1876 3328; x_wconf 76' lang='lat' dir='ltr'>Schriften</span> <span class='ocrx_word' id='word_1_444' title='bbox 1888 3295 1922 3329; x_wconf 90' lang='lat' dir='ltr'>p.</span> <span class='ocrx_word' id='word_1_445' title='bbox 1933 3285 1985 3319; x_wconf 89' lang='grc'>40.</span> 
     </span>
    </p>
   </div>
  </div>
 </body>
</html>
