2143 3713
267 207 347 250 674
779 208 833 248 IN
861 207 908 247 L.
940 204 1229 247 CATILINAM
1257 205 1413 247 LIBER
1443 206 1493 245 ΙΙ.

272 321 478 371 Quirites,
527 323 568 359 et
607 332 651 359 se
695 319 931 373 perculsum
977 322 1100 371 atque
1146 316 1350 358 abiectum
1391 330 1480 358 esse
1529 317 1671 364 sentit,
1716 321 1756 357 et
1793 322 2005 372 retorquet

267 382 410 423 oculos
447 380 635 434 profecto
666 393 790 434 saepe
821 381 871 421 ad
910 380 1017 420 hanc
1047 379 1211 427 urbem,
1254 393 1376 432 quam
1416 392 1438 418 e
1474 378 1560 418 suis
1599 377 1785 418 faucibus
1823 385 2005 432 ereptam

266 458 356 485 esse
394 444 530 497 luget:
574 456 680 498 quae
719 443 888 498 quidem
927 442 1027 482 mihi
1076 441 1218 482 laetari
1262 441 1446 489 videtur,
1490 440 1602 494 quod
1649 444 1802 481 tantam
1846 445 2006 494 pestem

266 505 496 548 evomuerit
523 505 716 560 forasque
746 506 980 560 proiecerit.

234 579 252 607 5
377 569 428 609 H.
457 566 496 608 3.
526 569 584 608 Ac
614 569 648 609 si
679 569 771 622 quis
803 574 864 608 est
892 567 1004 614 talis,
1036 567 1179 619 quales
1212 579 1302 606 esse
1333 578 1475 606 omnes
1498 564 1726 618 oportebat,
1757 563 1828 618 qui
1858 564 1901 604 in
1930 563 2010 605 hoc

265 633 380 686 ipso,
409 632 453 671 in
484 643 568 684 quo
601 630 779 670 exsultat
809 635 849 669 et
878 628 1105 681 triumphat
1134 629 1263 668 oratio
1294 641 1406 675 mea,
1442 641 1506 667 me
1536 626 1803 667 vehementer
1832 630 2010 673 accuset,

265 693 379 748 quod
410 697 493 733 tam
523 692 741 746 capitalem
770 691 931 732 hostem
962 704 1045 730 non
1068 689 1451 744 comprehenderim
1483 690 1620 743 potius
1643 702 1767 743 quam
1788 689 2009 735 emiserim,

263 770 348 797 non
379 760 441 796 est
468 755 548 795 ista
576 767 669 795 mea
700 754 842 806 culpa,
885 752 956 792 sed
998 757 1241 805 temporum.
1301 751 1564 792 Interfectum
1597 764 1686 791 esse
1715 752 1760 791 L.
1793 751 2009 792 Catilinam

265 825 305 859 et
343 818 583 871 gravissimo
626 816 829 870 supplicio
867 816 1059 855 affectum
1090 815 1171 853 iam
1200 813 1358 866 pridem
1390 814 1627 866 oportebat,
1666 812 1792 867 idque
1821 826 1846 853 a
1874 826 1939 854 me
1970 818 2009 852 et

215 890 250 919 Ιιο
264 894 353 921 mos
382 881 584 920 maiorum
615 884 656 918 et
683 877 808 917 huius
838 877 1000 929 imperii
1032 876 1230 916 severitas
1263 880 1303 915 et
1340 888 1404 915 res
1434 875 1601 928 publica
1630 875 1878 929 postulabat.
1928 873 2008 914 Sed

264 956 390 997 quam
420 942 569 982 multos
600 939 729 979 fuisse
752 938 926 992 putatis,
959 939 1031 991 qui
1054 952 1158 991 quae
1181 950 1257 991 ego
1281 937 1483 977 deferrem
1504 951 1587 977 non
1609 938 1852 977 crederent?
1885 949 2008 991 quam

263 1006 436 1053 multos,
468 1004 542 1057 qui
572 1002 695 1042 etiam
717 999 1021 1040 defenderent?
1055 998 1194 1053 [quam
1216 999 1389 1047 multos,
1420 999 1491 1052 qui
1511 1004 1681 1052 propter
1701 999 2006 1054 improbitatem

261 1063 491 1118 faverent?]
539 1064 596 1103 Ac
626 1064 659 1103 si
691 1062 762 1102 illo
794 1061 956 1102 sublato
989 1061 1143 1114 depelli
1174 1075 1196 1101 a
1226 1060 1342 1101 vohis
1366 1074 1487 1101 omne
1517 1061 1748 1113 periculum
1769 1062 2007 1109 iudicarem,

261 1131 343 1170 iam
381 1127 542 1182 pridem
588 1138 663 1178 ego
704 1125 748 1163 L.
782 1123 999 1164 Catilinam
1040 1136 1126 1162 non
1166 1122 1289 1162 modo
1320 1123 1501 1163 invidiae
1531 1137 1668 1171 meae,
1712 1137 1855 1165 verum
1885 1124 2007 1165 etiam

212 1201 248 1229 45
261 1192 368 1232 vitae
397 1187 584 1243 periculo
616 1186 889 1227 sustulissem.
950 1183 988 1225 l».
1021 1185 1103 1224 Sed
1125 1198 1217 1225 cum
1238 1185 1442 1233 viderem,
1473 1199 1525 1226 ne
1547 1186 1664 1226 vobis
1686 1186 1856 1240 quidem
1877 1185 2010 1226 omni·

260 1254 336 1293 bus
366 1265 411 1293 re
442 1250 565 1292 etiam
595 1254 683 1290 tum
713 1248 907 1302 probata,
939 1249 972 1288 si
1003 1248 1145 1295 illum,
1178 1252 1223 1288 ut
1252 1253 1338 1288 erat
1366 1248 1558 1296 meritus,
1594 1254 1727 1288 morte
1756 1247 2010 1294 mustassem,

259 1315 349 1356 fore
386 1317 433 1354 ut
471 1312 561 1353 eius
600 1312 736 1352 socios
773 1309 933 1352 invidia
972 1323 1198 1364 oppressus
1241 1310 1434 1363 persequi
1464 1322 1549 1349 non
1577 1323 1765 1363 possem,
1803 1323 1891 1351 rem
1927 1309 2011 1350 huc

260 1377 436 1425 deduxi,
473 1379 519 1416 ut
557 1379 644 1414 tum
680 1373 817 1428 palam
856 1385 1041 1426 pugnare
1071 1372 1272 1425 possetis,
1311 1386 1406 1412 cum
1435 1372 1598 1413 hostem
1628 1377 1770 1426 aperte
1799 1373 2009 1414 videretis.

260 1439 396 1489 Quem
426 1436 596 1492 quidem
627 1449 702 1489 ego
733 1435 895 1476 hostem
926 1448 1051 1489 quam
1072 1435 1340 1475 vehementer
1368 1434 1470 1474 foris
1493 1448 1583 1475 esse
1603 1435 1833 1475 timendum
1853 1439 2009 1489 putem,

208 1502 358 1543 c201icet
396 1500 494 1541 hinc
529 1498 794 1552 intelligatis,
834 1498 945 1551 quod
985 1497 1106 1537 etiam
1143 1497 1317 1538 moleste
1355 1497 1464 1545 fero,
1507 1497 1621 1551 quod
1651 1511 1705 1537 ex
1732 1498 1834 1538 urbe
1862 1510 2008 1551 parum

259 1563 476 1604 comitatus
507 1561 668 1602 exierit.
709 1560 873 1600 Utinam
904 1559 974 1599 ille
1007 1573 1151 1599 omnes
1182 1572 1321 1599 secum
1353 1572 1446 1599 suas
1467 1560 1606 1611 copias
1628 1559 1865 1600 eduxisset!
1898 1561 2007 1599 Ton-

258 1627 402 1680 gilium
439 1624 540 1666 mihi
579 1622 746 1670 eduxit,
793 1635 916 1676 quem
956 1635 1093 1662 amare
1133 1621 1177 1661 in
1206 1626 1421 1675 praetexta
1450 1626 1660 1675 coeperat,
1704 1621 1936 1662 Publicium
1967 1626 2007 1661 et

346 1775 377 1805 4.
396 1776 425 1805 et
446 1773 525 1814 post
539 1771 634 1803 sentit
650 1779 718 1802 om.
738 1770 763 1801 B
777 1779 847 1801 z.—
875 1770 906 1801 2.
924 1778 1020 1809 saepe
1038 1769 1184 1809 profecto
1201 1778 1234 1805 c;
1256 1769 1403 1808 profecto
1420 1776 1489 1799 oni.
1510 1768 1555 1805 (23
1581 1776 1675 1808 saepe
1690 1776 1758 1800 om.
1777 1778 1860 1810 p.-
1878 1778 1921 1802 ea>
1942 1771 2008 1802 suis

259 1825 322 1856 VL
337 1824 375 1855 Ο.
389 1840 423 1845 —
443 1822 475 1853 3.
492 1822 571 1853 *mihi
587 1820 706 1852 laetari
729 1828 747 1851 a
762 1828 780 1851 e
793 1829 810 1850 r
823 1820 846 1850 Β
861 1820 884 1850 C
898 1844 905 1858 ,
932 1818 951 1851 li
968 1818 1022 1851 alii
1040 1820 1142 1859 Lagg.
1162 1828 1242 1850 cum
1263 1820 1396 1850 Donato
1415 1818 1457 1848 ad
1477 1819 1553 1849 Ter.
1574 1818 1657 1850 Hec.
1677 1819 1732 1851 Ill.
1751 1819 1782 1858 5,
1801 1819 1864 1851 65:
1890 1820 2008 1852 laetari

258 1875 337 1906 mihi
358 1875 385 1906 R
399 1875 422 1905 L
436 1874 473 1904 O.
503 1890 536 1893 --
562 1880 665 1903 evum.
691 1873 818 1901 tantam
835 1873 958 1910 pestem
982 1878 1013 1900 ο.
1042 1887 1075 1890 -
1103 1870 1133 1900 5.
1159 1869 1214 1910 Ae]
1240 1872 1273 1900 at
1298 1877 1316 1899 c
1330 1869 1394 1900 wB
1409 1869 1433 1899 C
1451 1869 1474 1899 V
1489 1869 1512 1899 L
1527 1869 1563 1899 ().
1593 1885 1625 1890 -
1655 1876 1763 1900 omnes
1784 1877 1849 1901 esse
1869 1869 1892 1901 b
1908 1878 1927 1901 e
1943 1878 2006 1910 qs,

258 1926 277 1956 5
301 1923 355 1955 alii
379 1925 499 1963 Lagg.·‚
527 1930 590 1954 esse
612 1921 754 1952 homines
777 1929 814 1958 ος
847 1928 911 1952 esse
935 1928 1004 1950 om.
1032 1928 1071 1959 p,
1100 1917 1206 1950 habet
1229 1920 1307 1959 post
1330 1918 1495 1958 oportebat
1519 1917 1582 1949 dz.
1611 1935 1647 1940 —
1681 1918 1715 1949 in
1736 1918 1806 1960 hoc]
1829 1919 1888 1951 hoc
1911 1929 1942 1952 c.
1970 1938 2004 1942 —

258 1975 288 2006 6.
313 1975 349 2005 in
372 1972 445 2013 quo]
469 1973 505 2003 in
528 1979 597 2002 om.
624 1979 641 2001 z
665 1969 771 2001 solus.
800 1987 833 1991 —
872 1973 971 2008 atque
993 1978 1021 2000 r.
1050 1986 1082 1989 -—
1110 1968 1178 1999 reh.
1205 1976 1254 1999 me
1278 1971 1410 1999 accusat
1433 1976 1469 2005 r;
1495 1977 1545 1999 me
1569 1977 1637 1999 acc.
1662 1969 1731 1999 veh.
1756 1977 1780 2000 u
1805 1970 1943 2009 (accuset
1965 1970 2006 2010 z).

259 2042 294 2047 —
320 2025 352 2056 7.
373 2022 494 2063 potius]
514 2021 611 2061 prius
634 2029 662 2051 r.
691 2039 725 2043 —
751 2020 782 2051 8.
808 2021 873 2050 ista
895 2023 940 2051 es!
964 2028 998 2059 q.
1026 2036 1057 2040 —
1093 2027 1165 2050 mea
1195 2019 1293 2058 culpa
1318 2018 1381 2050 Vb
1397 2019 1499 2058 cgik
1515 2027 1626 2057 surr,
1653 2019 1711 2055 ις.
1736 2018 1790 2050 ⁶24.
1816 2019 1881 2052 46.-
1912 2021 2010 2061 culpa

256 2083 330 2105 mea
362 2073 460 2113 culpa
488 2080 523 2109 r;
556 2079 629 2102 vitea
660 2070 752 2109 (mir.
783 2070 881 2109 eulpa
905 2078 939 2101 ni
965 2071 999 2101 ct
1022 2067 1151 2099 Ani-cd.
1178 2068 1284 2099 Paris.
1311 2077 1344 2109 p.
1372 2067 1408 2105 1l›;
1441 2077 1514 2099 mea
1542 2068 1641 2107 eulpa
1664 2067 1756 2107 Quir.
1782 2069 1856 2102 rell.
1882 2071 1951 2103 mei
1975 2072 2010 2103 et

257 2124 375 2163 Lagg.‚
400 2123 438 2153 ut
459 2120 613 2158 videtur,
640 2120 663 2150 L
677 2120 714 2150 O.
742 2119 816 2159 (sed
834 2120 891 2159 Lg.
910 2119 962 2149 53.
982 2118 1087 2150 habet
1109 2119 1200 2158 (heir.
1220 2120 1299 2149 autc
1325 2128 1387 2149 non
1411 2118 1482 2154 est.)
1503 2134 1536 2139 —-
1564 2118 1791 2157 interemptum
1806 2120 1831 2151 L
1846 2121 1871 2152 O
1888 2122 2007 2152 contra

259 2172 361 2204 codd.
390 2189 424 2193 —
451 2171 487 2202 L.
513 2178 582 2201 oni.
610 2177 671 2200 or.
699 2187 733 2190 —
761 2169 790 2199 9.
818 2170 971 2208 aflectum
994 2177 1058 2200 esse
1081 2168 1114 2199 d.
1137 2186 1169 2189 —
1197 2169 1339 2208 oportuit
1363 2168 1429 2199 cd.
1459 2187 1492 2190 a
1521 2169 1552 2198 ist
1576 2168 1661 2207 quod
1684 2176 1724 2208 (13
1753 2169 1784 2199 id
1807 2170 1828 2200 6
1850 2171 2006 2212 Lago.-

259 2223 310 2254 40.
328 2221 494 2253 maiorum
515 2227 584 2250 mos
609 2228 638 2249 z.
660 2236 693 2240 -
723 2219 774 2249 41.
801 2227 866 2250 esse
890 2227 924 2250 m
938 2227 976 2249 w.
1000 2236 1033 2239 —-
1059 2228 1125 2249 ozon
1141 2218 1318 2258 crederent]
1343 2218 1505 2258 Sequitur
1526 2218 1558 2249 in
1576 2218 1671 2249 editt.
1691 2217 1866 2261 plerisque
1887 2220 2006 2252 colon:

257 2280 358 2311 quam
378 2270 496 2302 multos
519 2269 575 2308 qui
593 2271 730 2308 propter
752 2268 923 2298 stultitiam
945 2276 1010 2298 non
1028 2270 1202 2306 putarent,
1229 2267 1320 2307 quod
1347 2275 1428 2299 cum
1452 2268 1476 2297 Β
1491 2276 1510 2297 ο
1523 2277 1564 2305 ς,
1590 2267 1647 2307 Lg.
1675 2268 1710 2306 9,
1737 2276 1806 2299 uno
1823 2269 1930 2302 Oxon.
1949 2269 2009 2301 de-

256 2320 335 2352 levi.
362 2319 447 2351 Cod.
473 2328 491 2349 a
516 2327 585 2349 non
610 2317 718 2349 habet
741 2318 805 2349 nisi
829 2318 885 2357 qui
911 2320 1047 2356 propter
1070 2318 1155 2348 stult.
1182 2327 1214 2348 n.
1236 2320 1411 2356 putarent,
1447 2325 1516 2347 om.
1543 2326 1597 2347 vv.
1623 2325 1723 2356 (stiam
1744 2319 1873 2351 multos.
1909 2318 2009 2351 Glos-

254 2379 352 2402 sema
377 2378 418 2401 eo
443 2376 583 2409 quoque
608 2368 823 2407 coarguitur,
858 2367 954 2407 quod
977 2367 1070 2398 idem
1097 2366 1195 2398 colon
1220 2367 1254 2398 iii
1280 2376 1342 2405 rz,
1370 2368 1426 2406 Lg.
1451 2367 1502 2397 50.
1531 2367 1583 2398 57.
1603 2369 1638 2398 ct
1661 2366 1680 2398 4
1706 2365 1780 2400 aliis
1803 2370 1883 2409 post
1908 2377 2008 2408 quam

255 2420 372 2451 multos
399 2419 455 2459 qui
482 2418 581 2450 etiam
611 2418 813 2457 defenderent
844 2416 978 2457 legitur.
1007 2435 1041 2438 Q
1075 2426 1174 2456 quam
1196 2417 1313 2448 multos
1336 2417 1392 2456 qui
1414 2416 1513 2448 etiam
1535 2417 1598 2455 (les.
1624 2425 1724 2456 quam
1745 2417 1864 2449 mullos
1886 2425 1956 2449 om.
1982 2418 2005 2448 t.

256 2469 396 2511 (erravit
419 2469 475 2499 Or.
502 2467 546 2499 dc
570 2468 742 2508 scriptura
765 2467 867 2498 liuius
891 2466 983 2505 cod.)
1010 2485 1044 2489 —
1083 2468 1135 2498 12.
1160 2467 1260 2498 etiam
1284 2467 1340 2505 qni
1363 2476 1393 2498 e.
1423 2484 1456 2488 —
1491 2475 1591 2506 quam
1621 2468 1700 2507 post
1723 2466 1786 2506 def.
1811 2474 1881 2498 om.
1906 2475 1941 2498 u.
1970 2483 2004 2488 -—

253 2529 284 2559 q.
309 2529 354 2551 m.
379 2520 435 2559 qui
451 2528 507 2559 pr.
533 2518 672 2559 improb.
696 2518 845 2558 faverent
868 2516 1053 2548 subditicia
1077 2516 1238 2548 ridentur
1261 2515 1401 2547 Blochio
1427 2517 1461 2546 et
1485 2516 1673 2556 Madvigio,
1700 2514 1764 2548 sed
1786 2514 1949 2556 leguntur
1972 2516 2007 2547 in

252 2569 416 2601 omnibus
433 2568 550 2606 codd,
577 2568 641 2599 nisi
665 2567 759 2607 quod
784 2568 795 2597 t
819 2576 887 2599 0111.
909 2570 1063 2606 propter,
1090 2577 1111 2605 ς
1129 2569 1266 2605 propter
1288 2566 1513 2606 infirmitatem
1529 2565 1646 2597 habet.
1667 2582 1704 2589 —
1732 2564 1784 2596 43.
1809 2564 2005 2596 sublaloillo

252 2619 360 2650 zVO.
390 2637 424 2641 —
450 2628 472 2649 a
493 2618 584 2650 nobis
607 2618 627 2648 d
642 2616 760 2648 liklw
774 2626 803 2648 z.
831 2634 866 2640 —
895 2616 945 2648 Μ..
972 2617 1098 2647 invidia
1121 2624 1194 2647 mea
1217 2614 1227 2646 l
1254 2614 1347 2647 solus
1373 2617 1408 2646 et
1430 2616 1466 2646 L.
1497 2633 1529 2636 —
1556 2616 1607 2647 45.
1632 2615 1720 2646 vitae
1743 2622 1812 2646 om.
1837 2614 1860 2646 l.
1892 2632 1927 2637 —
1951 2616 2006 2646 vi-

251 2670 360 2701 derem
383 2677 399 2700 s
422 2670 502 2710 post
523 2668 611 2699 vobis
628 2668 745 2699 habet.
766 2685 800 2689 —
830 2668 882 2699 116.
907 2676 943 2699 re
965 2667 1064 2698 ctiam
1086 2665 1166 2706 iiim]
1192 2673 1227 2696 re
1249 2666 1349 2696 etiam
1373 2666 1450 2696 (lum
1473 2674 1491 2697 e
1507 2667 1571 2703 tu;
1596 2673 1632 2697 re
1648 2665 1830 2696 tumeliam
1846 2674 1883 2703 r;
1909 2665 2009 2697 etiam

250 2727 287 2751 re
309 2722 378 2749 tum
401 2726 420 2749 c
444 2720 478 2749 et
502 2719 559 2758 Lg.
585 2718 638 2750 50.
664 2718 726 2755 573
752 2726 788 2749 re
811 2726 881 2748 om.
900 2727 934 2747 a.
962 2715 1105 2755 1144&
1130 2718 1199 2745 lum
1222 2722 1292 2745 om.
1316 2723 1332 2744 z
1357 2716 1391 2746 et
1413 2715 1432 2746 8
1450 2713 1503 2746 alii
1528 2715 1652 2754 Lagg.;
1677 2717 1745 2745 tam
1762 2714 1843 2755 (om.
1860 2714 1907 2755 re)
1926 2715 2006 2747 cod.

248 2768 448 2806 Parcensis‚
475 2766 518 2798 dc
543 2775 612 2807 quo
637 2765 736 2798 Orell.
765 2765 846 2798 falsa
872 2766 1022 2797 tradidit.
1050 2766 1095 2804 (re
1119 2773 1156 2795 ne
1177 2773 1209 2795 v.
1235 2773 1266 2803 q.
1292 2774 1321 2795 o.
1347 2764 1447 2795 etiam
1475 2767 1543 2795 tum
1566 2765 1615 2803 L.)
1642 2781 1676 2784 —
1711 2764 1924 2804 comprobata
1946 2766 2005 2805 Lg.

248 2817 302 2848 ΞΜ.
321 2817 375 2849 46.
392 2818 446 2849 50.
465 2818 518 2848 57.
554 2818 602 2848 Ex
625 2817 677 2848 liis
703 2816 805 2848 codd.
824 2816 976 2856 vestigiis
1000 2816 1077 2847 sort.
1096 2813 1322 2845 scribendum
1348 2816 1417 2845 est:
1443 2823 1479 2845 re
1502 2814 1570 2844 iam
1593 2814 1818 2853 comprobata.
1838 2833 1873 2838 —
1902 2816 1953 2847 47.
1970 2818 2007 2846 ul

248 2866 343 2898 huius
366 2868 404 2899 C.
431 2884 465 2888 —
491 2866 564 2907 huc]
589 2876 624 2898 eo
649 2866 682 2897 d.
713 2886 745 2889 „-
773 2867 825 2897 118.
852 2866 930 2906 tum]
958 2867 1035 2896 (lum
1058 2864 1079 2896 l›
1096 2866 1125 2902 t;
1151 2873 1225 2895 cum
1248 2873 1275 2895 r.
1296 2881 1330 2885 —
1357 2864 1484 2903 possitis
1507 2863 1529 2894 h
1546 2873 1561 2895 s
1576 2872 1616 2895 w.
1638 2882 1671 2885 —
1699 2865 1822 2906 aperte]
1841 2865 1960 2905 palam
1973 2874 2002 2896 r.

254 2934 288 2938 ——
312 2916 460 2948 videritis
488 2916 706 2953 bistuxz,
742 2916 762 2946 5
792 2914 845 2946 alii
877 2917 978 2956 Lagg.
1011 2933 1044 2936 a
1084 2915 1135 2945 w.
1162 2914 1281 2945 hostem
1305 2922 1356 2952 ag
1380 2914 1437 2952 Lg.
1464 2914 1517 2945 50.
1544 2913 1602 2943 57:
1641 2913 1783 2953 Quirites
1805 2914 1926 2946 hostem
1948 2915 2004 2945 ΖΒ

251 2967 308 3007 Lg.
334 2967 387 2998 vu20.
413 2967 472 3005 653
498 2967 617 2998 hostem
642 2966 734 3005 Ouir.
763 2966 874 2997 RLO.
897 2984 931 2988 2-
959 2964 1069 3005 quam]
1095 2964 1150 3003 qui
1174 2963 1238 2995 bs.
1267 2981 1300 2984 —
1328 2963 1504 2994 timendum
1527 2971 1591 2994 esse
1614 2963 1648 2994 d.
1669 2980 1704 2984 —
1731 2964 1784 2996 20.
1811 2965 1897 3004 quod
1920 2972 2006 3004 cqz

251 3018 285 3047 et
307 3017 326 3048 5
351 3015 406 3048 alii
429 3017 546 3057 Lagg.‚
572 3017 611 3047 ut
632 3015 791 3047 videtur:
819 3024 918 3055 quam
942 3015 1071 3055 1g50.
1090 3015 1148 3052 573
1175 3014 1232 3053 qui
1253 3015 1291 3045 R.
1311 3030 1345 3034 —
1372 3013 1470 3044 eliam
1495 3014 1518 3044 (J
1534 3012 1596 3044 Vb
1611 3013 1733 3045 irsx:
1758 3013 1840 3044 illud
1861 3014 1962 3046 etiam
1985 3022 2005 3050 ς

250 3066 329 3104 BO;
361 3066 461 3098 eliam
487 3066 569 3097 illud
600 3067 625 3097 R
637 3066 674 3097 L.
708 3082 745 3087 —
782 3065 835 3096 24.
862 3065 914 3096 ille
937 3074 1006 3096 om.
1034 3074 1066 3095 ο.
1096 3082 1129 3086 -
1164 3072 1271 3095 secum
1293 3070 1402 3094 omnes
1423 3071 1497 3101 WZ,
1526 3064 1583 3103 Lg.
1603 3062 1640 3100 9;
1676 3071 1784 3094 secum
1806 3071 1876 3094 om.
1903 3062 1938 3094 d.
1966 3078 2002 3084 —-

249 3117 360 3156 copias
382 3125 461 3148 suas
483 3115 506 3147 h
520 3125 539 3149 c.
553 3116 621 3153 ds;
648 3124 723 3147 suos
737 3124 766 3148 w
791 3116 910 3155 (omnes
932 3124 1010 3146 suas
1032 3115 1143 3154 copias
1165 3123 1272 3146 seeum
1292 3112 1336 3153 ο).
1358 3129 1392 3134 -
1420 3112 1613 3153 Tongillium
1636 3112 1655 3143 9
1671 3112 1795 3152 Lagg.;
1820 3112 2005 3153 Longilium

251 3174 289 3205 p:
317 3166 498 3207 Tongilium
521 3167 558 3197 L.
587 3183 621 3187 —
647 3166 700 3197 22.
727 3166 761 3195 in
781 3167 957 3204 praetexta
982 3165 989 3195 i
1014 3163 1131 3196 solus:
1157 3164 1193 3194 in
1210 3166 1319 3203 praet.
1347 3162 1489 3194 Catilina
1512 3163 1569 3202 Lg.
1587 3161 1647 3199 43;
1672 3161 1707 3193 in
1726 3164 1836 3201 praet.
1855 3161 2006 3200 calump-

250 3215 361 3246 nialus
383 3216 442 3255 Lg.
461 3215 514 3247 50.
533 3215 590 3253 57;
615 3215 650 3245 in
662 3217 770 3254 prael.
790 3214 959 3245 calumnia
983 3212 1048 3253 (vcl
1071 3213 1271 3252 calumpnia)
1288 3212 1313 3243 R
1327 3211 1368 3249 Ο,
1395 3210 1458 3241 sed
1475 3211 1517 3242 O:
1546 3210 1756 3252 [calumnia];
1783 3211 1909 3251 (amare
1931 3219 2006 3242 coe-

246 3268 346 3302 perat
366 3266 400 3295 in
418 3267 599 3304 praeteoeta
621 3263 810 3303 calumpnia
834 3262 897 3302 dl,
924 3265 1020 3294 Parc.
1047 3263 1082 3294 et
1103 3271 1194 3293 unus
1218 3262 1324 3293 Paris.
1343 3260 1435 3301 apud
1459 3260 1747 3301 Steinmetzium.)
1767 3277 1801 3283 —
1827 3260 2007 3293 Publicium

253 3312 356 3346 codd.
381 3312 559 3357 plerique:
594 3312 747 3348 nonnulli
769 3312 959 3348 Plublicium
984 3314 1035 3354 (t),
1067 3311 1233 3346 Publicum
1258 3312 1332 3353 (ru)
1357 3309 1411 3344 vel
1434 3310 1594 3344 Publium.
