2143 3713
299 195 379 238 482
830 196 1027 238 ORATIO
1057 197 1159 238 PRO
1190 198 1238 239 A.
1269 198 1493 241 CAECINA

296 308 527 348 hendarum
557 308 927 349 controversiarum
957 314 1027 350 aut
1062 310 1366 363 puniendorum
1396 308 1691 350 maleficiorum
1720 321 1845 349 causa
1871 313 2033 363 reperta

297 374 414 418 sunt,
460 382 638 423 quorum
679 370 851 411 alterum
888 371 1020 412 levius
1061 376 1146 419 est,
1189 379 1409 426 propterea
1450 372 1562 426 quod
1593 377 1635 411 et
1672 373 1808 411 minus
1837 371 1964 412 laedit
1993 376 2033 412 et

295 445 496 485 persaepe
517 431 794 486 disceptatore
815 434 1038 474 domestico
1059 433 1318 482 diiudicatur,
1339 436 1512 476 alterum
1534 439 1595 474 est
1610 433 2032 481 vehementissimum,

296 494 409 546 quod
440 498 481 534 et
509 494 560 535 ad
590 494 799 547 graviores
829 509 894 535 res
925 496 1105 548 pertinet
1135 501 1176 536 et
1204 509 1286 537 non
1316 497 1577 537 honorariam
1599 508 1767 548 operam
1789 495 1928 543 amici,
1959 495 2031 535 sed

264 556 558 596 5severitatem
595 556 746 597 iudicis
787 569 833 597 ac
872 559 953 598 vim
990 559 1177 611 requirit.
1235 557 1274 598 7.
1306 558 1428 607 Quod
1459 564 1522 599 est
1561 558 1726 611 gravius
1757 564 1798 598 et
1827 559 1942 598 cuius
1972 558 2033 598 rei

294 630 418 659 causa
445 619 624 659 maxime
654 618 806 659 iudicia
837 621 1059 661 constituta
1089 626 1205 669 sunt,
1242 622 1285 661 id
1324 622 1403 662 iam
1435 621 1541 661 mala
1570 620 1871 660 consuetudine
1901 620 2034 659 disso-

293 679 427 720 lutum
457 685 531 720 est.
575 682 679 721 Nam
708 686 754 721 ut
784 695 975 736 quaeque
1005 696 1069 723 res
1101 687 1163 723 est
1192 684 1445 737 turpissima,
1477 684 1536 723 sic
1565 682 1743 722 maxime
1778 687 1819 722 et
1845 681 2035 721 maturis-

293 743 394 783 sime
424 742 672 783 vindicanda
701 747 788 784 est:
835 749 876 783 at
906 744 1075 792 eadem,
1106 745 1203 798 quia
1233 745 1551 785 existimationis
1582 744 1810 798 periculum
1842 749 1924 792 est,
1955 748 2035 784 tar-

293 804 461 844 dissime
492 805 709 845 iudicatur.
768 806 837 844 111.
870 805 952 853 Qui
982 807 1107 859 igitur
1137 807 1351 855 convenit,
1391 822 1496 861 quae
1539 821 1663 848 causa
1702 806 1828 847 fuerit
1857 807 1908 847 ad
1938 819 2034 846 con-

243 871 280 901 40
293 866 545 906 stituendum
566 865 789 914 iudicium,
820 869 995 908 eandem
1016 883 1172 909 moram
1195 883 1283 909 esse
1305 871 1355 910 ad
1381 870 1677 910 iudicandum?
1709 870 1750 909 Si
1776 870 1890 922 quis,
1922 868 2035 923 quod

293 928 536 982 spopondit,
576 942 660 982 qua
697 929 740 968 in
776 942 820 968 re
856 930 981 970 verbo
1023 945 1066 971 se
1097 932 1294 985 obligavit
1323 946 1428 980 uno,
1469 932 1502 972 si
1534 931 1575 971 id
1607 946 1691 972 non
1720 931 1836 979 facit,
1874 937 2034 972 maturo

291 992 447 1032 iudicio
477 990 566 1030 sine
598 991 683 1030 ulla
712 991 917 1045 religione
946 993 1094 1033 iudicis
1126 995 1442 1035 condemnatur:
1474 995 1545 1047 qui
1576 1008 1650 1047 per
1680 993 1848 1033 tutelam
1871 998 1941 1034 aut
1971 1007 2035 1033 so-

292 1055 479 1094 cietatem
519 1057 589 1092 aut
627 1067 714 1094 rem
752 1055 986 1095 mandatam
1018 1060 1089 1095 aut
1118 1054 1291 1097 fiduciae
1322 1059 1521 1097 rationem
1552 1056 1757 1096 fraudavit
1786 1055 2034 1109 quempiam,

291 1117 336 1156 in
366 1130 415 1156 eo
447 1127 529 1168 quo
561 1116 756 1156 delictum
777 1117 908 1157 maius
939 1124 1022 1165 est,
1054 1132 1102 1158 eo
1132 1133 1267 1172 poena
1297 1126 1358 1160 est
1388 1121 1553 1160 tardior.
1595 1118 1633 1158 8.
1669 1119 1765 1158 «Est
1786 1119 1895 1158 enim
1917 1124 2035 1170 turpe

242 1179 526 1219 ⁴5iudicium.»
580 1179 644 1218 Ex
682 1178 789 1219 sacto
821 1180 990 1232 quidem
1022 1182 1144 1234 turpi.
1199 1182 1346 1222 Videte
1377 1183 1503 1235 igitur
1533 1196 1655 1235 quam
1686 1181 1830 1233 inique
1861 1180 2035 1226 accidat,

293 1241 393 1294 quia
422 1253 487 1280 res
517 1240 688 1293 indigna
717 1241 790 1289 sit,
820 1242 914 1289 ideo
944 1248 1107 1296 turpem
1130 1244 1479 1284 existimationem
1502 1245 1646 1297 sequi:
1679 1245 1777 1296 quia
1798 1243 1929 1296 turpis
1950 1241 2037 1281 exi-

290 1303 470 1343 stimatio
511 1307 729 1356 sequatur,
775 1303 868 1345 ideo
908 1319 995 1345 rem
1034 1306 1243 1359 indignam
1284 1320 1365 1346 non
1395 1307 1610 1346 vindicari.
1655 1308 1713 1345 Ac
1752 1306 1785 1345 si
1825 1306 1896 1358 qui
1934 1303 2037 1343 mihi

288 1363 370 1404 hoc
398 1363 529 1404 iudex
556 1370 871 1419 recuperatorve
901 1367 1034 1407 dicat:
1069 1369 1267 1408 «Potuisti
1288 1369 1398 1408 enini
1428 1369 1586 1407 leniore
1608 1368 1771 1408 actione
1792 1365 2036 1419 conssigere;

289 1427 464 1480 potuisti
498 1425 549 1466 ad
590 1431 705 1468 tuum
733 1427 797 1469 ius
833 1428 1020 1469 faciliore
1056 1436 1098 1470 et
1132 1431 1411 1470 commodiore
1447 1430 1602 1470 iudicio
1638 1432 1878 1483 pervenire:
1909 1440 2037 1483 quare

240 1493 362 1530 20aut
405 1493 518 1530 muta
558 1491 766 1531 actionem
805 1497 877 1532 aut
914 1493 999 1532 noli
1028 1492 1128 1532 mihi
1158 1495 1334 1540 instare,
1379 1497 1424 1532 ut
1454 1492 1687 1532 iudicemt»
1736 1497 1873 1532 tamen
1902 1491 1937 1530 is
1968 1493 2039 1530 aut

289 1552 474 1592 timidior
502 1552 714 1602 videatur,
747 1567 869 1607 quam
899 1554 1067 1602 fortem,
1099 1559 1170 1594 aut
1199 1554 1410 1607 cupidior,
1443 1567 1564 1607 quam
1597 1556 1827 1608 sapientem
1858 1552 2037 1593 iudicem

290 1627 381 1654 esse
419 1627 598 1668 aequum
637 1621 721 1662 est,
759 1617 793 1656 si
833 1621 904 1656 aut
933 1617 1033 1656 mihi
1063 1617 1332 1670 praescribat,
1373 1630 1500 1670 quem
1530 1617 1581 1655 ad
1611 1617 1776 1657 moduni
1806 1630 1943 1656 meum
1973 1616 2037 1655 ius

288 1689 537 1730 persequar,
581 1683 651 1718 aut
680 1679 769 1731 ipse
801 1679 867 1726 id,
913 1679 1025 1732 quod
1058 1678 1109 1718 ad
1145 1692 1188 1718 se
1221 1679 1402 1719 delatum
1434 1680 1508 1726 sit,
1547 1692 1630 1718 non
1663 1680 1813 1719 audeat
1843 1678 2036 1719 iudicare.

289 1738 455 1778 Etenim
486 1741 521 1779 si
551 1745 719 1793 praetor
748 1741 805 1788 is,
838 1741 911 1794 qui
942 1741 1094 1781 iudicia
1115 1742 1203 1789 dat,
1233 1755 1460 1795 numquam
1481 1741 1649 1794 petitori
1671 1742 1925 1793 praestituit,
1957 1753 2039 1794 qua

240 1806 276 1837 25
290 1801 453 1841 actione
482 1802 600 1842 illum
630 1803 691 1842 uti
720 1803 840 1850 velit,
870 1803 1032 1851 videte,
1064 1816 1187 1856 quam
1218 1804 1407 1857 iniquum
1432 1803 1505 1849 sit,
1538 1802 1761 1842 constituta
1791 1803 1872 1842 iam
1901 1815 1945 1841 re
1976 1803 2040 1842 iu-

290 1862 445 1911 dicem,
478 1865 578 1918 quid
608 1865 674 1917 agi
704 1865 889 1918 potuerit
917 1871 989 1905 aut
1019 1865 1120 1919 quid
1144 1867 1298 1919 possit,
1329 1880 1413 1906 non
1435 1866 1534 1919 quid
1556 1870 1692 1905 actum
1715 1865 1791 1913 sit,
1823 1877 2038 1919 quaerere.

289 1924 328 1965 9.
358 1927 512 1966 Verum
543 1933 681 1967 tamen
711 1928 864 1967 nimiae
893 1933 1055 1968 vestrae
1093 1928 1342 1981 benignitati
1380 1941 1642 1982 pareremuS‚
1682 1928 1716 1967 si
1757 1928 1838 1967 alia
1876 1927 2037 1967 ratione

288 1987 353 2028 ius
382 1994 572 2030 nostrum
601 2003 843 2044 recuperare
873 2003 1106 2044 possemus.
1150 1992 1267 2030 Nunc
1297 2004 1394 2031 vero
1426 1991 1519 2043 quis
1551 1995 1635 2039 est,
1668 1990 1741 2044 qui
1771 1995 1842 2031 aut
1862 1989 1945 2030 vim
1964 1989 2041 2030 ho-

288 2165 421 2201 reperta
442 2162 506 2193 sint
529 2163 565 2193 L.
594 2179 627 2183 —
662 2163 693 2193 2.
722 2166 898 2202 propterea
927 2172 996 2194 om.
1022 2171 1122 2194 aem
1136 2162 1196 2204 ρβ
1220 2164 1254 2194 et
1276 2164 1314 2195 A.
1343 2180 1376 2184 m
1412 2162 1509 2194 laedit
1532 2171 1601 2194 om.
1629 2163 1673 2201 E,
1707 2163 1770 2194 sed
1801 2173 1820 2195 a
1844 2173 1949 2197 manu
1973 2174 2041 2198 non

291 2209 399 2242 multo
423 2212 618 2243 recentiore
643 2213 920 2253 superscriptum
936 2213 1022 2244 ledii.
1044 2229 1078 2234 —
1105 2212 1135 2244 3.
1154 2238 1159 2244 .
1178 2236 1185 2243 .
1204 2239 1210 2244 .
1228 2214 1357 2245 mes-lico
1373 2213 1574 2244 diiudicatur
1590 2213 1728 2244 alierum
1744 2230 1762 2235 -
1774 2231 1792 2236 -
1804 2216 1935 2253 potestis
1953 2219 2043 2247 atro-

290 2260 421 2292 citatem
444 2264 590 2292 nostram
615 2260 656 2301 (g.
684 2261 727 2301 9.)
752 2260 859 2292 habet
883 2264 918 2292 P.
939 2279 974 2283 —-
1001 2261 1031 2293 4.
1057 2265 1086 2293 ei
1108 2263 1275 2302 grauioris
1299 2263 1378 2302 (ein.
1399 2264 1451 2302 ad)
1470 2264 1505 2294 T.
1528 2281 1561 2284 —
1589 2263 1619 2294 6.
1647 2262 1723 2304 iam]
1747 2272 1825 2295 nam
1844 2266 1881 2298 T.
1902 2283 1937 2288 -
1963 2274 2042 2297 con-

290 2310 490 2342 suetudinem
513 2312 548 2342 P.
577 2328 611 2332 —
638 2310 669 2342 8.
694 2311 893 2342 vindicanda
917 2311 1078 2343 PETO:
1109 2313 1286 2344 iudicanda
1311 2315 1333 2344 Β
1348 2314 1374 2344 A
1389 2312 1459 2346 Lss.
1491 2313 1540 2345 Cf.
1567 2314 1597 2353 g.
1623 2313 1653 2345 8.
1681 2331 1717 2336 -—-
1743 2317 1779 2345 ai
1800 2315 1928 2356 eadem,
1963 2317 2043 2356 quia

293 2364 441 2397 Klotzius
466 2365 663 2406 (Emendait.
691 2366 770 2397 Tuli.
796 2375 830 2407 p.
849 2366 888 2397 40
914 2367 998 2406 sq.):
1026 2357 1480 2410 ADDEEADEMJJA'CQVIA
1505 2369 1536 2409 (i.
1565 2378 1594 2400 0.
1620 2370 1663 2400 ad
1687 2370 1797 2401 eadem
1820 2372 1908 2412 quia)
1933 2374 1974 2412 1>;
2007 2375 2043 2404 ai

291 2416 403 2447 eadem
427 2417 482 2456 qui
513 2417 556 2453 T;
587 2420 623 2447 αι
650 2417 762 2448 eadem
791 2425 875 2455 quac
899 2417 923 2448 E
938 2426 1026 2459 111y;
1061 2419 1103 2448 ad
1126 2419 1238 2450 eadem
1261 2427 1321 2457 que
1345 2421 1388 2456 G3
1423 2428 1461 2449 ac
1491 2419 1602 2450 eadem
1625 2428 1709 2458 quae
1731 2419 1851 2463 ahep
1866 2420 1968 2462 qt&
2003 2430 2043 2453 ac

291 2467 405 2498 eadem
428 2475 495 2506 qua
517 2476 562 2504 α;
587 2475 628 2498 ac
650 2476 690 2499 ea
712 2468 750 2499 dc
771 2476 838 2506 qua
860 2468 881 2498 k
905 2468 939 2498 et
962 2469 1007 2503 A;
1034 2471 1068 2499 αι
1091 2477 1145 2507 ea,
1172 2469 1205 2499 in
1228 2477 1295 2508 qua
1318 2468 1427 2503 LssO.
1456 2487 1490 2491 —
1517 2470 1751 2501 aestimationis
1772 2471 1911 2512 kmpq
1935 2472 1970 2503 et
1991 2472 2040 2510 A;

292 2517 515 2548 extimationis
536 2516 559 2548 b
576 2518 599 2548 t.
628 2535 663 2539 —
690 2517 742 2549 40.
769 2518 904 2550 eandem
926 2517 1043 2549 horam
1065 2519 1090 2549 E
1104 2520 1139 2555 T,
1160 2537 1195 2540 —
1223 2520 1275 2551 44.
1299 2520 1396 2552 verbo
1418 2528 1451 2552 se
1474 2519 1628 2561 obligyavit
1649 2529 1714 2551 uno
1738 2522 1778 2552 P:
1803 2520 1902 2552 uerbo
1923 2530 1989 2553 ano
2011 2531 2043 2554 se

293 2564 451 2606 obliqauit
474 2565 498 2597 T
523 2567 557 2597 et
580 2574 615 2598 m
640 2567 703 2607 (pr.
729 2567 808 2606 m.);
834 2576 866 2598 sc
887 2576 955 2598 uno
977 2568 1076 2599 uerbo
1100 2569 1256 2610 obligauit
1278 2569 1316 2607 k;
1348 2569 1447 2601 uerbo
1469 2578 1502 2601 se
1523 2578 1588 2600 uno
1611 2569 1766 2611 obliyauit
1788 2570 1923 2605 RALss
1938 2572 1975 2603 O.
2002 2588 2038 2594 —

292 2616 319 2647 si
341 2616 376 2647 id
399 2617 442 2647 P:
475 2616 509 2647 id
534 2617 613 2656 (om.
638 2616 674 2656 si)
700 2616 835 2650 RALt‘
851 2618 888 2648 O.
924 2618 973 2648 De
998 2619 1144 2659 repetita
1173 2618 1340 2660 particula
1363 2619 1390 2650 si
1414 2619 1455 2650 cs.
1483 2619 1513 2659 g.
1540 2620 1592 2650 58.
1621 2637 1655 2641 —
1688 2620 1740 2651 42.
1764 2620 1890 2662 iudicis]
1913 2621 2043 2653 iudiciis

292 2665 319 2696 E
332 2666 356 2697 T
369 2667 395 2696 G
407 2664 430 2697 b
446 2673 465 2697 e
483 2665 545 2706 (pr.
560 2666 620 2706 m.)
638 2674 673 2697 m
685 2674 707 2706 p
720 2663 746 2704 β
764 2668 797 2697 et
812 2668 851 2698 A.
869 2684 904 2690 —-
925 2670 982 2698 aui
1000 2676 1062 2707 per
1082 2668 1265 2700 societatem
1280 2666 1307 2706 β
1323 2670 1357 2700 et
1370 2670 1451 2700 Α.-
1471 2669 1483 2699 4
1494 2668 1522 2700 4.
1538 2677 1573 2700 eo
1590 2678 1658 2701 om.
1677 2670 1717 2701 A.
1734 2687 1771 2692 —
1793 2670 1879 2708 quod
1893 2670 2043 2703 delictum

293 2715 330 2746 T.
357 2714 407 2747 Cf.
425 2723 499 2747 var.
524 2714 604 2747 lect.
630 2715 674 2747 ad
690 2715 720 2756 g.
740 2717 792 2747 45.
812 2716 863 2747 48.
881 2717 935 2748 55.
951 2734 986 2738 -
1007 2726 1097 2757 pena
1111 2718 1147 2749 T.
1167 2735 1202 2739 —
1223 2719 1303 2749 Post
1318 2727 1350 2749 v.
1369 2718 1497 2749 tardior
1519 2718 1754 2759 interrogandi
1777 2719 1913 2759 signum
1927 2721 2043 2761 posuit

293 2763 461 2796 Iordanus
489 2764 565 2797 coll.
593 2765 663 2797 Cic.
689 2773 723 2806 p.
750 2766 850 2798 Rosc.
873 2767 948 2798 Am.
975 2766 1005 2807 g.
1024 2767 1097 2798 443.
1118 2784 1153 2789 ——
1181 2767 1232 2798 45.
1257 2768 1312 2799 Eae
1332 2768 1420 2808 facto
1444 2769 1572 2807 quidem
1595 2770 1684 2809 turpi
1706 2769 1791 2801 PO:
1815 2773 1845 2801 et
1865 2770 1953 2809 facio
1968 2771 2043 2810 qui-

293 2814 365 2845 dem
392 2815 481 2854 turpi
510 2814 677 2847 Iordanus
709 2816 741 2847 in
772 2814 944 2853 editione;
982 2819 1010 2848 ei
1043 2825 1085 2847 tw
1113 2815 1201 2857 facio
1232 2817 1360 2856 quidem
1388 2818 1477 2857 turpi
1508 2817 1600 2850 idem
1627 2819 1659 2850 in
1683 2819 1821 2859 Specim.
1845 2819 1871 2850 I.
1898 2820 2041 2858 Quaestt.

295 2862 434 2894 Tallian.
460 2871 494 2903 p.
514 2863 566 2894 40.
593 2866 627 2895 et
650 2865 774 2896 Ravius
795 2866 890 2896 Varr.
908 2866 1006 2898 Lecti.
1025 2866 1050 2897 1.
1069 2874 1102 2906 p.
1123 2866 1195 2904 65.;
1220 2869 1250 2898 ei
1271 2866 1358 2906 facio
1375 2868 1502 2906 quidem
1525 2871 1618 2908 turpe
1634 2870 1697 2900 ltA
1710 2867 1751 2905 ss3
1777 2871 1807 2900 et
1828 2868 1953 2908 factum
1969 2869 2044 2908 qui-

295 2913 366 2944 dem
389 2916 482 2952 turpe
505 2921 585 2944 cum
611 2914 646 2944 P.
672 2913 823 2946 Manutio
846 2915 882 2945 L.
911 2932 946 2936 ——
973 2915 1024 2946 47.
1050 2914 1221 2946 vendicari
1245 2924 1315 2957 ay;
1341 2917 1483 2948 iudicari
1506 2918 1633 2949 ekmt
1656 2920 1690 2950 et
1713 2916 1782 2951 Lss.
1822 2916 1871 2948 Cf.
1897 2916 1927 2957 g.
1954 2918 1985 2948 7.
2005 2935 2042 2941 —

295 2970 334 2992 ac
359 2961 488 2993 PETe
515 2962 595 3001 (sec.
622 2962 681 3002 in.)
708 2965 742 2994 et
766 2965 805 2994 0:
840 2967 875 2994 αι
898 2963 1045 2997 RALQ.
1075 2981 1109 2986 —
1146 2964 1201 3003 qui
1224 2966 1267 2995 P:
1296 2966 1368 3004 quis
1398 2965 1585 2999 RALL‘O.
1614 2983 1647 2987 —
1676 2966 1727 2997 48.
1752 2967 1996 3007 reciperatorue
2017 2967 2044 2999 E

296 3011 478 3050 (Freundio
502 3012 622 3051 teste);
647 3013 895 3052 ricuperacorue
918 3015 942 3045 P
967 3014 1022 3054 (ita
1047 3022 1189 3054 semper
1211 3013 1264 3053 ri).
1298 3014 1347 3046 Cr.
1373 3014 1403 3055 g.
1431 3016 1461 3046 6.
1489 3032 1523 3036 —
1551 3015 1671 3047 leniore
1694 3023 1774 3047 cum
1799 3015 1925 3048 «aliis»
1950 3016 2045 3058 apud

294 3060 530 3092 Passeratium
553 3060 738 3093 Iordanus:
767 3062 883 3094 leuiori
906 3063 966 3094 Gk
980 3072 1049 3104 ay3
1082 3063 1200 3095 leviore
1224 3063 1358 3097 RALss
1373 3066 1409 3096 O.
1438 3064 1487 3096 Cs.
1515 3065 1546 3105 S.
1572 3066 1603 3096 9.
1631 3082 1665 3087 —
1689 3065 1823 3105 potuisti
1845 3067 1929 3098 enim
1952 3067 1996 3098 ad
2018 3066 2044 3098 T

297 3110 321 3139 G
336 3118 354 3140 e
380 3110 442 3151 (pr.
469 3110 529 3150 m.)
553 3110 652 3153 kay.
679 3129 714 3134 -
740 3112 792 3143 ⁶20.
818 3116 876 3144 aui
899 3114 979 3144 anto
1003 3121 1036 3144 V.
1056 3113 1200 3144 timidior
1215 3121 1284 3145 om.
1302 3115 1340 3145 A.
1361 3131 1395 3135 ——
1422 3115 1475 3146 22.
1501 3123 1575 3147 esse.
1600 3115 1718 3146 Accam
1741 3119 1786 3147 est
1808 3117 1845 3148 T.
1878 3116 2044 3149 Mendum

297 3160 412 3191 ortum
436 3161 490 3192 est
513 3168 554 3191 ex
577 3161 747 3202 scriptura
771 3171 895 3194 aecum.
924 3162 972 3194 Cf.
990 3172 1024 3203 p.
1043 3162 1149 3196 Tullio
1173 3163 1205 3203 ἓ.
1224 3163 1255 3194 6.
1273 3181 1308 3186 -
1330 3164 1511 3203 perscribat
1534 3166 1569 3196 T.
1590 3181 1625 3186 —
1651 3165 1702 3197 23.
1728 3166 1790 3207 ipsi
1812 3167 1846 3197 id
1861 3168 1897 3199 P.
1917 3183 1952 3189 -
1978 3174 2044 3197 mm

297 3216 367 3240 om.
391 3210 425 3240 T.
453 3227 488 3232 —
514 3209 568 3241 26.
593 3220 658 3242 non
682 3212 768 3253 quid]
792 3221 870 3244 num
894 3213 971 3252 quisi
994 3213 1029 3244 T.
1058 3231 1092 3235 —
1119 3213 1172 3243 27.
1196 3212 1296 3244 uestri
1319 3213 1354 3244 T.
1383 3230 1416 3233 —
1454 3213 1505 3246 ⁶28.
1532 3217 1589 3245 auc
1612 3215 1667 3253 qui
1691 3214 1860 3247 ETGab
1876 3216 2043 3257 mpqta

296 3256 356 3340 {sy
375 3260 414 3349 ξι
427 3260 466 3342 2.
488 3259 693 3344 {guissgutgi'
719 3261 823 3294 etiam
838 3262 888 3304 P.)
909 3281 943 3286 —
969 3261 1149 3295 hominibus
1171 3261 1310 3295 armatis
1325 3262 1349 3294 P
1361 3262 1387 3295 E
1399 3263 1423 3294 T
1435 3262 1472 3295 k:
1498 3265 1637 3297 armatis
1657 3264 1838 3299 hominibus
1851 3266 1918 3300 ΒΑ
1929 3265 1955 3299 L
1966 3263 1991 3301 §.2
2002 3263 2040 3299 O·
