2127 3708
650 224 745 267 CAP.
776 224 1150 266 xxx-xxxa.
1189 223 1263 279 55.
1295 223 1494 268 82-89.
1887 231 1940 274 53

191 352 316 395 quam
357 343 520 394 praeest
557 337 655 379 huic
694 338 929 392 quaestioni
959 338 1022 377 vir
1051 342 1092 377 et
1121 343 1265 378 contra
1295 339 1511 379 audaciam
1539 340 1789 384 fortissimus
1820 350 1859 385 et
1888 346 1940 386 ab

189 403 427 443 innocentia
466 400 834 448 clementissimus,
876 404 1014 439 tamen
1054 400 1175 440 facile
1207 414 1271 440 me
1312 406 1480 454 paterer
1508 403 1573 443 vel
1604 405 1674 444 illo
1705 407 1796 458 ipso
1827 419 1941 448 acer-

187 465 292 506 rimo
322 464 458 504 iudice
490 467 715 516 quaerente
745 463 810 502 vel
841 463 952 516 apud
985 463 1204 503 Cassianos
1242 463 1422 511 iudices,
1463 477 1642 518 quorum
1675 468 1797 507 ctiam
1827 482 1939 510 nunc

187 528 236 575 ii,
269 526 418 582 quibus
449 538 574 564 causa
605 524 780 565 dicenda
811 531 892 572 est,
932 538 1084 564 nomen
1125 525 1262 577 ipsum
1293 524 1585 575 reformidant,
1624 541 1699 580 pro
1731 529 1826 570 Sex.
1858 533 1939 571 Ro-

186 591 271 630 scio
303 590 450 630 dicere.
509 587 663 626 XXXI.
695 585 760 626 86.
791 587 839 626 In
868 587 945 627 hac
978 588 1087 627 enim
1119 600 1269 635 causa,
1301 601 1395 628 cum
1426 588 1618 630 viderent
1645 590 1740 631 illos
1770 594 1939 646 amplis·
1968 604 1988 633 5

185 653 329 692 simam
359 650 578 703 pecuniam
609 648 845 701 possidere,
877 649 988 689 hunc
1018 650 1061 689 in
1092 662 1252 689 summa
1283 649 1548 691 mendicitate
1576 664 1691 700 esse,
1720 653 1825 694 illud
1847 657 1938 709 qui-

185 714 277 754 dem
319 726 403 753 non
449 717 720 765 quaererent,
768 712 833 751 cui
877 712 988 751 bono
1028 711 1197 759 fuisset,
1244 712 1317 753 sed
1358 725 1406 752 eo
1445 715 1669 767 perspicuo
1709 716 1866 756 crimen
1897 724 1939 758 et

183 777 463 830 suspicionem
493 775 631 827 potius
662 773 714 813 ad
746 773 942 828 praedam
972 773 1248 827 adiungerent
1279 788 1405 829 quam
1436 775 1491 816 ad
1513 781 1752 829 egestatem.
1798 777 1937 826 Quid?

182 839 217 880 si
246 836 405 879 accedit
434 836 603 884 eodem,
634 841 680 875 ut
712 837 845 877 tenuis
876 841 999 876 antea
1027 836 1189 888 fueris?
1227 837 1363 891 quid?
1393 838 1426 877 si
1457 843 1504 878 ut
1532 841 1710 879 avarus?
1742 840 1872 894 quid?
1903 843 1938 882 si

180 905 226 942 ut
255 899 419 940 audax?
453 898 582 953 quid?
614 898 648 938 si
680 903 725 937 ut
754 898 890 946 illius,
923 899 995 952 qui
1018 899 1179 938 occisus
1204 905 1285 947 est,
1317 899 1655 942 inimicissimus:
1686 915 1787 943 num
1809 914 1985 957 quae-⁴0

179 961 308 1004 renda
337 974 485 1009 causa,
526 974 632 1015 quae
663 966 703 1000 te
734 960 786 1000 ad
818 966 975 1000 tantum
1006 960 1167 1000 facinus
1198 962 1448 1002 adduxerit?
1497 962 1607 1011 Quid
1647 977 1744 1018 ergo
1785 965 1937 1007 horum

179 1025 320 1078 negari
350 1025 514 1078 potest?
560 1024 756 1063 Tenuitas
786 1023 966 1063 hominis
999 1023 1203 1063 eiusmodi
1234 1030 1316 1072 est,
1347 1029 1394 1064 ut
1422 1024 1674 1067 dissimulari
1702 1040 1788 1067 non
1810 1034 1937 1082 queat

177 1094 303 1143 atque
334 1100 383 1127 eo
415 1086 544 1139 magis
576 1086 758 1133 eluceat,
800 1099 883 1140 quo
915 1085 1044 1138 magis
1076 1085 1321 1126 occultatur.
1381 1085 1447 1126 87.
1476 1089 1703 1129 Avaritiam
1734 1090 1934 1143 praefers,

181 1152 253 1206 qui
283 1151 522 1190 societatem
554 1148 702 1188 coieris
734 1148 784 1188 de
815 1148 1037 1201 municipis
1069 1150 1318 1203 cognatique
1349 1149 1528 1191 fortunis
1550 1164 1644 1191 cum
1665 1152 1933 1194 alienissimo.

179 1215 314 1264 Quam
353 1214 408 1253 sis
447 1211 605 1259 audax,
646 1217 691 1251 ut
727 1211 809 1251 alia
839 1210 1079 1258 obliw'scar‚
1118 1211 1215 1251 hinc
1247 1225 1391 1253 omnes
1421 1213 1655 1267 intelligere
1685 1220 1983 1268 potuerunt,45

178 1277 294 1333 quod
322 1289 374 1316 ex
404 1280 490 1315 tota
520 1274 742 1322 societate,
781 1274 861 1314 hoc
902 1278 983 1321 est,
1022 1287 1074 1313 ex
1104 1278 1166 1314 tot
1196 1275 1377 1323 sicariis,
1418 1276 1534 1316 solus
1565 1282 1610 1317 tu
1639 1278 1835 1320 inventus
1866 1292 1932 1328 es,

177 1340 250 1396 qui
282 1352 375 1380 cum
406 1336 717 1377 accusatoribus
749 1336 914 1376 sederes
945 1341 1072 1390 atque
1095 1350 1141 1376 os
1166 1342 1284 1377 tuum
1304 1351 1390 1377 non
1411 1338 1535 1379 modo
1558 1341 1822 1390 ostenderes,
1854 1343 1933 1383 sed

178 1404 301 1444 etiam
343 1398 526 1441 offerres.
585 1399 829 1439 Inimicitias
872 1399 946 1439 tibi
986 1398 1117 1439 fuisse
1157 1412 1251 1439 cum
1292 1400 1388 1440 Sex.
1418 1401 1570 1441 Roscio
1602 1408 1644 1444 et
1672 1417 1844 1458 magnas
1872 1407 1933 1447 rei

174 1464 389 1507 familiaris
429 1462 732 1502 controversias
768 1462 973 1502 concedas
1004 1475 1176 1502 necesse
1209 1468 1283 1502 est.
1344 1461 1410 1502 88.
1449 1464 1614 1513 Restat,
1655 1465 1840 1515 iudices,
1887 1473 1934 1508 ut

174 1528 254 1569 hoc
287 1526 548 1573 dubitemus,
578 1530 671 1565 uter
699 1525 839 1578 potius
872 1524 968 1564 Sex.
990 1525 1186 1565 Roscium
1217 1525 1439 1566 occiderit:
1470 1526 1526 1574 is,
1558 1527 1611 1567 ad
1642 1542 1769 1582 quem
1798 1536 1931 1572 morte
1944 1540 1981 1570 20

177 1591 266 1631 eius
298 1588 468 1630 divitiae
499 1590 709 1636 venerint,
740 1600 793 1627 an
825 1588 882 1635 is,
914 1586 966 1627 ad
999 1600 1124 1641 quem
1154 1589 1421 1638 mendicitas;
1450 1589 1508 1637 is,
1541 1591 1612 1644 qui
1643 1597 1764 1632 antea
1794 1594 1931 1634 tenuis

173 1653 318 1700 fuerit,
348 1664 402 1692 an
431 1653 486 1699 is,
518 1651 590 1705 qui
620 1655 767 1705 postea
795 1649 928 1690 factus
960 1650 1013 1690 sit
1045 1652 1357 1704 egentissimus3
1387 1652 1446 1700 is,
1478 1653 1550 1706 qui
1579 1653 1729 1695 ardens
1758 1657 1932 1698 avaritia

176 1715 333 1756 feratur
372 1714 547 1754 infestus
586 1715 630 1754 in
669 1726 789 1761 suos,
835 1725 887 1752 an
925 1713 981 1760 iS‚
1026 1715 1098 1768 qui
1133 1727 1300 1768 semper
1327 1715 1385 1755 ita
1414 1715 1587 1764 vixerit,
1629 1721 1676 1757 ut
1707 1724 1928 1772 quaestum

176 1782 318 1818 nosset
346 1777 530 1824 nullum,
561 1775 741 1816 fructum
772 1780 910 1815 autem
941 1788 1035 1815 eum
1065 1776 1222 1825 solum,
1256 1791 1382 1831 quem
1412 1778 1555 1819 labore
1584 1782 1839 1834 peperisset;
1868 1783 1927 1832 is,

177 1840 249 1894 qui
280 1839 464 1878 omnium
495 1844 702 1878 sectorum
731 1838 1031 1878 audacissimus
1053 1839 1127 1887 sit,
1165 1852 1219 1880 an
1247 1841 1304 1888 is,
1337 1842 1409 1895 qui
1439 1847 1612 1895 propter
1639 1843 1719 1884 fori
1749 1844 1976 1886 iudicio-25

176 1914 352 1955 rumque
382 1900 648 1940 insolentiam
677 1914 762 1940 non
792 1899 916 1939 modo
948 1901 1170 1949 subsellia,
1200 1915 1347 1942 verum
1378 1904 1501 1944 etiam
1530 1904 1677 1945 urbem
1707 1906 1842 1959 ipsam
1861 1920 1926 1948 re-

174 1962 388 2010 formidet3
418 1970 642 2016 postremo,
673 1962 853 2010 iudices,
884 1963 927 2002 id
959 1963 1072 2017 quod
1102 1963 1154 2004 ad
1180 1977 1269 2004 rem
1289 1978 1381 2005 mea
1402 1967 1609 2006 sententia
1633 1968 1813 2009 maxime
1833 1983 1928 2023 per-

175 2026 299 2072 tinet,
330 2031 469 2065 utrum
500 2025 691 2065 inimicus
712 2026 874 2078 potius,
905 2038 959 2065 an
979 2023 1101 2066 filius.
1160 2027 1335 2066 XXXII.
1367 2026 1433 2067 89.
1455 2028 1567 2068 Haec
1589 2034 1655 2078 tu,
1685 2031 1834 2080 Eruci,
1865 2037 1928 2074 tot

175 2092 214 2127 et
244 2093 357 2127 tanta
387 2088 421 2127 si
452 2093 599 2127 nactus
631 2101 742 2127 esses
772 2088 814 2127 in
845 2101 940 2136 reo,
972 2088 1172 2142 quamdiu
1193 2089 1376 2130 diceres!
1412 2105 1496 2144 quo
1518 2096 1557 2131 te
1579 2091 1705 2132 modo
1726 2093 1924 2135 iactares!

172 2155 335 2203 tempus
364 2149 535 2190 hercule
566 2155 605 2189 te
636 2151 756 2190 citius
788 2163 912 2204 quam
944 2152 1075 2191 oratio
1098 2149 1304 2192 deficeret.
1343 2153 1510 2193 Etenim
1539 2153 1584 2209 in
1603 2155 1779 2208 singulis
1798 2157 1924 2200 rebus
1937 2169 1973 2200 30

169 2310 254 2349 tius,
279 2308 477 2348 implacatus
495 2309 672 2347 Graevius,
697 2309 874 2348 replicatus
890 2310 995 2342 Heus.
1018 2311 1132 2342 Garat.
1149 2311 1182 2343 ⁶2.
1199 2310 1374 2352 vulgatam
1391 2312 1442 2344 sic
1459 2312 1643 2354 explicuit:
1671 2316 1767 2347 «erat
1781 2316 1818 2348 L.
1839 2317 1926 2350 Cas-

169 2360 240 2392 sius
265 2359 314 2391 sic
338 2359 383 2390 ad
406 2359 630 2392 severitatem
654 2360 834 2397 astrictus,
860 2362 898 2391 ut
922 2369 1016 2399 eam,
1043 2369 1133 2401 quae
1158 2361 1418 2393 misericordiae
1443 2362 1696 2403 impedimento
1715 2367 1827 2404 esset,
1853 2375 1925 2400 non

168 2410 288 2451 posset
312 2417 475 2440 exuere.»
499 2409 541 2440 At
556 2417 589 2440 V.
607 2409 767 2449 Madvigii
791 2410 916 2450 Opusc.
935 2411 961 2442 I.
987 2419 1021 2452 p.
1042 2411 1115 2443 484.
1134 2413 1220 2449 not.,
1247 2412 1344 2443 cuius
1369 2413 1562 2444 sententiae
1581 2421 1662 2445 cum
1683 2413 1920 2455 subscribam,

170 2458 333 2500 equidem
348 2458 488 2490 Manutii
509 2458 790 2491 emendationem
807 2468 928 2491 veram
945 2460 1072 2492 habeo.
1094 2479 1129 2483 -
1149 2462 1194 2493 ad
1209 2462 1416 2494 securitatem
1432 2464 1469 2494 G.
1491 2481 1527 2486 —
1545 2472 1623 2504 erqo
1639 2472 1715 2494 v.-
1735 2464 1764 2495 4.
1782 2465 1835 2496 vir
1851 2473 1920 2498 om.

167 2517 244 2540 v.-
262 2508 293 2540 3.
308 2517 394 2540 nunc
410 2509 443 2548 ii]
461 2509 571 2540 nuncii
588 2510 614 2539 G
627 2509 651 2541 C
666 2509 695 2541 H
708 2518 783 2540 ν.-
804 2509 834 2542 4.
855 2510 1066 2550 reformident
1082 2512 1118 2542 G.
1137 2530 1173 2534 —
1191 2512 1221 2542 7.
1238 2512 1373 2551 fuissent
1390 2513 1471 2544 G.—
1485 2521 1521 2544 eo
1533 2514 1707 2553 perspicuo
1719 2514 1896 2547 Puteanus
1911 2524 1920 2547 ε

166 2559 196 2591 ei
214 2558 424 2598 perspicuum
448 2558 530 2589 GT:
555 2566 591 2589 eo
610 2559 822 2598 perspicuum
844 2560 877 2591 M
891 2560 1030 2598 Ovac,
1057 2560 1159 2592 codd.
1181 2560 1317 2603 reliqui.
1347 2580 1382 2585 -
1409 2562 1440 2593 9.
1467 2563 1603 2595 accedat
1625 2573 1650 2601 χ
1674 2565 1709 2595 et
1731 2564 1920 2598 Martianus

168 2606 306 2649 Capella
328 2616 362 2649 p.
389 2607 463 2640 427.
489 2608 597 2649 Kopp.
627 2626 663 2631 —
689 2610 798 2641 eodem
822 2618 890 2641 om.
912 2609 1062 2651 Capella.
1092 2628 1127 2632 ——
1153 2614 1230 2642 ante
1245 2612 1282 2643 G.
1311 2629 1346 2633 —
1373 2615 1433 2643 aut
1455 2621 1581 2644 avarus
1602 2614 1668 2645 Ml.
1690 2631 1724 2635 ——
1752 2614 1803 2646 40.
1822 2615 1920 2657 illius]

166 2658 234 2690 eius
257 2655 407 2698 Capella.
437 2675 471 2679 —
497 2658 648 2689 inlinicus
669 2659 723 2690 ΜΞ
747 2661 781 2690 et
806 2658 955 2700 Capella.
982 2678 1017 2682 —
1042 2660 1132 2702 nuni]
1156 2670 1222 2692 non
1238 2661 1275 2692 G.
1297 2679 1333 2684 —
1359 2663 1547 2701 quaerenda
1569 2671 1673 2695 causa
1695 2664 1820 2696 GMe:
1847 2674 1918 2697 om.

167 2715 268 2739 causa
284 2708 393 2746 Parr.,
421 2707 518 2747 Oxx.‚
544 2716 610 2739 va.
632 2726 667 2729 —
695 2709 746 2740 «14,
773 2709 951 2741 addua-eric
974 2711 1098 2742 GMe:
1125 2711 1325 2742 adduxerint
1348 2712 1428 2750 Tv;
1454 2712 1666 2744 adduxerunt
1689 2713 1713 2745 C
1728 2713 1839 2754 S1pa.
1865 2715 1917 2747 De

168 2758 264 2789 Parr.
290 2758 382 2788 tacet.
405 2757 659 2790 Steinmetzius.
707 2759 761 2790 Ait
786 2760 931 2791 Cicero:
959 2769 1064 2792 «num
1088 2760 1289 2801 quaerenda
1313 2769 1419 2794 causa
1441 2762 1600 2803 propria,
1626 2771 1716 2803 quae
1741 2765 1774 2795 te
1798 2763 1843 2795 ad
1866 2764 1919 2796 fa-

166 2807 265 2839 cinus
288 2805 488 2846 adduxerit,
515 2808 615 2847 quasi
637 2817 707 2840 non
730 2809 800 2840 iam
824 2810 859 2840 in
881 2809 952 2847 his,
979 2818 1068 2851 quae
1092 2811 1198 2843 modo
1215 2812 1509 2852 commemoravi,
1535 2813 1619 2844 satis
1636 2821 1763 2845 causae
1780 2812 1917 2846 fuerit.»

164 2857 202 2888 In
224 2855 371 2887 lectione
397 2858 585 2896 quaerenda
614 2867 699 2898 quae
720 2876 772 2881 -—
795 2860 996 2891 addzwerint
1024 2859 1183 2902 displicet
1211 2870 1379 2894 numerus
1406 2861 1567 2904 pluralis,
1601 2871 1682 2894 cum
1708 2862 1775 2895 hoc
1801 2864 1916 2905 potius

166 2907 366 2946 exspectes:
402 2915 482 2938 num
516 2909 756 2948 quaerendam,
795 2909 872 2949 quid
904 2908 968 2949 (vel
1001 2919 1084 2950 quae
1110 2911 1226 2952 causa)
1254 2912 1435 2952 praecipue
1457 2915 1487 2944 te
1509 2912 1553 2943 ad
1574 2912 1704 2952 facinus
1725 2913 1914 2946 adduxerit.

165 2956 304 2987 Poterat
327 2956 445 2988 autem
465 2950 507 2988 ὦ
532 2958 564 2997 (i.
584 2966 614 2989 e.
633 2959 747 2999 causa)
771 2961 851 3000 post
873 2961 1062 2997 quaerenda
1084 2960 1244 2994 facillime
1260 2962 1482 2994 intercidere.
1503 2981 1540 2985 —
1564 2962 1667 3003 igitur
1681 2971 1714 2994 v.
1737 2980 1772 2984 —
1791 2963 1843 2995 42.
1861 2972 1917 2996 ne-

163 3004 241 3046 gari
272 3013 338 3036 non
365 3009 469 3045 potest
497 3007 576 3039 Sch.
605 3026 640 3029 —
677 3016 776 3047 queas
798 3009 862 3040 ΜΞ.
892 3026 927 3031 —
964 3009 1016 3041 43.
1048 3010 1148 3043 elucet
1177 3012 1266 3043 coni.
1292 3012 1519 3044 Heumannus
1543 3012 1577 3043 in
1602 3011 1683 3044 edit.
1709 3012 1916 3055 Heusingeri

163 3063 198 3096 p.
224 3054 298 3088 41¹4.
327 3074 363 3079 —-
395 3065 479 3096 prae
501 3060 531 3089 te
551 3057 618 3098 fers
640 3057 728 3089 liber
750 3059 872 3092 Ursini.
902 3076 937 3080 —
969 3060 1021 3091 45.
1042 3064 1198 3100 poterunt
1221 3061 1258 3093 C.
1292 3080 1323 3084 —
1351 3062 1402 3093 46.
1427 3062 1486 3094 hoc
1508 3065 1553 3094 est
1577 3070 1646 3093 om.
1673 3063 1710 3093 G.
1739 3081 1775 3086 —
1802 3063 1854 3095 47.
1879 3073 1915 3096 os

164 3104 266 3146 tuum]
299 3106 415 3137 ostium
438 3108 483 3145 G,
520 3108 614 3139 Parr.
650 3125 685 3130 —
718 3108 771 3139 ΞΗ.
804 3112 959 3140 venerunt
991 3110 1056 3142 Ml.
1089 3128 1124 3132 —
1161 3111 1351 3143 viz-endicitas
1377 3112 1406 3142 is
1434 3112 1489 3152 qui
1516 3119 1621 3150 vac,
1657 3112 1711 3143 Ma
1740 3120 1787 3144 m.
1813 3121 1910 3145 sec.:

162 3155 379 3187 mendicitatis
402 3157 457 3196 qui
481 3158 522 3195 (ἲς
547 3158 739 3189 mendicitas
761 3159 817 3198 qui
839 3160 872 3190 M
887 3158 909 3189 C
924 3168 960 3196 χ.
989 3176 1023 3181 -
1051 3164 1126 3193 ante
1151 3162 1187 3192 G.
1215 3178 1251 3184 —
1278 3161 1331 3192 ⁶22.
1355 3161 1463 3202 factus
1485 3165 1532 3194 est
1554 3170 1586 3192 v.
1615 3178 1650 3182 —
1675 3159 1728 3193 ⁶24.
1754 3171 1798 3193 an
1819 3163 1848 3194 is
1872 3164 1909 3195 G.

166 3222 202 3226 —
228 3205 280 3236 ⁵25.
306 3214 350 3236 an
373 3207 429 3245 qui
452 3207 489 3238 G.
516 3224 552 3228 -—
579 3208 631 3239 ⁶26.
657 3208 843 3248 reformidet
868 3209 914 3239 L:
943 3209 1137 3249 reformidat
1160 3211 1349 3249 GMvac,
1375 3212 1394 3243 5
1411 3211 1509 3250 Oxx.,
1534 3210 1626 3242 unde
1648 3211 1803 3243 Buechn.
1830 3221 1912 3244 con-

162 3254 244 3285 iecit
264 3254 501 3295 reformidant.
530 3274 566 3280 —
598 3257 656 3301 '29a
681 3261 776 3289 tanta
806 3259 833 3289 si
856 3258 980 3299 nactus]
1009 3262 1119 3291 tantas
1141 3261 1175 3291 in
1199 3263 1314 3292 auctus
1335 3262 1413 3292 Par.
1440 3262 1470 3293 4.
1498 3262 1596 3301 (teste
1621 3260 1841 3293 Steinmetzio
1865 3262 1910 3294 ad

163 3302 194 3343 S.
219 3302 325 3344 wa),
358 3313 446 3345 quae
470 3305 570 3339 lectio
596 3316 638 3339 ex
661 3311 757 3339 tanta
780 3308 805 3338 si
839 3311 977 3339 nanctus
999 3311 1074 3342 orta
1097 3310 1253 3349 videtum
1286 3319 1320 3342 v.
1346 3310 1425 3343 adn.
1451 3319 1569 3344 meam
1591 3310 1637 3343 ad
1659 3319 1710 3344 or.
1735 3318 1771 3353 p.
1797 3311 1908 3344 Sestio

160 3360 196 3394 p.
214 3352 286 3386 403.
314 3372 350 3377 -
375 3355 428 3389 30.
451 3356 588 3400 hercule]
613 3358 753 3391 mercule
777 3357 854 3391 cod.
880 3357 1002 3392 Lamb.
