2143 3713
273 206 354 248 530
690 205 888 247 ORATIO
918 206 987 246 DE
1016 204 1236 245 IMPERIO
1269 205 1347 246 CN.
1376 206 1595 247 POMPEII

273 318 340 360 4⁶2.
378 320 463 359 Iam
504 322 704 372 quantum
745 318 944 365 consilio,
985 321 1186 370 quantum
1217 317 1380 357 dicendi
1416 317 1616 370 gravitate
1648 322 1688 356 et
1717 318 1837 371 copia
1865 318 2012 366 valeat,

272 382 316 421 in
347 393 430 434 quo
461 380 550 433 ipso
580 381 690 420 inest
719 380 923 434 quaedam
947 379 1124 431 dignitas
1145 378 1431 431 imperatoria,
1462 390 1556 425 vos,
1589 378 1792 426 Quirites,
1821 379 1902 419 hoc
1921 381 2013 433 ipso

274 457 327 483 ex
365 443 457 482 loco
496 454 622 495 saepe
653 442 919 495 cognovistis.
972 440 1114 480 Fidem
1144 453 1242 479 vero
1275 441 1362 480 eius
1394 446 1590 494 quantam
1621 440 1730 480 inter
1759 441 1895 480 socios
1927 442 2016 482 exi-

273 505 431 545 stimari
461 504 637 557 putatis,
669 517 793 557 quam
823 504 964 543 hostes
996 515 1138 542 omnes
1176 502 1359 541 omnium
1390 515 1588 555 generum
1620 502 1923 542 sanctissimam
1953 503 2017 542 iu-

240 567 484 607 fldicarint‘z
526 566 792 606 Humanitate
823 567 903 606 iam
935 570 1047 605 tanta
1078 569 1162 609 est,
1192 568 1239 602 ut
1268 561 1437 603 difficile
1469 564 1581 603 dictu
1611 564 1683 610 sit,
1714 568 1852 603 utrum
1878 563 2019 604 hostes

271 630 402 682 magis
431 629 628 669 virtutem
660 628 749 667 eius
779 632 1011 680 pugnantes
1042 625 1276 672 timuerint,
1316 638 1368 664 an
1399 625 1761 665 mansuetudinem
1790 625 1888 665 victi
1918 625 2020 664 dile-

269 691 421 731 xerint.
478 690 531 730 Et
561 691 781 744 quisquam
813 689 1035 736 dubitabit,
1071 688 1170 741 quin
1199 686 1297 726 huic
1326 687 1405 726 hoc
1438 693 1597 726 tantum
1627 687 1781 726 bellum
1812 686 2020 726 transmit-

270 753 441 793 tendum
480 752 556 800 sit,
602 752 673 805 qui
711 752 762 790 ad
800 752 937 790 omnia
976 757 1140 789 nostrae
1182 748 1403 789 memoriae
1441 749 1550 788 bella
1589 747 1849 789 conficienda
1879 748 2020 788 divino

270 814 450 868 quodam
482 813 656 853 consilio
686 818 806 852 natus
838 825 928 851 esse
960 811 1184 851 videatur?

220 881 256 910 ⁴⁰
380 876 470 915 XV.
501 872 567 913 43.
597 875 649 913 Et
679 874 877 927 quoniam
907 874 1132 913 auctoritas
1155 885 1324 926 quoque
1347 873 1387 911 in
1411 872 1530 912 bellis
1552 872 1893 912 administrandis
1915 872 2021 911 mul-

268 944 356 978 tum
387 943 513 991 atque
544 937 586 975 in
617 936 793 988 imperio
825 935 992 974 militari
1023 935 1150 981 valet,
1192 939 1301 973 certe
1333 935 1487 974 nemini
1520 934 1691 974 dubium
1723 940 1808 982 est,
1840 935 1941 988 quin
1972 948 2020 974 ea

268 1014 312 1039 re
343 998 453 1038 idem
484 998 553 1037 ille
584 998 810 1050 imperator
839 997 1064 1049 plurimum
1092 996 1236 1048 possit.
1283 996 1559 1036 Vehementer
1580 1002 1716 1036 autem
1739 996 1946 1049 pertinere
1968 995 2019 1035 ad

267 1061 378 1101 bella
416 1059 765 1106 administranda,
807 1059 908 1112 quid
946 1058 1109 1105 hostes,
1148 1059 1246 1111 quid
1287 1058 1388 1098 socii
1429 1058 1478 1097 de
1516 1059 1835 1111 imperatoribus
1866 1057 2021 1098 nostris

269 1123 527 1168 existiment,
570 1122 663 1174 quis
694 1122 878 1173 ignorat,
919 1134 1011 1160 cum
1043 1121 1221 1159 sciamus
1251 1120 1440 1159 homines
1472 1120 1512 1159 in
1545 1121 1669 1159 tantis
1700 1121 1845 1167 rebus,
1876 1126 1922 1159 ut
1952 1125 2023 1159 aut

219 1188 537 1225 ⁴5contemnant
576 1188 647 1223 aut
685 1188 893 1230 metuant,
933 1188 1003 1222 aut
1041 1182 1203 1222 oderint
1234 1187 1305 1221 aut
1335 1186 1493 1228 ament,
1537 1182 1735 1233 opinione
1768 1195 1851 1221 non
1883 1182 2020 1220 minus

269 1253 310 1288 et
338 1246 449 1286 fama
479 1258 603 1299 quam
633 1245 776 1298 aliqua
804 1246 964 1291 ratione
995 1249 1107 1284 certa
1137 1244 1420 1283 commoveri?
1466 1244 1586 1291 Quod
1610 1244 1736 1296 igitur
1756 1256 1909 1283 nomen
1929 1257 2020 1282 um-

269 1322 394 1364 quam
430 1307 475 1346 in
515 1307 614 1347 orbe
654 1312 855 1347 terrarum
895 1307 1045 1346 clarius
1085 1305 1197 1345 fuit?
1239 1306 1354 1345 cuius
1385 1318 1450 1344 res
1486 1309 1624 1357 gestae
1656 1306 1810 1357 pares?
1856 1304 1906 1344 de
1939 1316 2022 1357 quo

267 1371 436 1414 homine
465 1382 561 1417 vos,
591 1369 634 1409 id
666 1369 779 1423 quod
809 1369 988 1408 maxime
1018 1368 1116 1408 facit
1145 1367 1453 1414 auctoritatem,
1485 1372 1597 1407 tanta
1628 1374 1669 1407 et
1698 1373 1780 1407 tam
1810 1366 2023 1420 praeclara

267 1433 422 1474 iudicia
457 1431 644 1472 fecistis?
700 1429 765 1470 44.
796 1431 860 1470 An
898 1443 996 1470 vero
1037 1430 1164 1469 ullam
1209 1442 1385 1482 usquam
1427 1442 1517 1469 esse
1559 1442 1671 1469 oram
1703 1435 1786 1469 tam
1818 1430 2022 1468 desertam

219 1503 256 1533 20
269 1495 446 1550 putatis,
479 1507 562 1548 quo
593 1506 677 1533 non
707 1492 819 1532 illius
850 1492 931 1532 diei
963 1492 1072 1531 fama
1101 1491 1350 1544 pervaserit,
1382 1504 1474 1530 cum
1498 1491 1717 1531 universus
1739 1490 1921 1543 populus
1942 1491 2023 1529 Ro-

269 1570 417 1599 manus
449 1556 602 1596 referto
631 1554 722 1595 foro
754 1554 1058 1607 completisque
1090 1553 1282 1592 omnibus
1314 1553 1503 1605 templis,
1544 1566 1597 1592 ex
1627 1554 1775 1607 quibus
1806 1552 1874 1592 hic
1904 1552 2021 1591 locus

270 1618 453 1672 conspici
493 1621 652 1671 potest,
692 1629 820 1656 unum
862 1616 939 1655 sibi
979 1615 1030 1654 ad
1073 1628 1290 1655 commune
1321 1615 1507 1653 omnium
1547 1616 1730 1667 gentium
1761 1614 1916 1654 bellum
1949 1614 2021 1653 Cn.

268 1680 515 1734 Pompeium
544 1680 836 1732 imperatorem
868 1677 1148 1730 depoposcit?
1193 1678 1338 1729 Itaque
1368 1681 1414 1715 ut
1453 1676 1572 1728 plura
1601 1690 1687 1716 non
1717 1676 1853 1716 dicam
1882 1689 2021 1729 neque

269 1742 447 1783 aliorum
478 1740 682 1793 exemplis
714 1738 977 1786 confirmem,
1010 1743 1211 1792 quantum
1242 1738 1467 1777 auctoritas
1498 1738 1633 1777 valeat
1653 1738 1695 1776 in
1719 1737 1849 1785 hello,
1882 1738 1931 1777 ab
1953 1751 2022 1777 eo-

218 1805 364 1845 25dem
405 1803 476 1843 Cn.
508 1802 705 1856 Pompeio
748 1803 933 1841 omnium
973 1813 1110 1840 rerum
1153 1801 1411 1853 egregiarum
1442 1800 1635 1852 exempla
1665 1804 1907 1839 sumantur:
1949 1799 2021 1852 qui

270 1879 354 1920 quo
386 1866 452 1905 die
483 1878 507 1904 a
536 1864 654 1904 vobis
685 1864 890 1903 maritimo
920 1863 1030 1902 bello
1060 1863 1323 1916 praepositus
1345 1866 1407 1901 est
1433 1862 1676 1914 imperator,
1709 1867 1822 1902 tanta
1852 1866 2022 1914 repente

268 1928 407 1968 vilitas
437 1939 629 1966 annonae
661 1939 714 1965 ex
745 1939 905 1965 summa
934 1925 1079 1978 inopia
1116 1930 1155 1964 et
1185 1924 1354 1964 caritate
1385 1923 1444 1963 rei
1474 1923 1769 1963 frumentariae
1800 1927 2025 1963 consecuta

269 1995 332 2030 est
360 1989 484 2029 unius
514 1988 696 2029 hominis
728 2001 801 2041 spe
830 2001 878 2027 ac
903 1988 1095 2035 nomine,
1127 1992 1324 2040 quantam
1346 1986 1416 2025 vix
1445 1986 1487 2025 in
1515 1998 1676 2025 summa
1696 1985 1884 2025 ubertate
1905 1997 2024 2038 agro-

358 2226 388 2256 ⁴.
414 2226 573 2264 quantum
596 2225 675 2255 ante
698 2231 730 2254 ν.
758 2223 882 2254 (licendi
906 2231 975 2254 om.
1000 2224 1037 2254 B.
1060 2242 1093 2245 —
1120 2224 1150 2254 2.
1177 2223 1267 2264 inest]
1292 2226 1337 2254 est
1360 2221 1400 2261 (Β.
1423 2240 1455 2243 —
1486 2222 1635 2262 Quirites]
1661 2231 1787 2262 quoque
1811 2222 1848 2254 C.
1870 2240 1906 2245 —
1933 2222 1964 2254 3.
1983 2231 2025 2254 ex:

270 2276 333 2307 PC
360 2275 458 2315 (teste
484 2272 596 2304 Modio
622 2272 722 2312 epist.
743 2272 806 2311 09.)
833 2272 915 2309 Ex',
943 2281 1010 2311 nis-v.
1031 2271 1070 2306 ss:
1098 2281 1166 2303 om.
1191 2273 1231 2303 1⁸:
1260 2273 1291 2302 in.
1316 2273 1376 2303 ΒΑ
1393 2272 1415 2301 1.
1433 2271 1450 2304 Σ·
1467 2271 1502 2302 0.
1525 2288 1559 2292 Μ
1585 2273 1778 2312 cognovistis
1794 2271 1877 2302 EV:
1904 2280 2024 2311 coqne-

270 2325 326 2356 stis
348 2325 372 2355 B
386 2325 413 2355 A
428 2323 523 2356 Lao
549 2323 664 2361 (etiam
689 2323 711 2352 P
727 2322 770 2359 C,
807 2322 844 2351 ut
867 2321 1034 2360 videtum:
1072 2322 1262 2361 cognoscitis
1284 2320 1312 2359 *B
1328 2322 1360 2352 1³.
1390 2339 1424 2342 —
1463 2325 1624 2359 quantam
1656 2322 1742 2353 inter
1773 2321 1875 2352 socios
1899 2321 2021 2352 PEV:

270 2375 355 2405 inter
377 2373 478 2405 socios
501 2375 659 2411 quantam
685 2372 707 2401 R
721 2373 746 2401 Α
763 2371 784 2401 L
800 2369 817 2403 δέ
833 2371 869 2401 O.
891 2388 925 2392 —
952 2372 1135 2402 existimari
1155 2370 1291 2411 putatis]
1316 2370 1510 2402 existimatis
1526 2369 1567 2409 'B-
1589 2386 1622 2392 —
1652 2370 1681 2402 4.
1708 2370 1819 2411 quam]
1844 2378 1911 2409 qua
1933 2370 1970 2402 P.
1987 2386 2023 2391 —-

271 2432 379 2455 omnes
402 2422 546 2454 omnium
571 2420 702 2459 (omium
718 2421 752 2459 P)
777 2429 931 2460 generum
955 2422 977 2451 P
992 2421 1034 2452 W
1049 2421 1072 2452 C
1088 2421 1112 2451 Ε
1127 2421 1152 2451 V
1167 2419 1212 2459 ᾟ,
1240 2429 1307 2460 ing.
1327 2420 1369 2453 8:
1396 2420 1540 2451 omnium
1562 2420 1705 2460 qentium
1729 2420 1808 2459 (om.
1828 2419 1945 2458 omnes)
1962 2419 2025 2449 ΒΛ

271 2475 295 2505 L
310 2472 331 2507 ἓ
347 2475 384 2504 O.
412 2489 446 2493 -
474 2470 711 2511 sanctissimum
735 2470 796 2500 PE
810 2468 918 2508 ΥᾞΑ
934 2469 977 2500 O:
1007 2471 1247 2501 sanctissimam
1271 2479 1334 2502 esse
1358 2471 1381 2501 L
1396 2469 1428 2503 ἓ.
1458 2489 1493 2493 -
1519 2470 1708 2501 iudicarunt
1731 2470 1771 2506 1³3
1797 2469 2027 2500 iudicaverunt

271 2521 313 2561 ⁵13.
341 2539 378 2545 —
404 2522 435 2553 7.
460 2524 489 2552 et
513 2520 585 2560 quis
606 2527 765 2557 umquam
788 2518 946 2549 dubitavit
969 2520 1005 2550 P.
1040 2518 1089 2551 Cf.
1117 2519 1146 2559 g.
1166 2518 1217 2551 45.
1239 2536 1274 2541 —
1300 2520 1358 2551 hoc
1382 2523 1508 2550 tantum
1533 2519 1647 2550 bellum
1671 2519 1791 2551 PEO:
1817 2521 1945 2550 tantum
1961 2517 2027 2550 bel-

270 2573 339 2604 lum
363 2572 443 2611 (om.
461 2571 529 2611 hoc)
554 2571 601 2607 A;
628 2572 756 2600 tautum
778 2568 836 2599 hoc
860 2568 975 2599 bellum
999 2568 1045 2605 V3
1072 2572 1199 2599 tantum
1223 2567 1338 2600 bellum
1360 2569 1418 2600 hoc
1442 2569 1462 2600 F
1476 2569 1500 2599 B
1514 2569 1538 2599 L
1552 2568 1586 2601 ΣΞ.
1607 2585 1641 2590 -
1663 2568 1917 2608 permittendum
1932 2568 1970 2600 C.
1988 2585 2024 2590 —

270 2623 301 2653 8.
325 2624 453 2653 vestrae
474 2621 513 2651 Α.
542 2638 577 2642 -
604 2619 635 2651 9.
661 2619 803 2658 quodam
827 2627 894 2649 om.
914 2619 948 2650 F.
971 2637 1006 2641 —
1034 2619 1085 2651 40.
1111 2621 1197 2650 auct.
1217 2626 1343 2658 quoque
1365 2618 1398 2649 in
1422 2617 1509 2649 bellis
1524 2618 1611 2648 adm.
1629 2618 1769 2649 muttum
1784 2618 1808 2649 P
1823 2617 1910 2650 Ev:
1935 2619 2025 2649 auct.

267 2671 406 2702 multum
428 2678 554 2710 quoque
576 2670 610 2700 in
633 2668 661 2701 b.
689 2669 776 2699 adm.
803 2667 847 2706 ³133
874 2671 960 2699 auct.
986 2668 1124 2699 muttum
1145 2668 1178 2698 in
1203 2667 1232 2699 b.
1258 2676 1288 2706 q.
1314 2667 1583 2698 administrandis
1606 2666 1664 2697 FB
1679 2667 1705 2697 Α
1720 2667 1743 2697 L
1757 2665 1779 2700 8
1796 2666 1832 2700 Ο.
1859 2684 1896 2690 --
1922 2667 1975 2699 Η.
1992 2666 2027 2697 in

268 2721 406 2760 irnperio
428 2721 452 2751 P
467 2720 491 2751 E
504 2719 531 2749 V
545 2719 587 2750 O:
614 2718 750 2758 imperio
768 2718 847 2757 (orn.
866 2718 909 2756 in)
935 2718 960 2748 R
974 2718 1000 2748 A
1015 2718 1037 2748 L
1051 2716 1085 2751 ἓ.
1107 2735 1141 2738 -
1168 2726 1207 2748 ea
1230 2726 1264 2748 re
1288 2717 1348 2748 PE
1362 2716 1427 2747 VA
1442 2718 1466 2748 O
1483 2724 1489 2745 z
1515 2724 1554 2746 ca
1576 2715 1610 2746 in
1633 2724 1669 2746 re
1684 2716 1710 2747 R
1723 2716 1746 2747 L
1760 2714 1795 2749 ἓ.
1816 2732 1852 2738 —-
1871 2716 1923 2748 ⁴2.
1941 2715 2026 2747 idem

269 2769 332 2810 ille]
357 2769 410 2800 itte
431 2769 516 2799 idom
537 2768 604 2806 ipse
628 2767 650 2797 F
663 2769 701 2798 A.
727 2766 919 2807 (plurimum
942 2766 1026 2797 idem
1049 2767 1115 2806 ipse
1140 2766 1220 2807 [non
1243 2765 1306 2806 itte]
1330 2765 1510 2804 imperator
1527 2763 1582 2805 ᾟ.)
1603 2781 1638 2786 -
1667 2765 1717 2796 13.
1742 2765 1964 2796 ministranda
1986 2765 2024 2795 B.

275 2837 311 2842 —
335 2818 454 2850 nostris
480 2816 578 2849 PEV
592 2817 629 2847 F:
665 2817 777 2847 vestris
808 2816 830 2847 B
846 2817 869 2846 Α
886 2817 908 2847 L
922 2814 943 2848 ἓ
958 2816 994 2847 Ο.
1024 2834 1057 2837 —
1097 2815 1148 2847 44.
1174 2818 1209 2846 ut
1242 2819 1299 2846 aut
1321 2818 1466 2846 metuant
1490 2817 1548 2845 auc
1572 2815 1698 2846 oderint
1720 2818 1864 2846 temnant
1886 2818 1945 2846 aut
1966 2823 2027 2845 con

272 2871 330 2899 aut
352 2870 460 2899 ament
476 2868 511 2898 P.
532 2884 567 2888 -—
595 2867 645 2898 ⁴0.
671 2871 700 2898 et
721 2867 814 2906 fama
838 2868 861 2897 P
876 2868 916 2897 0:
945 2875 983 2897 ac
997 2866 1090 2905 sama
1107 2867 1130 2897 C
1147 2875 1153 2903 ;
1177 2866 1289 2906 famae
1305 2866 1365 2896 ΗΑ
1380 2866 1403 2895 L
1418 2865 1451 2898 ⁴3.
1475 2882 1507 2886 —
1527 2865 1641 2903 aliqua
1657 2865 1785 2897 ratione
1799 2868 1890 2896 certa
1906 2866 1929 2896 P
1941 2864 1964 2895 E
1976 2864 2023 2894 V:

272 2918 388 2957 aliqua
409 2917 478 2948 alia
500 2918 628 2948 ratione
650 2918 729 2948 FB:
756 2916 869 2955 aliqua
892 2918 981 2946 certa
1004 2917 1131 2947 ratione
1154 2917 1178 2946 A
1194 2917 1217 2946 L
1234 2914 1253 2948 8
1269 2916 1306 2946 O.
1336 2932 1370 2936 —
1398 2915 1448 2945 «18.
1475 2914 1613 2955 homine]
1637 2915 1673 2945 ln
1698 2914 1764 2945 hac
1787 2922 1873 2945 voce
1898 2912 2026 2944 desinit

276 2967 507 3007 fragmentum
524 2967 748 2997 Taurinense.
769 2984 803 2988 —
831 2966 873 3004 itt]
900 2966 982 2996 istem
1006 2966 1039 2996 F.
1062 2983 1096 2987 —-
1122 2965 1202 3004 facit
1226 2965 1269 2995 ad
1292 2964 1521 2994 auctoritatem
1540 2963 1724 2994 Weiskius.
1745 2979 1780 2984 —
1807 2962 1859 2993 49.
1885 2970 2025 3001 usquam

273 3017 377 3047 uttam
393 3017 506 3047 FA.-
533 3015 702 3056 desertam]
720 3016 883 3046 diuersam
899 3013 940 3053 23.
960 3032 994 3036 —
1014 3015 1066 3046 20.
1086 3015 1148 3045 diei
1162 3014 1186 3054 f.
1202 3013 1250 3054 μ]
1276 3013 1365 3043 <tw-is
1388 3022 1503 3044 nomen¹
1524 3013 1724 3052 persuaserit
1748 3012 1781 3042 1⁸.
1795 3028 1829 3033 -
1854 3011 1908 3042 ΞΜ.
1934 3020 2024 3042 com-

271 3066 429 3106 pletisque
453 3064 559 3104 Ev⁵t3
575 3066 595 3095 1³
610 3065 633 3095 B
649 3066 688 3095 L:
715 3065 905 3104 repletisque
928 3063 987 3097 ΑΒ
1003 3064 1039 3095 0.
1069 3081 1103 3085 —
1131 3064 1181 3094 211.
1208 3072 1249 3094 eas·
1273 3071 1341 3093 om.
1362 3061 1402 3100 ᾟ.
1425 3081 1458 3084 —-
1485 3064 1536 3094 23.
1564 3062 1703 3101 deposcit
1727 3061 1760 3091 F.
1788 3077 1823 3080 -—
1849 3069 1907 3091 uec
1931 3061 1965 3091 F.
1986 3076 2020 3082 —-

275 3115 329 3147 24.
347 3115 528 3147 auctoritas
552 3114 628 3145 cod.
648 3114 865 3145 Victorianus
883 3122 938 3154 ap.
958 3113 1180 3149 Beneckium,
1202 3111 1307 3143 Nicol.
1331 3110 1493 3148 Aug-<clius
1516 3111 1603 3150 (tort.
1631 3119 1671 3141 ex
1696 3109 1815 3141 codice
1834 3109 2021 3149 Colotiano)

278 3165 312 3195 in
336 3164 390 3196 ed.
416 3165 566 3196 Iuntina:
600 3163 694 3194 huius
718 3164 900 3194 auctoritas
924 3164 1077 3199 RAL&
1113 3162 1227 3203 [huius]
1253 3162 1432 3192 auctoritas
1455 3162 1491 3192 O.
1520 3179 1553 3182 —
1581 3162 1632 3192 233.
1659 3160 1715 3191 Cn.
1742 3168 1810 3190 om.
1837 3157 1878 3198 'B-
1907 3176 1941 3182 —-
1968 3159 2023 3198 qui

278 3222 313 3244 eo
337 3223 399 3253 quo
422 3214 472 3245 die
497 3214 541 3253 (in
564 3221 672 3251 marg.
700 3212 760 3243 «al.
781 3213 858 3251 quid
882 3211 953 3243 scil.
978 3212 1131 3251 putatis»)
1159 3212 1192 3242 1³.
1214 3228 1247 3232 —-
1275 3211 1326 3242 ⁶26.
1354 3211 1523 3249 repentina
1548 3211 1597 3241 Ch
1622 3211 1708 3241 teste
1727 3207 1924 3246 Gulielmi03
1951 3216 2020 3241 om.

278 3262 318 3293 V.
340 3281 373 3285 -
400 3263 453 3294 27.
479 3270 629 3294 annonae
652 3271 720 3293 om.
741 3262 764 3293 C
791 3263 878 3293 teste
904 3261 1027 3293 Modi0.
1047 3279 1080 3283 —
1107 3262 1158 3292 ⁴28.
1185 3260 1321 3291 hominis
1345 3261 1384 3290 W
1402 3260 1451 3290 Ch
1466 3258 1573 3299 Eva}
1588 3260 1635 3290 O:
1663 3258 1900 3293 0111.RAL2.
1922 3275 1959 3282 —-
1984 3266 2024 3290 ac

282 3311 306 3342 C
333 3312 430 3352 (teste
453 3311 577 3351 Modio)
602 3312 683 3344 EV:
710 3315 740 3344 et
761 3310 948 3345 RALQO.
966 3327 1000 3334 —
1027 3312 1061 3342 in
1085 3311 1129 3342 C:
1155 3319 1197 3343 ea:
1222 3308 1287 3349 <vel
1310 3309 1335 3348 e)
1361 3310 1384 3340 R
1399 3307 1497 3341 ΛΙΛι
1512 3309 1549 3340 Ο.
