2175 3718
276 262 357 304 446
770 265 824 304 IN
853 264 1075 305 VERREM
1104 263 1265 304 ACTIO
1299 263 1540 304 SECUNDA

276 375 457 415 minibus
488 380 655 416 acturus
687 389 791 415 sum.
853 376 954 415 Chio
995 388 1069 428 per
1097 375 1180 414 vim
1213 375 1330 427 signa
1361 373 1642 427 pulcherrima
1673 374 1767 413 dico
1798 375 2031 425 abstulisse,

275 438 374 477 item
404 438 594 492 Erythris
625 443 666 478 et
695 438 1002 478 Halicarnasso.
1062 437 1232 476 Tenedo
1265 436 1496 489 (praetereo
1528 435 1770 488 pecuniam,
1803 450 1928 489 quam
1953 441 2032 479 eri-

274 499 378 553 puit)
410 501 565 540 Tenem
597 501 755 553 ipsum,
787 500 859 553 qui
891 499 1002 551 apud
1035 498 1246 538 Tenedios
1279 499 1567 537 sanctissimus
1599 498 1702 537 deus
1731 497 1929 546 habetur,
1961 501 2031 553 qui

275 562 419 601 urbem
459 562 572 601 illam
615 562 768 601 dicitur
810 560 1072 608 condidisse,
1114 561 1233 599 cuius
1274 574 1326 599 ex
1356 561 1525 599 nomine
1556 560 1750 599 Tenedus
1782 560 2033 608 nominatur,

242 623 384 663 5hunc
414 624 571 677 ipsum,
619 624 811 676 inquam,
858 623 1013 661 Tenem
1056 622 1334 674 pulcherrime
1374 622 1550 668 sactum,
1590 635 1714 675 quem
1747 622 1961 674 quondam
1992 622 2033 661 in

274 685 445 725 comitio
476 686 662 732 vidistis,
695 684 867 724 abstulit
897 696 1046 735 magno
1080 698 1172 723 cum
1205 684 1362 735 gemitu
1395 684 1587 722 civitatis.
1639 682 1704 722 230.
1736 684 1812 723 Illa
1842 696 1940 723 vero
1963 697 2035 723 ex-

272 748 474 800 pugnatio
505 747 590 787 sani
623 746 902 800 antiquissimi
935 751 976 785 ct
1006 745 1256 785 nobilissimi
1290 746 1460 784 lunonis
1495 746 1658 785 Samiae
1685 759 1810 798 quam
1842 745 2033 785 luctuosa

274 810 424 849 Samiis
460 809 562 849 fuit!
609 823 733 863 quam
776 809 925 847 acerba
957 809 1031 847 toti
1062 808 1209 847 Asiae!
1258 821 1382 860 quam
1415 808 1524 847 clara
1554 809 1665 860 apud
1694 807 1861 847 omnes!
1909 821 2034 861 quam

272 871 429 911 nemini
460 876 643 911 vestrum
678 871 885 910 inaudita!
929 871 979 909 de
1012 884 1095 923 qua
1127 870 1438 922 expugnatione
1471 884 1562 908 cum
1596 870 1717 923 legati
1749 871 1798 909 ad
1833 870 1874 909 C.
1905 870 2035 909 Nero-

222 942 258 971 10
272 948 367 974 nem
388 935 431 973 in
453 934 591 973 Asiam
617 933 740 971 Samo
762 931 988 978 venissent,
1012 945 1259 984 responsum
1288 931 1481 978 tulerunt,
1505 932 1711 971 eiusmodi
1735 931 2033 985 querimonias,

273 1009 380 1049 quae
427 996 477 1035 ad
523 995 704 1047 legatum
744 992 890 1045 populi
930 994 1104 1032 Romani
1137 994 1414 1046 pertinerent,
1460 1006 1545 1032 non
1576 994 1626 1032 ad
1658 999 1914 1046 praetorem,
1960 992 2032 1032 sed

270 1059 443 1097 Romam
475 1056 626 1097 deferri
658 1060 866 1108 oportere.
887 1077 942 1084 -
974 1056 1088 1103 Quas
1120 1056 1197 1096 iste
1220 1056 1382 1094 tabulas
1404 1055 1540 1102 illinc,
1575 1069 1683 1109 quae
1705 1056 1823 1109 signa
1845 1055 2032 1095 sustulit!

271 1132 380 1173 quae
420 1119 597 1172 cognovi
640 1123 807 1170 egomet
846 1117 958 1170 apud
1000 1118 1124 1157 istum
1166 1119 1207 1157 in
1241 1118 1413 1157 aedibus
1445 1131 1599 1170 nuper,
1646 1131 1738 1157 cum
1785 1117 2033 1171 obsignandi

270 1182 403 1233 gratia
432 1180 656 1220 venissem.
715 1176 782 1218 51.
815 1179 932 1227 Quae
966 1180 1084 1233 signa
1114 1194 1249 1227 nune,
1287 1181 1457 1226 Verres,
1488 1180 1559 1219 ubi
1592 1182 1718 1220 sunt?
1758 1181 1830 1220 illa
1861 1193 2033 1234 quaero,

221 1251 257 1282 15
271 1257 378 1297 quae
408 1243 521 1296 apud
552 1247 592 1281 te
623 1254 758 1294 nuper
787 1241 839 1281 ad
868 1253 1011 1281 omnes
1034 1242 1271 1289 columnas,
1304 1242 1497 1281 omnibus
1529 1243 1654 1282 etiam
1686 1243 2033 1290 intercolumniis,

269 1306 312 1346 in
343 1306 447 1346 silva
477 1305 661 1358 denique
693 1304 899 1357 disposita
930 1305 1006 1344 sub
1038 1304 1134 1343 divo
1166 1304 1361 1343 vidimus.
1423 1305 1504 1343 Cur
1535 1318 1605 1351 ea,
1648 1318 1771 1358 quam
1802 1306 1873 1345 diu
1905 1305 2034 1345 alium

267 1373 503 1421 praetorem
535 1381 629 1407 cum
660 1367 710 1406 iis
741 1366 970 1414 iudicibus,
1004 1379 1112 1419 quos
1143 1366 1184 1405 in
1214 1367 1364 1405 horum
1396 1366 1534 1405 locum
1556 1367 1727 1406 sortitus
1751 1381 1886 1416 esses,
1919 1369 2033 1408 dete

268 1432 311 1471 in
345 1431 568 1471 consilium
598 1429 754 1468 iturum
785 1430 955 1481 putasti,
986 1434 1068 1468 tam
1092 1429 1162 1468 diu
1195 1428 1307 1467 domi
1338 1428 1536 1467 suerunt?
1568 1434 1845 1483 posteaquam
1876 1429 2031 1470 nostris

267 1493 444 1534 testibus
483 1505 560 1532 nos
601 1504 727 1545 quam
766 1491 881 1530 horis
915 1488 1028 1544 [tuis]
1072 1492 1132 1530 uti
1165 1491 1287 1530 malle
1318 1491 1482 1537 vidisti,
1529 1492 1690 1531 nullum
1723 1492 1887 1543 signum
1919 1491 2032 1533 domi

217 1563 255 1594 90
270 1555 476 1609 reliquisti
514 1559 681 1608 praeter
718 1554 820 1600 duo,
868 1567 974 1607 quae
1014 1554 1057 1593 in
1096 1554 1243 1592 mediis
1275 1554 1448 1593 aedibus
1480 1559 1597 1601 sunt,
1644 1568 1751 1608 quae
1783 1555 1876 1606 ipsa
1909 1554 2031 1593 Samo

268 1618 432 1657 sublata
462 1618 586 1657 sunt?
618 1629 703 1655 non
732 1616 889 1668 putasti
920 1629 985 1654 me
1019 1616 1101 1655 tuis
1131 1615 1468 1655 familiarissimis
1491 1616 1534 1655 in
1556 1616 1662 1655 hanc
1684 1630 1770 1655 rem
1794 1615 2035 1655 testimonia

269 1679 632 1726 denuntiaturum,
674 1678 746 1731 qui
784 1683 879 1717 tuae
918 1678 1029 1717 (lomi
1070 1691 1235 1729 semper
1264 1677 1465 1725 fuissent,
1505 1692 1557 1718 ex
1589 1678 1741 1731 quibus
1774 1690 2033 1731 quaererem,

268 1743 387 1795 signa
417 1742 627 1782 scirentne
656 1741 810 1787 fuisse,
842 1752 950 1793 quae
982 1753 1067 1779 non
1099 1742 1267 1779 essent?
1318 1741 1411 1779 XX.
1443 1738 1509 1780 52.
1542 1740 1653 1788 Quid
1687 1745 1771 1779 tum
1803 1740 1881 1779 hos
1913 1740 1963 1778 de
1993 1744 2034 1778 te

267 1804 527 1843 iudicaturos
558 1803 781 1843 arbitratus
814 1816 881 1848 es,
925 1816 1017 1841 cum
1049 1803 1239 1842 viderent
1271 1809 1308 1842 te
1341 1803 1421 1842 iam
1454 1817 1538 1842 non
1570 1808 1715 1842 contra
1746 1806 2033 1842 accusatorem

216 1871 384 1905 25tuum
415 1866 488 1905 sed
521 1870 666 1905 contra
697 1870 963 1918 quaestorem
996 1870 1287 1918 sectoremque
1319 1868 1536 1918 pugnare?
1560 1888 1615 1894 —
1646 1866 1739 1912 Qua
1771 1864 1821 1903 de
1853 1877 1897 1903 re
1930 1864 2034 1903 Cha-

267 1928 472 1968 ridemum
506 1928 653 1968 Chium
684 1927 972 1967 testimonium
1002 1926 1142 1979 priore
1173 1928 1339 1967 actione
1371 1928 1509 1966 dicere
1540 1927 1743 1967 audistis:
1791 1939 1906 1973 sese,
1939 1939 2033 1965 cum

268 1995 378 2031 esset
419 1991 672 2031 trierarchus
714 1995 755 2030 et
789 1990 959 2028 Verrem
1000 2002 1052 2027 ex
1091 1990 1189 2029 Asia
1221 1990 1491 2029 decedentem
1524 1993 1872 2043 prosequeretur,
1915 1988 2033 2028 iussu

265 2053 510 2093 Dolabellae
547 2052 679 2092 fuisse
716 2066 801 2092 una
833 2065 925 2091 cum
956 2052 1037 2091 isto
1070 2052 1180 2091 Sami
1213 2065 1390 2105 seseque
1422 2057 1509 2091 tum
1541 2053 1649 2092 scire
1681 2050 1907 2104 spoliatum
1938 2062 2030 2090 esse

265 2115 409 2154 fanum
445 2115 620 2154 Iunonis
662 2119 703 2154 et
742 2114 946 2168 oppidum
977 2114 1168 2162 Samum;
1208 2119 1441 2168 posteaque
1472 2127 1516 2153 se
1549 2127 1717 2154 causam
1748 2114 1859 2166 apud
1891 2113 2032 2160 Chios,

215 2186 254 2219 3ο
269 2177 379 2218 cives
421 2190 544 2225 suos,
586 2177 736 2216 Samiis
776 2176 1072 2216 accusantibus
1111 2176 1278 2228 publice
1311 2176 1466 2215 dixisse
1499 2189 1634 2229 eoque
1667 2188 1710 2215 se
1742 2189 1835 2215 esse
1865 2175 2035 2215 absolu-

268 2244 377 2287 tum,
410 2239 523 2293 quod
554 2239 726 2292 planum
756 2239 927 2278 fecisset
957 2251 1024 2284 ea,
1059 2251 1168 2291 quae
1198 2238 1323 2290 legati
1354 2239 1587 2277 Samiorum
1619 2238 1826 2285 dicerent,
1858 2238 1910 2277 ad
1931 2238 2034 2277 Ver-

267 2314 368 2347 rem,
398 2314 484 2340 non
514 2301 565 2340 ad
599 2314 642 2340 se
674 2300 897 2353 pertinere.
918 2322 972 2330 —-
1003 2298 1069 2339 53.
1090 2301 1331 2351 Aspendum
1363 2305 1482 2339 vetus
1515 2300 1717 2353 oppidum
1749 2305 1789 2339 et
1818 2298 1959 2338 nobile
1989 2298 2033 2337 in

268 2363 514 2417 Pamphylia
554 2363 668 2402 scitis
708 2376 820 2410 esse,
862 2363 1151 2415 plenissimum
1193 2362 1406 2414 signorum
1447 2362 1715 2414 optimorum.
1773 2363 1866 2401 Non
1897 2361 2033 2400 dicam

268 2426 385 2465 illinc
415 2427 495 2466 1106
528 2426 693 2478 signum
725 2426 908 2464 ablatum
941 2439 1031 2465 esse
1063 2431 1103 2464 et
1132 2425 1257 2464 illud:
1298 2426 1379 2465 hoc
1410 2426 1526 2470 dico,
1566 2425 1726 2464 nullum
1768 2430 1807 2464 te
1847 2422 2035 2476 Aspendi

219 2498 257 2529 35
270 2487 454 2540 signum,
498 2489 672 2534 Verres,
713 2488 960 2541 reliquisse;
1001 2488 1141 2528 omnia
1172 2501 1224 2527 ex
1253 2488 1380 2536 fanis,
1425 2501 1477 2527 ex
1508 2488 1612 2527 locis
1642 2486 1850 2539 publicis,
1879 2485 2034 2539 palam,

270 2549 556 2601 spectantibus
597 2550 790 2590 omnibus
831 2550 1002 2603 plostris
1038 2555 1180 2590 evecta
1226 2555 1528 2603 exportataque
1575 2563 1679 2589 esse.
1738 2549 1876 2602 Atque
1908 2548 2033 2588 etiam

271 2612 388 2651 illum
418 2612 679 2665 Aspendium
711 2612 991 2660 citharistam,
1024 2613 1074 2652 de
1097 2626 1182 2666 quo
1205 2625 1329 2666 saepe
1350 2613 1526 2652 audistis
1547 2612 1611 2659 id,
1643 2610 1758 2665 quod
1779 2616 1843 2652 est
1862 2609 2032 2651 Graecis

357 2784 388 2814 e.
425 2786 455 2814 et
484 2792 552 2814 om.
581 2783 638 2814 Gt.
674 2799 709 2804 —
747 2783 778 2814 3.
807 2784 919 2815 Tenem
943 2786 980 2823 S,
1007 2783 1048 2814 al.
1076 2785 1173 2815 Scrv.
1201 2783 1243 2814 ad
1269 2785 1353 2815 Aen.
1382 2784 1419 2814 11.
1447 2783 1499 2813 ΞΗ.
1541 2782 1661 2813 Isidor.
1689 2782 1779 2823 Orig.
1805 2782 1889 2814 XIV.
1916 2782 1952 2821 6,
1977 2781 2030 2814 23.

271 2841 304 2873 p.
331 2831 404 2863 4154.
434 2832 507 2871 (sed
533 2831 609 2863 cod.
636 2832 863 2864 Benedictob.
892 2842 983 2865 saec.
1010 2835 1064 2865 lx.
1094 2835 1211 2872 Tenen,
1239 2833 1315 2865 cod.
1344 2834 1425 2864 Fris.
1446 2841 1537 2863 saec.
1565 2833 1618 2864 IX.
1646 2842 1697 2873 pr.
1725 2841 1771 2864 m.
1799 2833 1932 2871 Tenem,
1958 2840 2030 2864 sec.

273 2891 319 2912 111.
341 2881 478 2921 Tennen)
495 2890 501 2911 :
531 2882 666 2912 Tenncm
682 2892 721 2919 ς;
748 2886 875 2913 lennem
892 2885 938 2914 (32
958 2883 1032 2914 1.(1.;
1062 2884 1217 2914 Thcnucm
1235 2885 1294 2915 64.
1311 2900 1348 2905 --
1377 2884 1387 2913 1
1404 2883 1427 2913 1.
1447 2884 1490 2913 ad
1514 2884 1636 2923 leyalos
1653 2884 1693 2914 61
1714 2883 1745 2914 2.
1767 2900 1801 2905 —
1822 2882 1873 2914 ⁴2.
1891 2882 1986 2912 istinc
1998 2890 2030 2919 ς;

270 2931 365 2962 istinc
389 2931 477 2962 illinc
490 2932 531 2961 61
551 2932 580 2962 ²3.
608 2931 651 2962 cs.
667 2932 696 2971 3.
712 2932 808 2962 53.-
830 2933 880 2963 «15.
901 2933 990 2964 Fort.
1006 2934 1104 2964 eliam
1122 2935 1152 2965 in
1171 2935 1283 2965 intere.
1311 2934 1465 2964 111111.-
1487 2934 1538 2964 1¹0.
1557 2933 1588 2964 in
1607 2933 1701 2974 sil-ra]
1727 2932 1768 2965 cs.
1790 2930 1903 2963 Schol.
1924 2931 2030 2970 Cruq.

273 2981 317 3011 ad
342 2981 424 3012 Hor.
449 2981 509 3021 Ep.
530 2981 552 3011 Ι.
576 2982 626 3019 10,
645 2982 698 3013 622.
721 3000 755 3004 —
786 2982 843 3012 sub
866 2983 939 3013 ‹liz-o
963 2983 1064 3014 codd.
1090 2986 1123 3015 et
1145 2984 1224 3015 Sch.
1251 2985 1354 3023 Cruq.
1381 2982 1400 3013 l.
1423 2982 1463 3012 1.:
1488 2982 1545 3013 sub
1568 2984 1620 3013 (lio
1643 2984 1682 3014 Α.
1711 3000 1745 3004 -
1773 2982 1824 3013 47.
1848 2983 1927 3012 sort.
1953 2987 2035 3012 esses

273 3031 470 3071 Zumptius:
495 3031 628 3061 sortitus
644 3032 735 3062 6362
749 3041 781 3069 g:
808 3032 876 3063 loco
895 3033 966 3063 (lem
988 3034 1121 3065 sortitus
1139 3043 1171 3065 es
1194 3035 1252 3072 61;
1276 3033 1467 3064 subsortitus
1488 3042 1519 3063 cs
1536 3033 1583 3064 Ld
1601 3033 1678 3065 dtt.:
1703 3032 1938 3063 subsortiturus
1960 3038 2035 3062 eras

274 3080 363 3111 coni.
384 3080 460 3110 Hot.
489 3096 526 3102 —
554 3080 605 3110 49.
632 3081 694 3111 luis
718 3089 786 3112 om.
805 3083 844 3112 A.
871 3081 949 3113 cod.
969 3083 1043 3114 Urs.
1062 3083 1161 3123 prob.
1181 3084 1251 3114 Rau
1268 3084 1291 3114 1.
1318 3091 1352 3123 p.
1372 3083 1444 3113 1180.
1459 3098 1492 3104 —
1519 3083 1571 3113 21.
1596 3082 1818 3123 familiaribus
1833 3082 1893 3112 64.
1913 3096 1951 3103 -
1977 3080 2031 3111 22.

272 3137 398 3169 semper
413 3130 454 3161 61
472 3129 548 3167 2ςε
573 3137 669 3168 saepe
685 3129 747 3161 dtt.
767 3131 847 3162 O.—
872 3132 926 3162 ⁶25.
946 3134 1163 3171 quaesitorem
1177 3135 1216 3171 A,
1243 3133 1301 3173 qui
1325 3135 1442 3164 tamen
1460 3132 1634 3171 vulgatam
1655 3139 1795 3172 quoque
1813 3137 2034 3161 commemo-

273 3179 348 3215 rat;
380 3182 535 3210 sectorem
558 3182 826 3218 quaestoremque
849 3181 880 3210 S.
918 3180 1032 3213 Verba
1065 3192 1132 3222 qua
1163 3184 1200 3214 (le
1227 3192 1264 3215 re
1279 3200 1326 3206 -—
1339 3183 1502 3222 perfluere
1528 3183 1571 3214 de
1590 3183 1669 3214 Ern.
1689 3181 1778 3213 coni.
1799 3178 1910 3221 (prob.
1930 3179 2034 3219 Wyt-

275 3226 384 3267 tenb.)
409 3228 512 3259 Beck.
532 3229 567 3259 et
590 3228 726 3259 Schutz.
746 3230 976 3270 transponunt
1000 3233 1079 3270 post
1103 3233 1282 3272 superiora
1309 3232 1339 3273 5.
1359 3233 1409 3263 50.
1438 3233 1573 3263 Romam
1596 3231 1716 3272 deferri
1737 3233 1897 3270 oportere.
1931 3226 2031 3260 Male.

276 3276 317 3307 cf.
345 3277 509 3309 Orellium
533 3279 568 3309 et
591 3278 727 3318 Zumpt.
753 3279 796 3310 ad
823 3279 855 3310 11.
876 3278 896 3310 1.
926 3297 960 3301 —
987 3280 1040 3311 ⁵26.
1068 3281 1182 3312 Chium
1204 3290 1273 3313 om.
1293 3282 1356 3319 61;
1383 3291 1456 3312 cum
1473 3282 1593 3312 inccrt.
1610 3282 1701 3312 auct.
1721 3279 1842 3319 fragm.
1863 3277 1906 3309 de
1922 3276 2032 3308 verbo

275 3333 331 3365 ap.
358 3327 509 3359 Macrob.
535 3327 591 3358 ed.
619 3329 688 3359 Ian.
715 3327 786 3359 Vol.
806 3330 831 3359 Ι.
857 3338 890 3370 p.
910 3330 984 3362 293.
1006 3347 1040 3352 —
1067 3331 1119 3362 36.
1141 3332 1276 3370 plostris
1291 3331 1312 3362 S
1329 3332 1375 3361 62
1393 3332 1475 3362 dtu:
1496 3331 1656 3371 plaustris
1671 3330 1713 3361 Gt
1731 3328 1835 3371 Lg42.
1856 3345 1892 3351 -
1917 3329 2034 3360 avecta

276 3376 310 3406 S.
339 3393 374 3398 —
400 3380 643 3417 apertamque
666 3379 713 3410 Ga
730 3378 780 3410 Ld
795 3389 816 3418 ς
831 3379 942 3420 [ς’ἳθῑ
969 3381 1208 3420 explorataque
1231 3381 1272 3413 61
1294 3390 1300 3420 ;
1327 3385 1563 3422 asportataque
1585 3381 1647 3414 dtt.
1672 3381 1710 3414 O.
