2127 3708
598 252 693 294 cst.
723 251 1129 293 xxvm—xxlx.
1169 249 1243 305 55.
1273 249 1463 292 75-81.
1863 248 1908 291 51

171 379 254 421 quo
286 366 338 406 sit
368 366 463 406 Sex.
484 364 658 405 Roscius
689 365 873 405 occisus:
905 365 955 405 ab
987 378 1114 412 eone,
1148 365 1219 418 qui
1240 368 1411 418 propter
1432 363 1543 403 illius
1565 369 1738 404 mortem
1759 365 1802 405 in
1824 377 1918 418 ege-

170 433 274 469 state
317 433 357 469 et
394 429 438 468 in
466 426 626 467 insidiis
655 432 865 475 versatur,
904 428 971 467 eui
1002 441 1054 467 ne
1087 426 1315 481 quaerendi
1346 426 1516 480 quidem
1547 426 1599 466 de
1631 432 1761 467 morte
1791 427 1919 481 patris

169 495 354 543 potestas
375 489 647 544 permittitur,
678 502 730 528 an
752 489 802 528 ab
824 490 894 538 iis,
927 490 998 543 qui
1020 490 1310 543 quaestionem
1330 488 1530 541 fugitant,
1561 488 1671 528 bona
1691 488 1920 541 possident,

169 553 211 592 in
256 552 382 592 caede
426 556 551 605 atque
591 564 642 590 ex
682 551 809 591 caede
839 553 996 592 vivunt.
1057 551 1225 599 Omnia,
1263 551 1444 599 iudices,
1490 551 1532 591 in
1562 551 1640 590 hac
1671 563 1796 590 causa
1827 555 1923 591 sunt

170 616 320 655 misera
357 618 483 668 atque
520 612 714 666 indigna3
760 618 898 653 tamen
928 614 1007 653 hoc
1041 614 1143 654 nihil
1180 627 1317 668 neque
1348 613 1537 653 acerbius
1570 625 1708 667 neque
1737 613 1923 665 iniquius
1954 613 1973 641 5

169 676 344 730 proferri
382 679 541 730 potest:
584 676 727 715 mortis
767 681 963 728 paternae
995 676 1045 715 de
1077 677 1206 716 servis
1236 677 1420 729 paternis
1452 675 1741 729 quaestionem
1771 674 1924 713 habere

168 737 252 778 filio
283 752 366 778 non
396 738 505 778 licet.
545 739 605 777 Ne
637 742 719 777 tam
750 737 820 777 diu
853 738 1024 791 quidem
1055 738 1249 778 dominus
1282 739 1359 778 erit
1388 739 1429 777 in
1456 751 1577 785 suos,
1609 737 1709 777 dum
1730 738 1851 777 exiis
1875 736 1925 775 de

168 801 296 853 patris
328 804 459 839 morte
491 801 747 853 quaeratur?
792 801 989 848 Veniam,
1020 814 1161 854 neque
1183 802 1240 841 ita
1262 800 1392 840 multo
1414 804 1528 853 post,
1559 800 1611 840 ad
1632 799 1745 839 hunc
1765 799 1926 847 locum3

167 876 263 902 nam
292 862 372 902 hoc
403 866 537 902 totum
567 862 619 901 ad
649 861 822 902 Roscios
854 864 1055 915 pertinet,
1088 862 1138 902 de
1171 876 1349 917 quorum
1381 861 1557 902 audacia
1587 868 1675 902 tum
1704 874 1769 901 me
1796 861 1928 900 dictu-

167 938 258 964 rum
296 924 509 977 pollicitus
551 938 663 971 sum,
704 938 797 963 cum
827 925 969 964 Erucii
1000 925 1172 965 crimina
1203 925 1431 964 diluissem.
1495 924 1651 964 XXIX.
1691 922 1757 963 79.
1787 924 1978 970 Νυῐιο,10

166 987 314 1034 Eruci,
344 986 397 1025 ad
428 990 468 1025 te
499 987 636 1026 venio.
688 985 918 1026 Conveniat
947 987 1047 1027 mihi
1078 991 1217 1026 tecum
1246 1000 1418 1027 necesse
1449 991 1533 1034 est,
1566 987 1599 1027 si
1629 987 1681 1026 ad
1710 986 1824 1026 hunc
1845 998 1930 1025 ma-

168 1046 348 1088 leficium
377 1047 489 1088 istud
520 1049 722 1101 pertinet,
754 1053 825 1088 aut
854 1049 993 1102 ipsum
1024 1062 1100 1089 sua
1129 1063 1254 1089 manu
1274 1049 1447 1097 fecisse,
1478 1049 1520 1089 id
1542 1049 1656 1103 quod
1677 1060 1828 1101 negas,
1859 1052 1931 1087 aut

166 1124 243 1165 per
282 1110 448 1164 aliquos
485 1110 638 1150 liberos
676 1115 748 1150 aut
777 1124 932 1152 servos.
991 1112 1255 1152 Liberosne?
1302 1125 1408 1165 quos
1446 1124 1584 1164 neque
1624 1113 1670 1150 ut
1708 1110 1931 1150 convenire

168 1173 352 1227 potuerit
386 1186 526 1226 neque
566 1186 649 1227 qua
687 1173 847 1213 ratione
878 1173 1077 1214 inducere
1108 1188 1248 1228 neque
1278 1175 1350 1214 ubi
1381 1187 1520 1228 neque
1549 1187 1626 1227 per
1655 1185 1762 1226 quos
1791 1184 1931 1225 neque

170 1249 253 1290 qua
284 1249 357 1289 spe
379 1240 450 1276 aut
473 1249 557 1289 quo
588 1236 721 1289 pretio
753 1240 873 1289 potes
905 1237 1142 1277 ostendere.
1187 1237 1275 1290 Ego
1304 1241 1450 1277 contra
1471 1235 1668 1283 ostendo,
1699 1248 1784 1275 non
1805 1233 1981 1273 modo⁴5

169 1299 271 1339 nihil
302 1311 446 1338 eorum
476 1297 625 1338 fecisse
658 1298 753 1338 Sex.
777 1299 997 1347 Roscium,
1028 1298 1101 1339 sed
1132 1312 1184 1339 ne
1215 1299 1404 1352 potuisse
1435 1297 1606 1353 quidem
1626 1297 1785 1346 facere,
1817 1295 1932 1350 quod

168 1374 306 1416 neque
345 1361 501 1400 Romae
540 1360 680 1400 multis
725 1361 845 1400 annis
888 1360 1016 1401 fuerit
1054 1374 1193 1415 neque
1225 1362 1277 1401 de
1313 1360 1496 1415 praediis
1535 1373 1736 1415 umquam
1775 1364 1932 1399 temere

169 1423 416 1464 discesserit.
446 1423 619 1463 Restare
640 1423 714 1463 tibi
735 1422 955 1463 videbatur
975 1436 1192 1464 servorum
1212 1437 1390 1473 nomen,
1424 1437 1509 1478 quo
1541 1424 1662 1478 quasi
1691 1423 1735 1464 in
1765 1426 1933 1476 portum

169 1486 346 1526 reiectus
377 1498 402 1525 a
431 1486 580 1526 ceteris
611 1486 920 1539 suspicionibus
952 1486 1177 1539 confugere
1207 1499 1375 1540 posses:
1406 1486 1480 1526 ubi
1502 1485 1724 1540 scopulum
1755 1482 1934 1525 offendis

170 1548 395 1596 eiusmodi,
435 1552 482 1588 ut
522 1561 608 1588 non
646 1547 772 1588 modo
811 1547 862 1588 ab
891 1548 972 1588 hoc
1003 1549 1160 1589 crimen
1190 1549 1351 1589 resilire
1382 1547 1551 1597 videas,
1590 1561 1736 1589 verum
1768 1552 1983 1587 omnem20

170 1611 449 1664 suspicionem
478 1611 521 1650 in
550 1615 713 1651 vosmet
742 1611 857 1664 ipsos
887 1611 1071 1651 recidere
1102 1612 1324 1665 intelligas.
1367 1609 1434 1651 80.
1467 1610 1580 1660 Quid
1611 1624 1710 1664 ergo
1732 1614 1816 1658 est,
1849 1622 1933 1663 quo

170 1673 336 1713 tandem
373 1677 591 1713 accusator
636 1673 779 1726 inopia
825 1678 1166 1726 argumentorum
1203 1673 1465 1727 confugerit?
1513 1672 1731 1713 Eiusmodi
1768 1676 1933 1724 tempus

171 1739 280 1783 erat,
308 1735 465 1789 inquit,
496 1739 543 1775 ut
570 1735 760 1775 homines
791 1735 916 1788 vulgo
947 1736 1118 1789 impune
1144 1735 1457 1785 occiderentur3
1489 1748 1620 1790 quare
1650 1735 1730 1775 hoc
1761 1739 1806 1774 tu
1836 1747 1935 1788 pro-

170 1805 263 1852 pter
291 1797 601 1837 multitudinem
632 1797 875 1837 sicariorum
905 1797 1022 1837 nullo
1053 1798 1221 1851 negotio
1252 1797 1388 1838 facere
1410 1798 1597 1850 potuisti.
1639 1797 1811 1837 Interim
1832 1795 1934 1836 mihi

171 1860 343 1907 videris,
372 1859 517 1906 Eruci,
547 1871 632 1898 una
661 1859 852 1899 mercede
885 1859 988 1899 duas
1018 1873 1085 1900 res
1115 1860 1283 1913 assequi
1303 1859 1436 1901 velle:
1467 1873 1545 1900 nos
1575 1858 1732 1900 iudicio
1762 1858 1934 1912 perfun-
1946 1868 1984 1898 25

175 1922 294 1970 dere,
323 1934 519 1962 accusare
550 1924 689 1961 autem
711 1934 782 1960 eos
812 1923 945 1975 ipsos,
977 1935 1001 1962 a
1022 1922 1175 1975 quihus
1197 1922 1434 1962 mercedem
1454 1922 1666 1975 accepisti.
1709 1921 1821 1969 Quid
1842 1921 1932 1962 ais?

173 1984 308 2039 Vulgo
339 1982 663 2024 occidebantur?
706 1983 784 2023 Per
813 1997 918 2038 quos
950 1988 991 2023 et
1020 1997 1044 2024 a
1066 1984 1248 2038 quibus?
1294 1985 1388 2024 Non
1408 1984 1565 2037 cogitas
1594 1988 1634 2024 te
1655 1996 1680 2023 a
1700 1984 1933 2024 sectoribus

172 2047 255 2087 huc
284 2046 512 2087 adductum
543 2046 661 2085 esse?
705 2045 816 2094 Quid
857 2047 1033 2098 postea?
1081 2047 1299 2087 Nescimus
1329 2059 1406 2100 per
1434 2047 1514 2086 ista
1542 2051 1733 2099 tempora
1763 2044 1933 2086 eosdem

171 2108 257 2149 fere
288 2112 471 2149 sectores
500 2106 629 2147 fuisse
660 2107 864 2147 collorum
895 2112 935 2148 et
963 2109 1200 2148 bonorum?
1249 2106 1315 2148 84·
1346 2109 1379 2148 Ii
1411 2108 1616 2162 denique,
1647 2109 1720 2162 qui
1749 2112 1838 2148 tum
1869 2121 1934 2148 ar-

172 2171 270 2211 mati
309 2171 398 2210 dies
427 2173 659 2222 noctesque
690 2169 1017 2218 concursabant,
1058 2171 1130 2224 qui
1160 2171 1317 2211 Romae
1348 2175 1466 2211 erant
1494 2170 1674 2219 assidui,
1715 2172 1789 2225 qui
1819 2172 1982 2211 omni30

171 2237 359 2286 tempore
390 2232 432 2272 in
462 2230 618 2284 praeda
648 2236 689 2271 et
718 2232 919 2284 sanguine
950 2232 1240 2281 versabantur,
1279 2233 1376 2273 Sex.
1407 2233 1558 2273 Roscio
1588 2233 1789 2286 temporis
1819 2233 1932 2273 illius

170 2295 437 2336 acerbitatem
466 2294 816 2348 iniquitatemque
848 2295 1064 2343 obiicient,
1105 2300 1146 2336 et
1181 2296 1296 2336 illam
1326 2295 1572 2336 sicariorum
1600 2294 1932 2344 multitudinem,

140 2355 141 2358 ’
170 2358 213 2398 in
244 2370 329 2413 qua
363 2356 444 2409 ipsi
483 2355 610 2396 duces
651 2369 698 2396 ac
728 2357 939 2410 principes
971 2362 1110 2406 erant,
1149 2358 1249 2399 huic
1280 2358 1442 2398 crimini
1472 2357 1682 2411 putabunt
1709 2357 1828 2398 fore?
1860 2359 1933 2413 qui

170 2432 257 2459 non
285 2418 410 2459 modo
440 2419 596 2458 Romae
625 2431 710 2458 non
739 2418 836 2466 fuit,
867 2419 941 2459 sed
968 2420 1160 2468 omnino,
1194 2419 1296 2474 quid
1315 2420 1473 2460 Romae
1500 2424 1714 2473 ageretur,
1744 2421 1932 2468 nescivit,

257 2532 289 2565 2.
314 2534 345 2564 ct
366 2531 401 2563 in
422 2530 559 2570 insidiis]
585 2529 703 2562 addidi
725 2530 760 2561 in
784 2539 827 2562 ex
851 2531 940 2563 coni.
969 2549 1002 2556 —
1037 2532 1068 2564 3.
1092 2532 1225 2573 fuqianc
1247 2532 1313 2564 Mi.
1343 2549 1379 2554 —
1412 2531 1443 2563 6.
1464 2532 1618 2572 proferre
1641 2533 1679 2564 G.
1706 2548 1744 2554 —
1770 2532 1801 2564 8.
1828 2541 1933 2572 quae-

170 2583 269 2613 ratur
281 2578 309 2623 P]
334 2580 472 2622 signum
494 2581 773 2621 interrogationis
798 2580 918 2613 Lamb.
944 2582 1078 2622 primus
1101 2582 1228 2623 posuit.
1257 2599 1292 2603 —
1317 2580 1423 2612 multa
1446 2582 1484 2613 G.
1515 2597 1551 2604 —
1582 2581 1637 2613 ii.
1662 2584 1708 2613 est
1731 2589 1800 2613 om.
1828 2583 1865 2613 G.
1894 2599 1931 2605 —

172 2630 226 2663 43.
256 2630 442 2673 conveniret
469 2630 621 2663 MHva.
658 2647 694 2653 —-
730 2631 782 2662 48.
810 2639 891 2670 quos
913 2632 1009 2671 quasi
1030 2624 1096 2664 Mi.
1127 2649 1165 2655 —
1201 2631 1255 2663 20.
1280 2630 1417 2662 crimine
1441 2631 1592 2673 G1pvc.
1622 2648 1659 2653 —
1682 2630 1805 2662 resiliri
1828 2631 1865 2662 G.
1894 2648 1930 2653 —-

171 2680 225 2714 2¹1.
252 2680 331 2721 quid
352 2689 431 2722 erqo
453 2683 500 2712 est
521 2681 608 2713 Mv:
641 2681 721 2720 quid
742 2683 787 2712 cst
809 2689 887 2721 erqo
910 2680 1012 2713 codd.
1039 2680 1110 2721 alii,
1136 2681 1161 2713 Ο
1176 2690 1195 2713 a
1209 2689 1245 2719 ος
1283 2680 1362 2720 quid
1384 2683 1494 2712 tamen
1516 2683 1564 2712 est
1586 2681 1624 2712 G.
1659 2679 1711 2712 De
1734 2678 1802 2712 loci
1824 2680 1934 2712 inter-

170 2730 359 2771 punctione
381 2737 416 2762 v.
434 2728 680 2770 Wesenbergii
704 2729 853 2762 Observv.
876 2730 950 2762 crit.
969 2731 1013 2762 ad
1035 2739 1084 2762 or.
1108 2740 1145 2770 p.
1163 2730 1267 2763 Sestio
1290 2739 1325 2771 p.
1344 2730 1396 2762 Μ.
1423 2731 1495 2763 not.
1515 2731 1545 2762 i.
1568 2747 1604 2753 -
1629 2729 1683 2762 22.
1700 2733 1811 2762 tamen
1835 2731 1872 2761 G.
1893 2746 1930 2753 --

170 2779 225 2812 23.
249 2779 309 2811 hoc
331 2782 368 2812 tu
390 2779 539 2812 GM2v:
565 2782 601 2811 tu
622 2779 681 2811 hoc
703 2781 752 2813 Mi
771 2780 874 2812 Oac.
903 2798 938 2802 ——
963 2779 1017 2812 24.
1041 2781 1184 2820 interim]
1208 2780 1373 2812 interdum
1396 2779 1474 2812 cod.
1502 2780 1539 2821 (7)
1564 2779 1687 2812 Ursini.
1722 2777 1836 2810 «Solet
1857 2778 1930 2810 Cic.

170 2829 304 2861 interim
327 2828 497 2861 adhibere
523 2838 587 2871 pro
609 2830 752 2865 interea3
778 2831 813 2861 at
828 2830 884 2862 hic
901 2832 996 2862 esset
1010 2830 1209 2870 aliquando,
1234 2839 1502 2870 nonnumquam,
1529 2838 1599 2870 quo
1616 2837 1723 2861 sensu
1739 2827 1933 2861 Tullianum

172 2879 226 2911 est
247 2879 432 2919 interdum,
464 2888 680 2921 quamquam
708 2881 831 2921 postea
854 2880 901 2911 ita
924 2878 1023 2911 multi
1045 2882 1272 2922 usurparunt.
1307 2879 1353 2920 [v.
1378 2880 1507 2912 Duker.
1534 2879 1579 2910 ad
1602 2878 1742 2911 Florum
1763 2879 1789 2910 Ι.
1814 2879 1867 2918 25,
1886 2876 1932 2918 7.]

171 2927 384 2961 Forcellinus
415 2928 599 2970 explicavit
628 2929 760 2961 interim
785 2929 899 2961 «dum
922 2929 987 2961 ista
1011 2929 1137 2970 dicis»,
1174 2929 1270 2970 quod
1291 2937 1423 2961 vanum
1446 2928 1643 2970 perfugium
1668 2929 1757 2960 est.»
1795 2929 1875 2959 GAR.
1900 2928 1932 2959 2.

171 2978 293 3019 Neque
316 2978 402 3010 mihi
425 2979 601 3020 persuasit
623 2978 779 3011 Handius
803 2979 838 3011 in
861 2977 1077 3011 Tursell.111.
1100 2988 1135 3021 p.
1153 2979 1228 3012 425.
1253 2979 1297 3011 de
1314 2978 1474 3011 lectionis
1489 2977 1699 3018 integritate.
1720 2994 1758 3000 —
1783 2977 1837 3009 26.
1857 2976 1936 3016 quid

172 3027 224 3059 ais
244 3027 349 3060 Eruci
371 3028 450 3060 Sch.
479 3046 516 3051 —
550 3029 602 3060 27.
632 3038 699 3060 non
730 3029 856 3070 cogitas
884 3029 1043 3061 Ernesti:
1075 3038 1182 3061 nonne
1204 3029 1330 3070 coyitas
1353 3028 1457 3060 codd.
1485 3029 1520 3059 et
1544 3028 1581 3059 Ο.
1619 3026 1669 3059 Cf.
1695 3026 1808 3058 Hand.
1833 3026 1932 3058 Turs.

171 3076 228 3109 IV.
252 3085 287 3118 p.
312 3076 376 3110 3⁴0
398 3085 452 3119 sq.
479 3092 516 3100 -
541 3078 595 3110 28.
620 3078 790 3120 nescimus]
814 3078 917 3110 nescis
939 3077 1017 3110 cod.
1042 3079 1140 3111 Iann.
1167 3080 1202 3110 et
1225 3077 1339 3111 Schol.
1366 3078 1401 3110 in
1417 3076 1659 3119 explicatione,
1686 3076 1782 3117 quod
1801 3075 1936 3118 proba-

172 3126 254 3158 runt
277 3127 355 3159 Gar.
382 3128 418 3159 et
440 3127 496 3159 Or.
521 3127 578 3165 2.;
611 3128 737 3160 nescius
766 3136 784 3159 a
817 3128 871 3169 (ex
892 3136 929 3167 v,
966 3126 1027 3159 uhi
1057 3128 1272 3169 impressum
1296 3128 1371 3160 est:
1407 3125 1574 3168 nescius).
1607 3141 1643 3148 --
1681 3129 1831 3166 tempora
1858 3134 1937 3157 vero

172 3175 299 3208 eosdem
319 3184 398 3208 vero
418 3175 518 3218 fuisse
541 3177 579 3209 G.
607 3193 644 3200 —
670 3177 723 3210 30.
752 3176 994 3210 concursabant
1007 3177 1073 3210 Mv
1087 3186 1129 3210 c:
1154 3176 1394 3210 concurrebant
1409 3178 1455 3215 G;
1480 3175 1787 3209 circumcursabant
1810 3175 1835 3208 C
1850 3175 1879 3206 H
1892 3183 1935 3213 δ’,

175 3223 218 3256 cf.
245 3225 382 3267 Zumpt.
408 3225 454 3258 ad
475 3226 576 3258 verr.
601 3235 637 3269 p.
662 3227 738 3259 896.
765 3244 801 3249 —
832 3227 884 3258 34.
909 3230 940 3259 et
961 3227 997 3258 in
1029 3227 1189 3268 sanquine
1212 3228 1283 3259 Ov.
1311 3244 1347 3249 —
1374 3226 1427 3258 32.
1453 3229 1483 3258 et
1506 3234 1575 3258 om.
1602 3234 1634 3257 c.
1663 3243 1699 3248 —-
1725 3223 1778 3257 34.
1803 3223 1939 3256 nescivit

175 3273 312 3316 Madvig
336 3275 381 3318 (v.
407 3276 534 3317 opusc.
560 3276 585 3308 I.
610 3285 647 3318 p.
673 3277 747 3309 482.
773 3277 809 3309 et
831 3275 876 3308 ad
900 3276 971 3308 Cic.
996 3275 1041 3308 de
1064 3277 1161 3309 Finn.
1184 3285 1220 3318 p.
1245 3275 1355 3317 249.):
1386 3275 1524 3308 nesciret
1545 3274 1662 3314 codd,
1688 3273 1786 3316 quod
1808 3272 1936 3305 frustra

174 3323 231 3355 Or.
257 3323 289 3357 2.
315 3325 351 3357 et
371 3324 500 3358 Ravius
522 3325 563 3358 11.
587 3334 623 3367 p.
649 3326 724 3359 493.
750 3326 995 3359 defenderunt.
1036 3327 1177 3359 Poterat
1205 3328 1326 3358 tamen
1359 3324 1462 3358 lectio
1486 3324 1590 3358 codd.
1616 3324 1724 3358 etiam
1748 3331 1791 3357 ex
1812 3323 1940 3357 nescius

175 3376 248 3411 erac
269 3374 363 3409 oriri.
401 3375 531 3412 Contra
551 3376 761 3412 Matthiaeus
783 3377 945 3421 superius
965 3376 1068 3419 fuerit
1087 3385 1153 3419 pro
1173 3375 1238 3418 fuit
1259 3373 1416 3410 scribere
1438 3373 1570 3410 maluit.
