2143 3713
235 202 316 244 338
731 203 785 242 IN
814 202 1033 242 VERREM
1061 200 1225 242 ACTIO
1258 200 1498 242 SECUNDA

347 312 413 353 38.
446 313 528 354 Sed
560 313 660 367 quid
691 326 767 366 ego
799 314 919 352 istius
949 313 991 352 in
1023 313 1114 352 eius
1141 312 1252 352 modi
1284 313 1408 352 rebus
1439 311 1670 351 medioeres
1699 311 1872 351 iniurias
1903 310 1987 351 col-

235 377 333 430 ligo,
365 389 473 430 quae
495 380 656 416 tantum
677 375 802 415 modo
825 375 866 413 in
893 374 1012 413 furtis
1033 374 1154 413 istius
1177 379 1216 413 et
1238 374 1398 413 damnis
1421 386 1580 418 eorum,
1612 385 1635 411 a
1657 373 1807 425 quibus
1827 373 1988 414 aufere-

234 440 317 487 bat,
347 443 537 480 versatae
569 452 659 478 esse
688 438 935 477 videantur?
967 435 1166 487 Accipite,
1199 436 1232 475 si
1263 436 1401 482 vultis,
1433 436 1604 481 iudices,
1635 447 1722 473 rem
1754 435 1843 474 eius
1862 435 1988 482 modi,

235 507 282 541 ut
310 502 533 542 amentiam
564 499 816 552 singularem
848 503 889 537 et
912 497 1096 537 furorem
1117 498 1212 543 iam,
1243 510 1327 536 non
1349 497 1619 550 cupiditatem
1642 496 1732 536 eius
1753 497 1989 550 perspicere

203 564 419 617 5possitis.
476 563 626 603 XVIII.
670 561 898 601 Melitensis
937 560 1146 599 Diodorus
1178 564 1262 606 est,
1303 560 1373 612 qui
1406 559 1517 611 apud
1548 572 1621 598 vos
1653 563 1775 598 antea
1806 558 1991 598 testimo-

234 627 350 666 nium
380 626 498 665 dixit.
547 625 586 664 Is
607 623 792 677 Lilybaei
825 622 976 661 multos
1009 622 1090 660 iam
1121 634 1252 660 annos
1282 621 1452 669 habitat,
1483 620 1609 659 homo
1643 625 1682 659 et
1704 620 1817 659 domi
1839 620 1991 660 nobilis

235 695 275 729 et
302 688 414 741 apud
445 700 540 734 eos,
577 700 661 740 quo
693 698 737 725 se
768 684 965 731 contulit,
997 688 1169 736 propter
1199 683 1391 722 virtutem
1424 682 1670 735 splendidus
1702 687 1742 722 et
1773 682 1992 734 gratiosus.

233 752 294 791 De
324 751 404 790 hoc
425 749 543 789 Verri
577 749 741 794 dicitur,
772 746 925 786 habere
958 760 1052 786 eum
1082 745 1268 798 perbona
1285 749 1529 791 toreumata,
1560 745 1600 783 in
1624 744 1673 783 iis
1694 744 1847 797 pocula
1868 757 1994 798 quae-

235 812 351 860 dam,
383 824 490 866 quae
522 810 730 850 Thericlia
760 808 1049 855 nominantur,
1083 807 1282 846 Mentoris
1312 819 1438 846 manu
1469 820 1631 846 summo
1664 806 1841 846 artificio
1872 806 1993 847 facta.

188 880 222 908 ⁴0
236 873 360 924 Quod
391 874 468 914 iste
498 872 570 912 ubi
602 871 782 917 audivit,
824 870 883 909 sic
915 871 1140 922 cupiditate
1182 870 1460 908 inflammatus
1492 875 1553 908 est
1584 882 1668 908 non
1699 869 1835 909 solum
1864 869 1996 922 inspi-

236 936 387 983 ciendi,
417 948 561 974 verum
593 934 719 974 etiam
750 931 989 979 auferendi,
1020 937 1066 971 ut
1096 931 1326 970 Diodorum
1357 931 1408 969 ad
1440 944 1483 970 se
1514 936 1683 970 vocaret
1712 944 1758 970 ac
1789 935 1994 985 posceret.

234 999 331 1045 Ille,
371 997 443 1050 qui
474 997 546 1036 illa
583 1009 666 1035 non
705 994 861 1034 invitus
901 994 1094 1041 haberet,
1134 992 1353 1045 respondit
1394 992 1579 1045 Lilybaei
1623 1006 1666 1032 se
1706 1007 1791 1033 non
1828 993 1995 1039 hahere,

234 1060 400 1101 Melitae
430 1059 542 1112 apud
573 1057 783 1111 quendam
815 1057 1103 1110 propinquum
1137 1069 1258 1094 suum
1290 1054 1525 1107 reliquisse.
1575 1052 1642 1093 39.
1674 1056 1778 1095 Tum
1800 1056 1877 1096 iste
1899 1068 1997 1095 con-

235 1123 352 1162 tinuo
395 1121 521 1160 mittit
559 1120 751 1159 homines
792 1123 927 1158 certos
967 1118 1172 1158 Melitam:
1224 1116 1367 1155 scribit
1405 1116 1456 1155 ad
1496 1118 1701 1169 quosdam
1741 1117 1997 1163 Melitenses,

186 1190 221 1219 ⁴⁵
234 1190 280 1224 ut
311 1197 360 1224 ea
389 1196 489 1223 vasa
518 1181 784 1236 perquirant:
816 1185 936 1233 rogat
965 1180 1220 1226 Diodorum,
1252 1184 1299 1217 ut
1328 1179 1379 1217 ad
1410 1179 1526 1217 illum
1558 1180 1845 1232 propinquum
1875 1193 1997 1219 suum

235 1246 305 1285 det
333 1245 505 1284 litteras.
544 1243 656 1283 Nihil
678 1243 716 1282 ei
738 1242 904 1293 longius
926 1241 1161 1287 videbatur,
1194 1254 1318 1294 quam
1341 1242 1439 1280 dum
1461 1241 1565 1281 illud
1587 1241 1748 1281 videret
1769 1246 1998 1294 argentum.

233 1307 457 1354 Diodorus,
487 1306 614 1346 homo
645 1304 754 1357 frugi
785 1318 831 1343 ac
864 1303 1056 1356 diligens,
1088 1305 1161 1357 qui
1188 1317 1263 1343 sua
1285 1316 1448 1343 servare
1471 1304 1609 1350 vellet,
1640 1304 1692 1343 ad
1714 1305 1998 1358 propinquum

235 1383 358 1409 suum
388 1368 554 1416 scribit,
584 1372 633 1407 ut
661 1367 726 1414 iis,
759 1367 830 1420 qui
863 1379 887 1405 a
917 1366 1046 1405 Verre
1077 1367 1310 1412 venissent,
1342 1365 1618 1418 responderet
1647 1366 1750 1405 illud
1782 1371 1999 1419 argentum

236 1446 279 1472 se
311 1431 456 1485 paucis
486 1430 570 1471 illis
602 1429 749 1469 diebus
781 1428 942 1467 misisse
973 1428 1235 1482 Lilybaeum.
1295 1429 1389 1480 Ipse
1433 1428 1590 1467 interea
1630 1429 1807 1468 recedit:
1854 1429 1999 1469 abesse

186 1503 260 1533 aoa
290 1493 414 1533 domo
446 1492 663 1546 paulisper
700 1491 846 1530 maluit
885 1504 1011 1543 quam
1043 1504 1242 1543 praesens
1275 1490 1379 1529 illud
1412 1490 1565 1542 optime
1596 1489 1748 1530 factum
1782 1495 1999 1543 argentum

236 1556 438 1596 amittere.
500 1554 624 1602 Quod
656 1554 728 1593 ubi
759 1553 836 1592 iste
869 1552 1045 1599 audivit,
1088 1566 1221 1605 usque
1253 1565 1302 1591 eo
1335 1557 1569 1591 commotus
1601 1558 1686 1599 est,
1716 1557 1763 1592 ut
1793 1553 1881 1592 sine
1912 1551 1999 1592 ulla

237 1617 499 1657 dubitatione
540 1616 723 1657 insanire
764 1615 958 1654 omnibus
998 1627 1046 1653 ac
1084 1613 1221 1654 furere
1252 1613 1476 1653 videretur.
1538 1614 1644 1661 Quia
1684 1628 1768 1653 non
1808 1619 2002 1667 potuerat

237 1680 400 1733 eripere
429 1684 660 1731 argentum,
692 1678 783 1730 ipse
815 1690 838 1716 a
867 1677 1050 1715 Diodoro
1083 1681 1226 1728 erepta
1257 1676 1336 1715 sibi
1369 1689 1466 1715 vasa
1499 1676 1655 1728 optime
1686 1676 1794 1715 facta
1815 1676 2000 1716 dicebat:

236 1740 418 1782 minitari
449 1740 612 1780 absenti
643 1739 843 1786 Diodoro,
875 1738 1094 1779 vociferari
1128 1738 1278 1790 palam,
1311 1738 1502 1777 lacrimas
1524 1736 1734 1776 interdum
1755 1738 1827 1777 vix
1846 1744 2001 1778 tenere.

187 1802 481 1855 25Eriphylam
512 1802 751 1854 accepimus
782 1802 824 1841 in
855 1800 1008 1839 fabulis
1041 1814 1089 1839 ca
1120 1799 1370 1852 cupiditate,
1414 1804 1472 1846 ut,
1504 1812 1596 1838 cum
1627 1799 1805 1839 vidisset
1835 1800 2003 1847 monile,

237 1870 283 1904 ut
313 1865 488 1917 opinor,
529 1877 582 1903 ex
613 1877 716 1903 auro
749 1868 789 1903 et
821 1863 1016 1916 gemmis,
1048 1862 1360 1915 pulchritudine
1393 1861 1482 1901 eius
1514 1861 1688 1901 incensa
1718 1862 1896 1902 salutem
1926 1862 2003 1903 viri

235 1925 447 1980 proderet.
517 1925 675 1965 Similis
715 1925 835 1965 istius
877 1924 1108 1977 cupiditas:
1157 1923 1237 1962 hoc
1285 1924 1409 1964 etiam
1461 1924 1596 1963 acrior
1639 1929 1765 1978 atque
1805 1925 2004 1972 insanior,

239 1989 353 2043 quod
382 1988 455 2028 illa
486 1987 682 2041 cupiebat
711 1987 772 2035 id,
816 1987 931 2041 quod
963 1987 1147 2033 viderat,
1189 1985 1312 2026 huius
1344 1986 1540 2026 libidines
1572 1999 1658 2025 non
1689 1987 1825 2026 solum
1856 1987 2003 2035 oculis,

238 2051 312 2092 sed
344 2051 469 2091 etiam
499 2051 670 2090 auribus
703 2050 1005 2090 excitabantur.
1051 2049 1166 2087 XIX.
1198 2046 1264 2086 40.
1298 2048 1500 2102 Conquiri
1532 2048 1762 2089 Diodorum
1793 2055 1880 2090 tota
1910 2063 2007 2103 pro-

189 2114 374 2156 30vincia
404 2114 533 2153 iubet.
592 2113 667 2151 Ille
699 2126 751 2151 ex
783 2112 925 2152 Sicilia
955 2111 1037 2151 iam
1069 2116 1203 2150 castra
1244 2115 1528 2150 commoverat
1569 2115 1609 2149 et
1638 2124 1737 2150 vasa
1767 2112 2005 2165 collegerat.

238 2176 400 2224 Homo,
445 2181 492 2216 ut
521 2175 667 2229 aliquo
699 2175 823 2214 modo
856 2174 899 2213 in
929 2173 1191 2227 provinciam
1222 2173 1340 2211 illum
1381 2178 1616 2220 revocaret,
1656 2173 1765 2213 hanc
1797 2173 2007 2226 excogitat

330 2338 360 2368 4.
386 2336 558 2367 mediocris
582 2336 618 2366 R.
641 2352 677 2357 —
698 2336 730 2366 ἓ.
758 2334 950 2374 auferebant
975 2336 1010 2370 R,
1040 2335 1080 2365 Gt
1104 2335 1140 2365 Q:
1169 2333 1404 2374 (inscrebantur
1427 2333 1528 2373 1434‘2.
1550 2351 1583 2354 —
1613 2334 1643 2365 3.
1668 2337 1820 2365 versatae
1843 2335 1878 2365 L.
1906 2332 2004 2366 ⁴584:

240 2389 373 2418 versata
397 2385 500 2417 codd.
528 2386 609 2417 noti.
638 2385 703 2425 [est
725 2388 877 2415 versatae
901 2385 933 2414 in
959 2383 1074 2424 [μᾶ]
1105 2386 1145 2414 At
1171 2384 1257 2414 hacc
1284 2383 1386 2413 codd.
1413 2382 1514 2414 lectio
1543 2385 1597 2414 vix
1622 2384 1764 2415 defendi
1787 2384 1903 2424 potest
1926 2383 2007 2414 satis

243 2436 375 2468 idoneis
401 2434 584 2476 exemplis,
612 2435 654 2466 cs.
675 2434 886 2465 Schoinann.
914 2433 957 2464 ad
976 2433 1046 2464 (lic,
1067 2433 1110 2463 de
1129 2434 1166 2464 N.
1187 2434 1225 2464 1).
1247 2434 1285 2463 ΙΙ.
1309 2432 1338 2472 ξ,
1359 2433 1410 2471 45,
1438 2435 1469 2463 et
1497 2436 1639 2474 propter
1656 2443 1721 2465 esse
1738 2432 1832 2474 quod
1849 2434 2009 2473 sequitur

244 2485 341 2517 facile
367 2485 475 2516 errari
498 2485 646 2525 poterat.
675 2500 709 2504 —
736 2484 833 2514 uoltis
857 2485 892 2514 R.
911 2500 945 2504 —
962 2482 993 2514 4.
1021 2486 1049 2514 ct
1070 2483 1137 2523 fur.
1166 2482 1269 2513 codd.
1298 2483 1386 2513 noti:
1413 2483 1528 2523 ulsur.
1556 2484 1593 2514 Ο.
1614 2484 1730 2515 —iam
1745 2492 1810 2514 non
1826 2483 1864 2522 R,
1890 2483 2006 2523 Lagg.:

242 2545 309 2567 non
330 2536 400 2566 iam
424 2535 483 2572 Gt,
510 2533 571 2565 Ld.
598 2531 633 2570 λς
669 2542 734 2564 non
767 2534 832 2563 uim
857 2533 915 2564 (⁷:⁴2.
946 2551 977 2555 —
1007 2532 1282 2571 concupiditatem
1317 2533 1353 2564 E.
1383 2551 1418 2554 —
1445 2534 1475 2564 5.
1503 2537 1578 2564 ante
1601 2535 1660 2565 Gt.
1690 2552 1725 2556 —
1752 2534 1782 2565 6.
1809 2533 1904 2564 domo
1931 2531 2007 2563 nob.

244 2585 396 2625 apudque
419 2584 522 2623 Lagg.
549 2582 634 2614 dett.
663 2600 697 2604 —
725 2582 755 2613 8.
782 2591 855 2613 eam
879 2590 949 2612 om.
978 2582 1037 2619 02,
1065 2582 1140 2613 cod.
1170 2583 1323 2613 Puteani.
1345 2600 1380 2604 —
1399 2583 1430 2613 in
1456 2583 1482 2613 is
1508 2584 1537 2622 (h
1561 2591 1607 2614 m.
1633 2584 1665 2614 ⁶2.
1692 2582 1882 2624 superscr.)
1906 2581 1950 2619 R;
1975 2581 2011 2612 in

242 2636 292 2666 his
316 2634 400 2666 dett.
427 2633 464 2664 Ο.
487 2650 521 2655 --
536 2632 658 2672 pocula
681 2631 740 2669 R3,
768 2632 791 2663 C
811 2632 847 2670 E,
874 2629 911 2662 λῑ
935 2632 1056 2670 pocula
1079 2632 1142 2663 duo
1166 2631 1251 2662 dett.
1279 2633 1315 2662 O.
1337 2648 1373 2653 —
1393 2632 1423 2662 9.
1445 2632 1603 2663 leericlia
1619 2634 1643 2664 R
1661 2633 1685 2664 C
1704 2634 1745 2663 Gt
1766 2632 1805 2663 2:
1832 2634 1862 2663 et
1875 2630 2012 2663 hericlia

245 2686 289 2722 E;
316 2683 459 2716 theridia
481 2681 547 2719 Ld3
585 2681 745 2712 Heraclea
770 2681 854 2712 dett.
882 2682 918 2712 O.
947 2699 981 2704 -
1009 2683 1060 2712 40.
1086 2681 1284 2721 inspiciundi
1314 2681 1381 2719 Ld,
1408 2682 1445 2713 O.
1476 2700 1509 2705 —
1538 2683 1589 2713 Μ.
1615 2682 1656 2713 ab
1679 2691 1711 2713 se
1734 2683 1771 2721 R,
1797 2682 1842 2713 ad
1863 2689 1895 2713 se
1918 2688 2008 2712 corr.

245 2743 293 2766 m.
319 2734 352 2765 2.
373 2751 409 2756 -—
437 2733 488 2764 42.
515 2731 571 2771 qai
595 2740 634 2763 ea
656 2731 759 2770 Lg29.
781 2748 815 2752 —
836 2731 1005 2770 respondet
1030 2732 1054 2762 O
1080 2733 1201 2762 contra
1226 2730 1328 2762 codd.
1351 2746 1385 2752 —
1405 2739 1437 2762 se
1459 2731 1604 2770 Lilybaei
1629 2732 1730 2772 Lagg.
1757 2731 1842 2763 dett.
1869 2731 1907 2763 Ο.
1949 2730 2012 2760 «At

246 2784 297 2815 vis
322 2784 376 2815 est
399 2782 434 2813 in
457 2781 622 2821 Lilybaei,
649 2780 694 2811 ad
717 2780 812 2821 quod
836 2780 987 2812 refertur
1008 2780 1142 2812 Melita-e
1166 2780 1283 2811 statim
1306 2788 1495 2820 sequens.»
1521 2781 1633 2813 Madv.
1660 2791 1694 2822 p.
1721 2781 1773 2813 53.
1795 2797 1831 2804 -
1858 2779 1911 2812 ⁴3.
1932 2787 2012 2820 pro-

242 2836 405 2911 pinqulim
428 2869 465 2906 R,
493 2868 528 2899 et
551 2867 601 2898 sic
625 2866 730 2898 etiam
754 2875 787 2898 v.
815 2867 866 2897 45.
894 2867 945 2898 47.
975 2884 1010 2889 —
1039 2867 1091 2898 45.
1117 2876 1214 2898 suum
1233 2875 1331 2906 prop.
1358 2867 1418 2905 Gt,
1444 2867 1528 2899 dett.
1556 2869 1592 2899 O.
1615 2886 1650 2891 —-
1671 2869 1722 2900 47.
1744 2868 1932 2909 propinquo
1954 2875 2013 2898 suo

249 2920 334 2952 dett.
362 2921 397 2952 O.
439 2917 777 2958 (Diodorus--illud
800 2920 974 2957 argentum
999 2925 1068 2948 om.
1097 2918 1160 2955 Gss,
1191 2916 1267 2956 Ld.)
1294 2933 1328 2937 —
1357 2917 1407 2947 118.
1436 2921 1469 2948 ut
1491 2918 1538 2948 his
1568 2919 1604 2950 R.
1631 2935 1667 2940 —
1694 2919 1746 2950 20.
1773 2927 1795 2948 a
1817 2918 1912 2948 domo
1936 2917 1961 2948 R
1986 2916 2011 2948 E

251 2971 292 3001 Gt
314 2968 346 3007 2,
372 2966 411 2998 λε
437 2966 478 2997 ab
502 2967 595 2998 domo
620 2966 681 3003 Ld,
710 2965 794 2997 dett.
821 2966 858 2997 O.
879 2983 914 2988 —-
930 2966 1102 3006 paulisper
1125 2967 1162 3004 R,
1188 2964 1260 2997 alii:
1282 2965 1465 3005 paullisper
1489 2968 1526 2999 Ο.
1547 2985 1581 2988 -
1601 2968 1653 2999 ΕΜ.
1680 2968 1842 2999 amitteret
1864 2965 2009 3006 Lg42.-

251 3018 330 3050 aud.
361 3018 420 3048 iste
450 3015 534 3047 dett.
566 3017 603 3047 Ο.
645 3015 694 3047 Cf.
721 3014 833 3047 Madv.
865 3024 900 3056 p.
927 3016 979 3047 53.
1010 3031 1044 3037 —
1072 3018 1117 3046 est
1147 3024 1263 3046 comm.
1297 3014 1381 3046 dett.
1408 3016 1445 3047 O.
1475 3033 1509 3038 —
1536 3018 1604 3049 sine
1635 3017 1722 3049 omni
1752 3016 1852 3048 dubit.
1886 3015 1947 3047 Ld.
1973 3032 2008 3037 —-

250 3069 305 3101 23.
331 3076 405 3108 ary.
431 3067 558 3106 eripere
581 3065 664 3096 dett.
692 3065 730 3096 O.
751 3082 786 3087 —
806 3074 827 3096 a
844 3074 913 3097 om.
940 3066 964 3096 B
982 3065 1006 3096 E
1026 3066 1066 3096 Gl
1089 3066 1126 3103 2;
1152 3074 1175 3095 a
1189 3065 1335 3103 Diodqro
1352 3065 1539 3097 --absenti
1563 3074 1632 3097 om.
1652 3065 1712 3097 Ld.
1734 3083 1769 3088 —
1787 3065 1880 3105 sacta
1894 3065 2014 3105 optime

253 3117 356 3158 Lg29.
378 3133 412 3138 —
432 3115 486 3148 24.
510 3115 570 3146 via:
585 3116 687 3155 Lagg.
715 3116 749 3146 et
773 3114 874 3153 dett.,
900 3115 1040 3146 Servius
1058 3113 1102 3145 ad
1119 3116 1204 3145 Aen.
1223 3113 1262 3143 V.
1284 3113 1362 3143 1173:
1390 3122 1458 3145 om.
1479 3115 1521 3152 R3
1547 3124 1613 3145 non
1629 3114 1689 3153 G3,
1717 3116 1755 3146 ut
1770 3115 1809 3146 V.
1828 3114 1859 3155 S,
1878 3114 1952 3146 472.
1975 3131 2010 3136 -

254 3168 307 3199 25.
333 3166 481 3207 Erifilem
503 3166 545 3197 Gt
568 3165 606 3203 2;
632 3165 833 3205 Eriphylem,
858 3173 999 3196 acorem
1021 3163 1217 3203 Amphiarai
1240 3162 1302 3193 Ld.
1330 3163 1378 3194 (js.
1397 3163 1463 3195 Jul.
1483 3165 1659 3196 Severian.
1684 3172 1718 3204 p.
1738 3163 1811 3196 344.
1833 3182 1869 3186 —-
1887 3164 1940 3195 28.
1965 3163 2014 3194 lue

256 3216 379 3247 bidines
401 3216 438 3247 R.
460 3231 494 3236 -—
515 3214 567 3245 30.
593 3216 705 3244 castra
720 3214 795 3252 jam
818 3216 965 3245 moverat
989 3214 1113 3253 Lagg.;
1138 3213 1207 3243 iam
1229 3221 1257 3243 c.
1282 3216 1429 3244 moverat
1451 3214 1487 3245 O.
1510 3232 1544 3236 —
1564 3214 1616 3245 34.
1643 3213 1676 3244 in
1694 3222 1792 3252 prov.
1816 3213 1909 3244 illum
1925 3213 1950 3244 R
1966 3212 2011 3244 E:

255 3265 348 3296 illum
370 3265 404 3295 in
424 3273 520 3304 prov.
547 3264 606 3303 (22,
633 3263 693 3302 Ld,
721 3263 805 3296 dett.
832 3266 876 3303 03
902 3265 1000 3296 istum
1024 3265 1058 3295 in
1075 3272 1172 3304 prov.
1192 3264 1251 3295 Gt.
1273 3281 1307 3286 —
1326 3264 1492 3303 eascoqitae
1515 3265 1541 3296 R
1557 3264 1582 3296 E
1601 3264 1642 3295 Gl
1664 3263 1697 3304 2,
1722 3263 1829 3305 Lg29:
1856 3262 2015 3303 excogitet

259 3312 327 3353 Ld;
352 3313 553 3356 eaecoyicavit
575 3312 659 3346 dett.
685 3313 722 3345 Ο.
