2143 3713
684 263 779 304 CAP.
810 263 993 304 x-xr.
1031 261 1104 315 §S-
1135 259 1329 301 211—225.
1802 251 1882 293 683

157 378 356 418 talaribus
378 377 546 423 tunicis,
575 375 678 416 velis
708 375 902 422 amictos,
931 388 1015 414 non
1045 373 1174 427 togis3
1204 385 1378 426 quorum
1400 372 1532 412 omnis
1554 369 1756 410 industria
1775 368 1883 407 vitae

155 446 194 480 et
224 439 418 492 vigilandi
450 439 564 478 labor
593 437 634 476 in
664 436 919 476 antelucanis
950 437 1063 475 cenis
1093 434 1360 488 expromitur,
1419 432 1484 472 ⁶23.
1523 434 1569 472 In
1599 433 1662 471 his
1691 429 1883 484 gregibus

154 515 296 541 omnes
326 501 550 545 aleatores,
589 511 731 538 omnes
760 497 956 544 adulteri,
996 510 1139 536 omnes
1169 497 1319 549 impuri
1347 495 1626 548 impudicique
1655 495 1882 532 versantur.

154 561 206 601 Hi
236 562 353 614 pueri
384 566 465 601 tam
495 559 622 612 lepidi
652 572 699 598 ac
729 559 893 598 delicati
924 572 1007 598 non
1037 559 1172 598 solum
1212 570 1348 597 amare
1378 562 1418 596 et
1446 556 1594 602 amari,
1638 567 1775 606 neque
1804 551 1884 592 sal-

153 630 237 663 tare
268 629 309 664 et
338 628 522 669 cantare,
567 620 640 660 sed
671 621 792 660 etiam
823 621 929 660 sicas
959 620 1119 660 vibrare
1149 623 1190 659 et
1218 631 1409 671 spargere
1439 630 1598 657 venena
1628 616 1914 656 didicerunt:5

153 685 224 737 qui
257 685 336 724 nisi
368 688 542 729 exeunt,
574 683 651 722 nisi
682 687 883 735 pereunt,
915 683 1035 722 etiam
1066 682 1099 721 si
1132 681 1306 721 Catilina
1335 679 1527 733 perierit,
1558 678 1703 718 scitote
1732 677 1812 716 hoc
1842 676 1883 743 in

150 759 194 785 re
225 747 390 799 publica
429 744 695 784 seminarium
739 744 1006 783 Catilinarum
1042 743 1238 782 futurum.
1301 742 1454 782 Verum
1493 746 1630 781 tamen
1668 739 1768 792 quid
1809 737 1885 777 sibi

151 807 217 847 isti
252 808 390 848 miseri
419 806 586 846 volunt?
629 820 726 845 num
757 819 850 846 suas
880 819 1018 845 secum
1048 804 1310 845 mulierculas
1340 809 1436 844 sunt
1464 803 1507 842 in
1537 808 1671 842 castra
1699 799 1885 840 ducturi?

154 883 277 922 quem
308 869 358 908 ad
388 868 556 907 modum
587 873 724 907 autem
754 868 836 907 illis
866 881 1004 907 carere
1035 872 1249 920 poterunt,
1282 867 1347 906 his
1378 865 1618 920 praesertim
1648 864 1728 904 iam
1759 861 1887 930 nocti-

151 931 256 970 bus?
296 943 378 983 quo
420 934 558 969 autem
594 934 715 982 pacto
757 930 816 969 illi
854 929 1147 982 Appenninum
1185 934 1309 982 atque
1350 928 1442 967 illas
1479 926 1649 980 pruinas
1688 938 1734 964 ac
1771 935 1935 990 nivesio

150 992 384 1045 perferent?
415 991 495 1031 nisi
526 991 680 1030 idcirco
711 1004 754 1031 se
784 991 945 1031 facilius
975 990 1152 1030 hiemem
1184 991 1428 1030 toleraturos
1458 993 1624 1042 putant,
1655 985 1765 1041 quod
1786 984 1887 1025 nudl

150 1054 191 1093 in
221 1053 423 1094 conviviis
453 1052 602 1093 saltare
632 1052 876 1092 didicerunt.

260 1116 329 1154 xl.
378 1112 444 1154 ⁶24.
496 1114 530 1154 O
571 1114 724 1155 bellum
765 1128 912 1167 magno
951 1128 1077 1168 opere
1120 1113 1516 1168 pertimescendum,
1561 1126 1653 1153 cum
1691 1110 1797 1150 hanc
1836 1107 1890 1147 sit

148 1177 363 1218 habiturus
396 1176 570 1216 Catilina
599 1181 829 1216 scortorum
860 1176 1069 1216 cohortem
1099 1177 1370 1229 praetoriam!
1414 1174 1607 1216 Instruite
1628 1186 1756 1219 nunc,
1787 1170 1888 1219 Qui-

148 1240 268 1287 rites,
300 1243 441 1279 contra
468 1238 543 1278 has
574 1244 656 1277 tam
689 1238 917 1290 praeclaras
940 1238 1139 1278 Catilinae
1169 1239 1309 1291 copias
1331 1243 1466 1278 vestra
1486 1236 1691 1291 praesidia
1710 1238 1935 1274 vestros-15

148 1315 229 1355 que
274 1300 500 1345 exercitus3
546 1304 587 1339 et
622 1299 800 1352 primum
840 1299 1056 1351 gladiatori
1098 1299 1158 1338 illi
1199 1300 1386 1340 confecto
1429 1305 1470 1340 et
1513 1298 1656 1339 saucio
1694 1294 1886 1337 consules

146 1365 500 1417 imperatoresque
529 1366 689 1401 vestros
720 1361 941 1414 opponite3
972 1361 1124 1401 deinde
1155 1367 1297 1401 contra
1325 1362 1438 1401 illam
1469 1361 1758 1412 naufragorum
1779 1357 1886 1397 eiec-

144 1429 225 1464 tam
256 1436 303 1464 ac
333 1422 587 1463 debilitatam
619 1436 783 1462 manum
814 1424 957 1463 florem
988 1423 1116 1463 totius
1145 1424 1286 1463 ltaliae
1323 1438 1370 1464 ac
1410 1424 1537 1463 robur
1566 1421 1740 1462 educite.
1800 1419 1884 1458 Iam

145 1499 241 1526 vero
270 1485 393 1526 urbes
424 1484 678 1525 coloniarum
717 1497 764 1524 ac
794 1484 1115 1538 municipiorum
1144 1485 1456 1538 respondebunt
1486 1484 1686 1526 Catilinae
1718 1480 1884 1522 tumulis

144 1546 416 1587 silvestribus.
483 1547 625 1599 Neque
666 1559 741 1599 ego
780 1551 938 1586 ceteras
983 1547 1142 1600 copias,
1189 1553 1449 1594 ornamenta,
1498 1545 1705 1601 praesidia
1749 1548 1932 1585 vestrano

146 1622 237 1648 cum
268 1608 381 1648 illius
419 1608 592 1648 latronis
631 1607 772 1660 inopia
809 1613 933 1661 atque
972 1614 1154 1661 egestate
1191 1610 1375 1650 conferre
1413 1609 1558 1650 debeo.
1624 1607 1689 1648 25.
1729 1606 1809 1647 Sed
1848 1606 1882 1645 si

146 1670 308 1710 omissis
337 1670 402 1709 his
432 1670 576 1717 rebus,
608 1670 759 1723 quibus
780 1683 856 1709 nos
877 1671 1209 1724 suppeditamur,
1241 1676 1332 1724 eget
1351 1672 1441 1719 ille,
1473 1677 1641 1718 senatu,
1673 1669 1883 1724 equitibus

145 1731 362 1778 Romanis,
395 1728 596 1785 [populo,]
628 1731 751 1778 urbe,
783 1732 962 1780 aerario,
993 1733 1283 1787 vectigalibus,
1315 1738 1462 1774 cuncta
1490 1733 1628 1780 ltalia,
1659 1731 1882 1787 provinciis

229 1929 258 1960 4.
285 1928 446 1960 talaribus
467 1928 583 1959 tunicis
606 1927 755 1959 abisw
779 1929 836 1969 Lg.
863 1929 915 1961 50.
944 1929 983 1961 65
1013 1938 1093 1962 cum
1117 1931 1226 1962 Nonio
1261 1926 1377 1970 (seda
1400 1931 1547 1963 alaribus
1577 1932 1656 1973 post
1678 1931 1737 1972 et):
1774 1932 1882 1963 lolalis

140 1979 258 2010 tunicis
280 1979 338 2018 Lg.
365 1978 424 2016 463
451 1978 610 2009 talaribus
633 1987 673 2009 ac
695 1978 780 2009 tritis
804 1976 869 2017 (vel
893 1978 1024 2018 auritis)
1048 1980 1166 2012 tunicis
1188 1981 1282 2012 BVz
1307 1982 1364 2021 Lg.
1391 1981 1443 2013 21.
1469 1981 1508 2013 57
1533 1982 1568 2012 et
1590 1982 1633 2013 L:
1659 1981 1744 2013 tritis
1765 1982 1882 2012 tunicis

141 2029 165 2060 C
180 2037 198 2060 e
213 2030 320 2059 rtux
344 2028 401 2068 Lg.
420 2026 473 2060 46.
491 2027 548 2065 533
574 2028 658 2058 tritis
681 2027 840 2059 talaribus
862 2028 944 2067 (om.
962 2028 1044 2068 lun.)
1070 2028 1115 2060 dl
1140 2029 1223 2070 (rell.
1250 2031 1350 2071 Lagg.
1379 2030 1479 2062 lectio
1503 2031 1703 2072 ignoratur).
1724 2049 1758 2052 —
1779 2031 1882 2062 omnis

140 2086 210 2110 om.
234 2087 273 2109 W.
304 2095 338 2100 —-
362 2078 432 2108 vita
455 2085 473 2108 a
489 2086 543 2118 cp
567 2078 624 2117 Lg.
652 2076 704 2108 65.
732 2094 766 2098 —
793 2077 823 2107 Ξ.
848 2078 935 2109 cenis
957 2078 1041 2109 mei:
1078 2080 1183 2110 coenis
1206 2079 1321 2120 vulgo.
1348 2097 1382 2102 —
1409 2082 1616 2121 expromitur
1645 2079 1879 2119 aheilstw,

141 2128 197 2167 Lg.
224 2127 254 2158 3.
280 2127 311 2157 6.
338 2126 368 2158 8.
394 2126 452 2158 24:
479 2126 677 2165 exprimitur
699 2126 742 2163 R,
769 2126 872 2157 etiam
896 2135 930 2166 p.
959 2143 995 2149 —
1022 2127 1052 2158 3.
1079 2128 1239 2161 aleatores
1261 2139 1369 2162 omnes
1392 2131 1435 2169 Β,
1466 2132 1523 2171 Lg.
1550 2131 1580 2162 3.
1606 2131 1641 2163 6:
1678 2139 1786 2162 omnes
1809 2139 1877 2162 om.

140 2185 193 2217 ap
221 2177 330 2216 (aleal.
356 2185 479 2213 omnes,
506 2176 660 2214 adulteri,
694 2176 815 2214 impuri
838 2175 879 2214 z.)
906 2192 940 2197 —-
967 2175 998 2207 4.
1024 2177 1068 2207 lu'i
1092 2177 1194 2217 diw:
1226 2179 1276 2210 hic
1299 2178 1356 2210 lu.
1384 2197 1418 2201 —
1443 2183 1473 2211 el
1495 2180 1586 2212 delio.
1613 2190 1662 2212 cz
1684 2181 1742 2219 Lg.
1769 2181 1806 2215 ῖς
1833 2183 1881 2211 al-

141 2235 201 2265 que
225 2226 286 2257 del.
314 2236 348 2263 z;
375 2229 443 2257 tam
466 2225 557 2270 clelic.
584 2226 640 2265 La.
668 2224 719 2257 43.
745 2225 797 2256 53.
825 2224 877 2255 65.
897 2225 1022 2266 -—non]
1046 2227 1101 2266 qut
1123 2237 1187 2260 non
1211 2229 1234 2260 B
1250 2230 1451 2269 Vqtuxz,
1476 2230 1495 2261 5
1519 2229 1574 2261 alii
1597 2231 1698 2270 Lagg.
1716 2246 1750 2252 -
1767 2239 1883 2261 amare

144 2275 199 2307 vel
225 2276 352 2307 amaris
375 2284 402 2306 s.
425 2293 458 2298 —
478 2275 601 2306 saltare
624 2278 652 2306 et
674 2278 810 2306 cantare
833 2275 857 2305 B
871 2275 973 2315 aciq
987 2285 1124 2315 swzg‚
1160 2279 1218 2318 Lg.
1244 2278 1296 2309 50.
1322 2279 1362 2309 57
1393 2278 1467 2318 (sed
1490 2287 1507 2310 z
1529 2279 1660 2318 salere):
1696 2282 1832 2311 cantare
1854 2282 1883 2310 cl

140 2326 256 2357 sallere
280 2327 358 2364 (non
379 2324 528 2364 psallere)
555 2327 585 2362 t;
609 2328 747 2357 cantare
769 2327 798 2355 el
816 2323 958 2362 psallere
981 2325 1009 2355 V
1032 2326 1090 2366 Lg.
1117 2327 1168 2358 46.
1195 2327 1253 2364 433
1279 2330 1415 2359 cantare
1437 2330 1467 2358 et
1488 2327 1610 2359 saltare
1633 2329 1657 2360 R
1671 2329 1713 2361 L:
1742 2329 1883 2368 psallere

136 2379 166 2407 el
189 2376 312 2406 saltare
334 2375 359 2406 O
383 2384 425 2406 ex
449 2376 563 2406 Garat.
589 2375 676 2406 coni.
706 2392 739 2396 —
766 2375 797 2405 5.
823 2374 908 2404 sicas
930 2382 998 2406 om.
1026 2376 1060 2406 d.
1088 2393 1123 2399 -
1150 2377 1180 2408 6.
1207 2376 1278 2417 nisi]
1303 2377 1366 2408 nisi
1387 2377 1466 2408 mihi
1489 2378 1547 2417 Lg.
1573 2379 1625 2410 50.
1647 2397 1681 2401 —
1706 2389 1739 2410 n.
1764 2383 1882 2410 eaeeant

136 2435 168 2456 n.
191 2427 329 2464 pereant
353 2424 440 2464 deg
465 2425 509 2463 (ni
533 2424 577 2464 q).
606 2442 641 2446 —-
667 2424 725 2455 hoc
748 2431 817 2454 om.
843 2423 890 2459 V3
916 2423 977 2454 hac
1001 2433 1031 2456 e.
1059 2442 1094 2447 —
1121 2427 1152 2458 7.
1179 2427 1397 2458 Catilinarum
1421 2426 1597 2459 ahlsux
1622 2429 1680 2468 Lg.
1705 2429 1745 2460 53
1771 2429 1877 2460 Oxon.

135 2479 188 2514 ψ.
214 2475 234 2506 2
258 2475 365 2511 Parin,
392 2474 573 2505 parcensis
598 2472 673 2513 (sed
697 2473 730 2503 in
754 2481 776 2502 u
801 2471 811 2501 i
834 2478 910 2511 sup.
937 2471 1028 2512 lin.):
1056 2475 1277 2508 Catilinanum
1300 2478 1312 2508 t
1336 2478 1440 2516 (errat
1462 2476 1563 2509 Orell.
1589 2479 1621 2509 in
1640 2478 1694 2510 ed.
1713 2487 1744 2510 a.
1765 2478 1876 2517 4836);

136 2524 367 2556 catilinarium
390 2523 465 2554 ΒΟ.
495 2538 529 2544 -
557 2526 664 2553 lamen
688 2529 757 2553 om.
783 2521 822 2550 V.
851 2536 885 2540 —-
911 2521 942 2553 8.
968 2525 1078 2555 miseri
1100 2529 1130 2556 et
1151 2526 1293 2566 infelices
1314 2527 1426 2558 volunt
1449 2536 1477 2558 z.
1505 2544 1539 2548 —-
1565 2527 1654 2568 num]
1679 2529 1756 2559 dum
1778 2537 1812 2560 u.
1840 2545 1875 2550 —

133 2582 241 2605 secum
262 2581 339 2604 suas
362 2571 401 2609 d;
434 2580 540 2604 secum
562 2580 631 2603 om.
658 2571 692 2604 b.
722 2589 756 2593 —-
784 2573 814 2604 9.
847 2573 955 2603 aulem
979 2581 1048 2606 om.
1074 2574 1206 2616 leq.
1234 2594 1268 2598 —
1295 2576 1368 2617 illis]
1393 2576 1454 2608 hiis
1476 2576 1511 2608 d.
1540 2595 1573 2598 —
1600 2578 1667 2608 iam
1690 2587 1759 2610 om.
1785 2587 1812 2609 r.
1841 2596 1874 2601 -

135 2624 186 2655 lo.
214 2632 277 2662 quo
299 2631 376 2663 erqo
396 2626 495 2662 pacto
519 2632 546 2654 s.
576 2641 610 2645 —
635 2622 684 2653 illi
707 2631 775 2654 om.
802 2623 842 2657 d:
875 2626 968 2657 illum
991 2626 1015 2657 C
1040 2625 1098 2664 Lg.
1124 2624 1177 2657 46.
1203 2626 1255 2657 53.
1284 2644 1318 2649 -
1345 2627 1566 2666 appenninum
1596 2627 1665 2658 mei
1688 2630 1827 2669 praeter
1853 2630 1875 2667 t,

133 2674 167 2705 in
191 2682 260 2713 quo
285 2674 338 2705 est
360 2672 576 2712 appennium:
601 2671 806 2711 Apenninum
827 2674 852 2705 L
867 2675 893 2706 O
917 2676 951 2706 et
973 2674 995 2705 h
1020 2683 1110 2706 corr.
1137 2676 1195 2715 (Ex
1219 2677 1321 2717 Lagg.
1347 2677 1391 2708 de
1415 2677 1583 2718 scriptura
1605 2686 1681 2709 voc.
1700 2677 1780 2709 nihil
1794 2677 1877 2710 alla-

133 2724 207 2754 tum
233 2722 312 2763 est.)
332 2740 365 2745 —
382 2722 532 2762 pruinas]
558 2721 690 2753 brumas
714 2730 753 2762 p3
776 2723 907 2761 pluvias
930 2724 987 2761 Lg.
1005 2724 1057 2755 50.
1083 2725 1136 2755 57.
1162 2726 1211 2758 Cf.
1237 2735 1287 2757 or.
1314 2735 1346 2767 p.
1372 2727 1482 2758 Sestio
1506 2726 1537 2767 g.
1564 2726 1615 2758 4⁶3.
1637 2744 1671 2750 -
1691 2727 1742 2758 Μ.
1760 2727 1877 2758 iccirco

134 2781 161 2803 S.
190 2789 223 2793 —
249 2772 316 2811 fac.
341 2772 476 2804 hiemem
497 2782 529 2804 se
553 2773 597 2809 C;
634 2781 665 2804 se
686 2773 819 2805 hiemem
847 2775 912 2814 fac.
938 2775 996 2814 Lg.
1023 2774 1080 2812 433
1116 2775 1251 2808 hiemem
1272 2785 1305 2807 se
1329 2776 1408 2815 (om.
1433 2776 1512 2817 fae.)
1542 2777 1601 2816 Lg.
1627 2775 1680 2808 46.
1708 2793 1742 2799 —
1767 2780 1878 2817 putent

133 2821 167 2852 b.
189 2839 222 2843 —
244 2822 294 2853 ⁴2.
319 2822 354 2853 in
376 2831 469 2853 conv.
495 2822 576 2854 nudi
599 2822 626 2853 V
650 2823 684 2853 et
707 2823 764 2862 Lg.
791 2824 842 2854 46.
861 2823 912 2855 43.
935 2842 969 2847 —
989 2825 1168 2857 didicerant
1191 2834 1218 2856 r.
1239 2843 1274 2847 —
1294 2825 1345 2856 43.
1370 2834 1492 2866 mayno
1515 2834 1610 2865 opere
1633 2834 1651 2856 a
1666 2835 1715 2857 xz
1739 2827 1795 2866 Lg.
1816 2826 1874 2857 46:

131 2880 327 2912 mayrzopew
357 2872 394 2902 R.
423 2889 458 2893 -
489 2871 573 2903 hanc
611 2880 680 2903 om.
711 2881 787 2903 ms.
825 2889 859 2895 ·—
896 2872 949 2906 ¹14.
980 2877 1199 2906 scortatorum
1225 2874 1295 2905 coh.
1326 2873 1431 2908 VLl;
1467 2875 1536 2906 coh.
1567 2879 1749 2907 scortorum
1776 2876 1810 2907 d.
1839 2894 1872 2897 -

133 2921 289 2952 instituite
314 2929 389 2953 uw.
417 2938 452 2943 -—
480 2921 532 2953 45.
558 2924 735 2960 contraque
764 2922 822 2952 has
846 2922 911 2954 Cr.
940 2940 974 2944 —
1007 2927 1128 2955 vestros
1150 2925 1174 2955 B
1204 2924 1263 2963 Lg.
1291 2924 1343 2955 50.
1368 2924 1420 2955 57.
1449 2942 1484 2946 -
1511 2924 1563 2955 46.
1594 2924 1642 2956 illi
1668 2926 1756 2966 yla-d.
1781 2935 1809 2958 r.
1834 2945 1876 2949 —

131 2970 292 3002 consulem
314 2970 359 3007 B;
385 2970 508 3001 consuli
530 2971 551 3002 i.
580 2989 615 2994 -
642 2972 694 3003 47.
719 2972 932 3011 imperatores
955 2980 972 3004 a
997 2974 1031 3004 et
1054 2974 1112 3013 Lg.
1139 2974 1169 3005 2.
1195 2972 1247 3005 24.
1273 2972 1325 3005 43.
1353 2991 1389 2995 —
1415 2973 1507 3005 illam
1528 2982 1597 3005 om.
1625 2976 1648 3006 C
1673 2976 1731 3016 Lg.
1757 2975 1809 3008 46.
1837 2994 1872 2999 —

133 3020 183 3051 1¹9.
216 3018 320 3060 urbes]
353 3027 446 3050 arces
473 3019 626 3052 malebat
656 3021 825 3053 Garatoni.
854 3039 888 3044 -
921 3026 1018 3062 alque
1040 3024 1076 3054 B.
1100 3041 1132 3046 —
1160 3024 1404 3063 mancipiorum
1426 3033 1454 3055 r.
1481 3041 1514 3045 —
1542 3023 1635 3055 Catil.
1660 3026 1809 3064 respond.
1835 3034 1871 3063 c;

133 3069 291 3101 Catilinae
313 3077 384 3100 om.
411 3077 438 3100 s.
467 3087 500 3091 —
528 3070 580 3102 ⁶20.
606 3071 677 3103 silv.
704 3072 835 3103 tumulis
857 3080 904 3103 w:
940 3072 1077 3102 cumulis
1098 3071 1170 3103 silv.
1195 3071 1229 3103 d.
1257 3089 1292 3094 —
1318 3072 1386 3113 eqo]
1410 3073 1496 3105 enim
1518 3083 1557 3113 ς;
1593 3082 1670 3105 vero
1692 3074 1806 3106 VLO.
1836 3093 1870 3098 —

132 3118 252 3158 copias]
276 3127 348 3157 cop.
371 3121 496 3149 vestras
518 3118 552 3150 d.
581 3137 615 3142 —
640 3124 749 3152 vestra
767 3130 877 3160 praes.
901 3121 928 3151 V
943 3129 981 3161 q:
1016 3129 1124 3160 praes.
1150 3125 1264 3152 nostra
1287 3130 1340 3153 m:
1377 3126 1484 3154 vestra
1507 3131 1575 3154 om.
1603 3123 1635 3154 d.
1663 3140 1697 3145 —
1723 3125 1776 3155 Ἡ.
1801 3133 1874 3156 cum

130 3167 194 3198 illis
215 3167 351 3199 latronis
372 3177 413 3199 u:
439 3176 466 3199 c.
492 3169 555 3200 illis
577 3169 756 3202 latronibus
778 3173 801 3202 t.
829 3188 863 3192 —
890 3171 984 3202 debeo
1006 3171 1153 3211 conferre
1175 3171 1200 3203 B
1214 3171 1275 3212 Vq
1289 3172 1312 3203 L
1326 3172 1363 3203 Ο.
1392 3191 1426 3195 —
1452 3174 1480 3204 si
1503 3182 1572 3205 om.
1598 3181 1640 3210 u3
1665 3172 1750 3203 enim
1772 3172 1805 3204 d.
1835 3192 1869 3197 —

131 3216 183 3247 ⁶22.
207 3215 301 3248 rebus
322 3215 465 3255 abisg
494 3218 553 3258 Lg.
578 3219 630 3250 50.
656 3220 714 3258 57,
744 3218 876 3257 Schol.,
909 3221 1098 3252 Arusianus
1122 3229 1155 3261 p.
1181 3221 1261 3252 264:
1292 3221 1386 3253 rebus
1408 3222 1555 3254 omnibus
1576 3222 1687 3254 RLO.
1708 3240 1743 3246 —-
1760 3231 1873 3263 suppe-

132 3266 271 3297 dilamus
293 3267 302 3297 i
326 3267 360 3298 et
381 3267 440 3306 Lg.
467 3266 526 3305 46.
553 3269 596 3305 Ο;
621 3271 857 3310 suppeditemus
879 3278 919 3306 u;
952 3269 1227 3309 suppeditabimus
1249 3271 1292 3303 B:
1325 3270 1464 3303 firmant
1486 3273 1733 3312 suppeditantur
1756 3274 1870 3305 Schol.

132 3317 167 3347 et
188 3316 287 3347 AruS.
316 3333 349 3338 —
375 3316 427 3348 ille
448 3320 518 3357 eqet
539 3317 572 3350 d.
601 3336 633 3340 —-
661 3320 776 3358 equilis
799 3320 826 3357 i;
858 3320 963 3360 equile
984 3319 1049 3351 hs.
1077 3337 1110 3341 —
1137 3319 1189 3351 ⁰23.
1214 3321 1368 3353 Romanis
1386 3322 1518 3363 populo]
1545 3323 1593 3354 .R.
1618 3323 1650 3353 P.
1677 3321 1719 3361 h3
1750 3325 1870 3363 populo

131 3365 274 3397 Romano
297 3374 363 3403 ez;
388 3367 541 3399 Romanis
562 3377 632 3401 om.
658 3369 717 3410 Lg.
741 3369 799 3407 53;
825 3370 862 3401 R.
890 3371 970 3409 (oin.
991 3370 1123 3416 populo)
1146 3370 1282 3405 flans:
1308 3371 1399 3403 Ham.
1427 3372 1507 3412 (om.
1519 3373 1651 3414 populo)
1678 3375 1706 3413 i,
1732 3374 1789 3416 Lg.
1807 3374 1860 3407 50.
