2143 3713
269 179 350 222 642
757 181 825 221 DE
856 180 994 221 LEGE
1024 179 1255 222 AGRARIA
1284 182 1439 223 LIBER
1468 182 1518 221 ΙΙ.

267 293 415 334 hausto
445 291 604 332 aerario
633 291 748 331 nullo
779 297 899 345 pacto
930 296 1088 344 potest3
1120 306 1256 346 neque
1285 308 1381 334 vero
1413 294 1483 333 illa
1512 293 1730 347 popularia
1751 301 1847 335 sunt
1866 297 2008 337 existi-

267 355 438 402 manda,
469 353 714 394 iudiciorum
744 354 1097 407 perturbationes,
1128 368 1265 394 rerum
1294 356 1567 395 iudicatarum
1596 355 1914 405 infirmationes,
1945 372 2008 398 re—

267 417 423 456 stitutio
462 415 774 463 damnatorum,
819 416 889 469 qui
929 415 1137 455 civitatum
1173 413 1416 456 afflictarum
1459 416 1627 470 perditis
1662 417 1743 457 iam
1776 417 1898 457 rebus
1938 433 2009 459 ex-

266 479 385 518 tremi
417 477 637 518 exitiorum
676 478 813 517 solent
851 491 942 517 esse
984 477 1141 524 exitus3
1186 491 1261 516 nec
1301 479 1334 518 si
1377 479 1447 532 qui
1480 492 1597 531 agros
1629 479 1785 531 populo
1823 481 2007 521 Romano

235 540 536 593 5pollicentur‚
568 539 641 579 sed
673 539 786 579 aliud
814 539 1009 592 quiddam
1044 539 1218 578 obscure
1254 540 1501 588 moliuntur,
1532 541 1646 580 aliud
1684 555 1756 594 spe
1793 555 1840 582 ac
1875 544 2009 596 specie

266 601 539 642 simulationis
570 606 799 648 ostentant,
830 601 1051 654 populares
1093 601 1354 641 existimandi
1395 609 1503 643 sunt.
1570 604 1619 642 V.
1657 604 1783 650 Nam,
1822 617 1918 644 vere
1949 605 2011 643 di-

266 677 380 714 cam,
411 663 616 711 Quirites,
647 676 776 715 genus
811 664 946 716 ipsum
979 663 1081 715 legis
1111 663 1294 715 agrariae
1324 665 1558 717 vituperare
1589 678 1673 704 non
1702 679 1887 718 possum.
1930 666 2011 706 Ve-

265 727 327 767 nit
365 726 475 766 enim
504 726 603 765 mihi
634 726 676 764 in
707 730 907 772 mentem,
948 725 1052 764 duos
1087 725 1358 773 clarissimos,
1400 727 1777 779 ingeniosissimos,
1817 728 2011 767 amantis-

266 789 393 829 simos
437 788 571 841 plebis
615 788 823 826 Romanae
867 788 1000 834 viros,
1046 787 1254 827 Tiberium
1298 793 1337 827 et
1382 788 1526 828 Gaium
1571 788 1799 837 Gracchos,
1847 789 2010 842 plebem

218 851 309 890 ioin
347 851 454 904 agris
494 849 670 903 puhlicis
709 849 995 896 constituisse,
1037 849 1108 902 qui
1149 850 1235 901 agri
1273 862 1296 889 a
1326 850 1496 902 privatis
1528 856 1648 890 antea
1676 851 2010 904 possidebantur.

265 914 359 953 Non
398 926 489 953 sum
525 916 663 951 autem
704 924 779 963 ego
821 911 855 950 is
895 911 1060 957 consul,
1106 910 1200 963 qui,
1242 915 1287 950 ut
1316 911 1524 966 plerique,
1569 912 1685 953 nefas
1719 927 1809 954 esse
1840 914 2012 953 arbitrer

267 974 473 1015 Gracchos
504 973 695 1020 laudare,
727 986 905 1026 quorum
934 972 1140 1019 consiliis,
1173 974 1396 1025 sapientia,
1426 974 1585 1026 legibus
1608 975 1755 1015 multas
1778 989 1869 1015 esse
1890 974 2010 1015 video

266 1037 326 1076 rei
363 1035 555 1089 publicae
595 1040 734 1087 partes
777 1034 1037 1074 constitutas.
1106 1031 1171 1074 lll.
1201 1035 1367 1088 Itaque,
1407 1042 1451 1076 ut
1491 1037 1607 1077 initio
1652 1038 1751 1077 mihi
1793 1038 2009 1091 designato

266 1098 428 1139 consuli
467 1097 733 1138 nuntiabatur
768 1096 902 1149 legem
942 1097 1141 1149 agrariam
1172 1097 1359 1137 tribunos
1397 1098 1531 1151 plebis
1563 1099 1798 1151 designatos
1830 1100 2011 1141 conscri-

217 1161 385 1209 where,
417 1160 655 1213 cupiebam,
686 1158 786 1212 quid
809 1159 1049 1211 cogitarent,
1080 1171 1342 1211 cognoscere.
1373 1160 1531 1200 Etenim
1553 1161 1791 1208 arbitrabar,
1814 1162 2010 1215 quoniam

267 1224 414 1263 eodem
454 1235 563 1262 anno
601 1221 771 1274 gerendi
808 1220 926 1260 nobis
968 1225 1105 1260 essent
1135 1220 1419 1273 magistratus,
1465 1235 1555 1262 esse
1595 1223 1775 1276 aliquam
1818 1228 2010 1277 oportere

265 1287 374 1327 inter
402 1299 478 1326 nos
508 1285 569 1325 rei
607 1283 797 1338 publicae
834 1283 939 1322 bene
970 1282 1320 1323 administrandae
1352 1283 1604 1324 societatem.
1665 1282 1730 1325 42.
1763 1286 1864 1326 Cum
1892 1285 2011 1326 sami-

264 1349 421 1390 liariter
450 1362 515 1388 me
546 1347 590 1386 in
620 1359 764 1386 eorum
795 1357 1027 1385 sermonem
1057 1345 1309 1384 insinuarem
1332 1359 1378 1385 ac
1406 1346 1565 1394 darem,
1597 1347 1783 1395 celabar,
1816 1348 2012 1388 exclude-

264 1413 340 1453 har
379 1417 420 1452 et
457 1424 552 1451 cum
592 1408 872 1454 ostenderem,
918 1407 952 1446 si
988 1407 1057 1446 lex
1097 1407 1207 1447 utilis
1250 1408 1360 1460 plebi
1400 1408 1607 1449 Romanae
1648 1409 1749 1449 mihi
1781 1411 2011 1458 videretur,

216 1482 252 1512 20
265 1479 476 1515 auctorem
506 1485 571 1512 me
601 1476 726 1523 atque
758 1469 990 1509 adiutorem
1019 1469 1226 1516 futurum,
1258 1475 1395 1509 tamen
1417 1471 1745 1522 aspernabantur
1773 1472 1879 1512 hanc
1909 1473 2011 1512 libe-

264 1539 471 1578 ralitatem
502 1548 657 1575 meam:
697 1532 905 1585 negabant
934 1545 998 1571 me
1029 1531 1178 1571 adduci
1224 1545 1344 1584 posse
1390 1537 1435 1571 ut
1471 1532 1596 1572 ullam
1627 1533 1888 1586 largitionem
1917 1547 2012 1587 pro-

264 1601 418 1640 barem.
476 1598 620 1638 Finem
648 1595 729 1635 feci
760 1593 960 1633 offerendi
992 1594 1094 1641 mei,
1134 1606 1185 1631 ne
1224 1593 1329 1631 forte
1360 1606 1451 1632 mea
1481 1594 1681 1634 sedulitas
1712 1600 1783 1635 aut
1812 1596 2011 1636 insidiosa

265 1668 337 1703 aut
374 1661 594 1715 impudens
634 1657 857 1698 videretur.
916 1656 1078 1695 Interea
1116 1668 1201 1694 non
1233 1655 1488 1694 desistebant
1517 1656 1621 1695 clam
1654 1656 1760 1696 inter
1790 1671 1833 1697 se
1864 1671 2011 1698 conve-

264 1725 377 1772 nire,
416 1723 601 1777 privatos
643 1718 848 1773 quosdam
884 1717 1102 1764 adhibere,
1143 1717 1194 1756 ad
1226 1730 1323 1756 suos
1355 1723 1498 1757 coetus
1530 1718 1716 1758 occultos
1746 1724 1909 1759 noctem
1939 1720 2011 1760 ad-

214 1787 437 1839 25iungere
483 1789 524 1824 et
560 1781 840 1823 solitudinem.
900 1779 1062 1827 Quibus
1105 1780 1228 1819 rebus
1269 1784 1425 1832 quanto
1466 1780 1508 1819 in
1550 1785 1662 1820 metu
1691 1780 1913 1830 fuerimus,
1959 1796 2010 1822 ex

263 1853 403 1888 vestra
440 1844 744 1891 sollicitudine,
784 1843 826 1882 in
857 1856 940 1894 qua
976 1842 1057 1881 illis
1088 1841 1343 1894 temporibus
1373 1840 1531 1889 fuistis,
1568 1841 1688 1882 facile
1718 1844 1883 1897 assequi
1914 1858 2011 1884 con-

262 1910 421 1950 iectura
449 1906 652 1961 poteritis.
702 1902 766 1944 1³13.
800 1906 949 1944 Ineunt
980 1903 1143 1944 tandem
1183 1903 1443 1956 magistratus
1484 1904 1636 1944 tribuni
1671 1905 1829 1958 plebis:
1870 1907 2008 1947 contio

264 1975 529 2025 exspectatur
569 1971 612 2009 P.
651 1967 783 2015 Rulli,
829 1965 943 2020 quod
983 1971 1023 2006 et
1066 1966 1259 2019 princeps
1296 1970 1384 2005 erat
1422 1967 1607 2018 agrariae
1646 1967 1749 2019 legis
1791 1972 1832 2008 et
1874 1974 2011 2010 trucu-

262 2034 417 2074 lentius
456 2046 500 2073 se
538 2031 706 2085 gerebat
742 2042 864 2083 quam
898 2029 1035 2068 ceteri.
1095 2029 1180 2067 lam
1211 2028 1448 2080 designatus
1488 2028 1569 2068 alio
1607 2029 1745 2076 vultu,
1785 2030 1867 2070 alio
1898 2032 2010 2072 vocis

214 2107 250 2136 30
264 2109 392 2143 sono,
423 2095 504 2135 alio
535 2094 702 2134 incessu
733 2104 823 2130 esse
854 2090 1149 2137 meditabatur,
1181 2090 1333 2130 vestitu
1360 2089 1629 2138 obsoletiore,
1661 2104 1833 2144 corpore
1854 2092 2010 2133 inculto

264 2163 305 2198 et
333 2156 527 2204 horrido,
559 2153 791 2208 capillatior
822 2166 946 2206 quam
977 2157 1071 2192 ante
1091 2151 1302 2204 barbaque
1324 2152 1502 2200 maiore,
1533 2157 1578 2192 ut
1599 2153 1730 2192 oculis
1752 2158 1791 2193 et
1811 2154 2011 2208 adspectu

263 2219 509 2261 denuntiare
551 2217 742 2257 omnibus
782 2216 862 2255 vim
904 2214 1165 2254 tribuniciam
1198 2219 1237 2253 et
1268 2214 1446 2253 minitari
1479 2215 1537 2254 rei
1569 2215 1758 2268 publicae
1790 2217 2010 2258 videretur.

263 2284 416 2336 Legem
445 2279 626 2322 hominis
658 2277 981 2330 contionemque
1012 2276 1316 2328 exspectabam.
1361 2276 1449 2315 Lex
1470 2276 1588 2315 initio
1609 2276 1721 2316 nulla
1746 2280 2010 2331 proponitur:

264 2345 502 2385 contionem
531 2342 576 2381 in
605 2340 748 2393 primis
780 2338 974 2378 advocari
1004 2338 1144 2377 iubet:
1185 2350 1343 2377 summa
1373 2350 1464 2377 cnm
1497 2338 1808 2390 exspectatione
1839 2353 2012 2381 concur-

213 2407 382 2447 351-itur.
429 2403 622 2458 Explicat
652 2401 882 2442 orationem
912 2414 1011 2440 sane
1042 2401 1208 2452 longam
1230 2404 1270 2439 et
1290 2400 1426 2440 verbis
1449 2399 1569 2440 valde
1590 2401 1723 2441 bonis.
1756 2401 1890 2442 Unum
1912 2407 2010 2450 erat,

263 2467 377 2522 quod
407 2466 510 2506 mihi
540 2465 735 2505 vitiosum
765 2463 1003 2510 videbatur,
1044 2462 1156 2516 quod
1195 2466 1307 2501 tanta
1338 2475 1389 2501 ex
1418 2461 1655 2515 frequentia
1683 2463 1860 2503 inveniri
1888 2477 2009 2504 nemo

262 2529 422 2583 potuit,
454 2528 528 2581 qui
555 2526 789 2579 intelligere
821 2529 981 2578 posset,
1024 2523 1125 2577 quid
1156 2523 1324 2565 diceret.
1382 2524 1470 2564 IIoc
1500 2524 1569 2563 ille
1598 2529 1736 2564 utrum
1766 2524 2011 2567 insidiarum

351 2745 382 2779 4.
408 2753 465 2777 nec
488 2743 513 2775 E
529 2743 550 2775 F
565 2745 588 2775 P
602 2742 626 2775 T
638 2742 683 2774 A:
710 2749 812 2781 noque
828 2749 909 2772 cum
926 2740 981 2772 ed.
998 2739 1120 2772 Aldina
1137 2742 1160 2772 1.
1174 2739 1193 2773 Q
1207 2742 1243 2773 Ο.
1263 2759 1297 2762 --
1323 2742 1353 2772 5.
1379 2740 1433 2772 sed
1458 2740 1548 2771 aliud
1564 2742 1784 2774 Gar-atomus:
1809 2742 1864 2774 sed
1878 2742 1905 2774 si
1921 2742 2011 2774 aliud

264 2796 289 2830 Ε
304 2799 325 2830 F
339 2799 380 2835 P;
406 2796 432 2827 si
455 2794 547 2826 aliud
570 2788 716 2824 ALQO.
745 2808 778 2812 —
807 2790 973 2831 quiddam]
1000 2791 1127 2829 quidem
1150 2791 1174 2821 Ε
1190 2791 1210 2821 F
1224 2791 1260 2822 Α.
1297 2789 1501 2821 Emendavit
1524 2791 1713 2829 Naugerius
1738 2792 1771 2822 in
1795 2791 1850 2823 ed.
1875 2791 2007 2824 Aldina.

268 2865 303 2870 -.
329 2847 360 2877 9.
383 2844 485 2885 plebei
507 2843 589 2878 TA3
620 2841 706 2881 plebi
737 2840 762 2872 E
779 2841 846 2871 FP.
887 2858 921 2862 —
951 2840 1110 2877 tyberiam
1133 2841 1157 2871 Ε
1172 2840 1193 2871 F
1207 2842 1248 2874 A:
1288 2840 1332 2870 Τί.
1365 2838 1472 2870 ΙΛέΟ.
1508 2857 1541 2861 -
1577 2849 1713 2879 ¹qraccos
1736 2842 1757 2872 F
1770 2842 1807 2873 A.
1835 2859 1872 2864 —
1896 2842 2011 2883 qaium

266 2896 291 2927 Ε
307 2896 346 2927 F:
374 2896 407 2927 C.
433 2895 460 2926 A
474 2891 530 2925 1.ss
545 2893 581 2924 Ο.
603 2908 638 2913 -
665 2891 716 2922 Μ.
736 2890 921 2921 arbitraret·
943 2890 967 2920 E
983 2890 1051 2921 FT.
1075 2908 1107 2911 -u
1136 2890 1186 2921 4¹2.
1206 2890 1325 2921 multas
1347 2888 1405 2919 sibi
1427 2888 1519 2919 utiles
1541 2898 1604 2920 csse
1626 2890 1717 2921 video
1734 2891 1767 2921 F.
1788 2908 1822 2913 -
1848 2891 1900 2923 43.
1918 2892 2008 2931 Reip.

260 2946 370 2985 partis
391 2946 437 2983 A;
462 2953 492 2975 r.
514 2952 549 2983 p.
571 2941 697 2982 partim
722 2942 763 2979 1'3
796 2949 825 2971 r.
847 2949 883 2980 p.
905 2940 1030 2979 parlim
1052 2939 1144 2970 utiles
1166 2939 1207 2975 1³3
1234 2948 1262 2969 r.
1285 2948 1319 2977 p.
1344 2947 1467 2977 parum
1492 2938 1679 2979 (superser.
1703 2939 1805 2980 utiles)
1830 2940 1865 2971 E.
1894 2957 1928 2962 —
1956 2941 2007 2971 45.

265 2994 353 3036 quid]
379 2993 435 3032 qui
458 2993 493 3024 F.
521 3009 555 3013 —
583 2990 749 3031 quoniam]
774 2998 874 3029 quum
896 2990 932 3021 T.
961 3007 995 3010 »-
1034 2989 1085 3019 47.
1111 2988 1293 3019 societatem
1317 2987 1365 3019 rei
1386 2996 1419 3027 p.
1443 2987 1519 3019 bene
1547 2988 1826 3021 administrandae
1856 2991 1897 3028 P;
1935 2989 2011 3021 benc

267 3043 552 3076 administrandae
579 3041 662 3080 reip.
690 3040 873 3071 societatem
903 3040 940 3070 L.
973 3038 1180 3079 (amministr.
1206 3037 1230 3068 E
1247 3037 1292 3076 F.)
1319 3054 1352 3058 -
1381 3038 1432 3068 118.
1458 3037 1626 3070 insinuare
1648 3041 1854 3078 temptarem,
1879 3039 2010 3071 celabar

266 3094 528 3128 Mommsenius.
556 3109 590 3115 -
618 3092 670 3123 Q.
694 3090 808 3130 ullam]
833 3090 924 3121 illam
947 3090 1022 3120 PG.
1049 3105 1084 3109 —
1115 3087 1167 3118 25.
1194 3086 1597 3125 ᾳαὶὺαε--εοίῐὶοὶιααῐηθ
1619 3096 1688 3119 om.
1714 3088 1749 3119 F.
1777 3104 1811 3110 —
1839 3088 1954 3126 quibus
1974 3089 2009 3119 in

266 3144 361 3176 rebus
379 3144 513 3176 EPTG
525 3142 564 3174 A.
590 3139 796 3173 Emendavit
818 3139 1008 3179 Naugerius
1031 3138 1065 3169 in
1083 3136 1137 3168 ed.
1155 3135 1286 3167 Aldina.
1308 3154 1341 3158 —
1368 3136 1420 3167 ⁶27.
1439 3137 1549 3168 concio
1571 3136 1773 3168 Lambinus:
1799 3138 1909 3169 concio
1932 3140 2009 3169 tan-

269 3194 339 3225 dem
362 3193 387 3224 E
402 3193 422 3223 F
436 3192 498 3224 PA
512 3192 550 3223 Ο.
571 3208 605 3212 -
632 3190 684 3222 28.
709 3193 918 3229 exspectatur
933 3187 1153 3220 Gulielmius:
1179 3188 1366 3225 eaespectata
1381 3187 1499 3217 ceteri.
1521 3205 1556 3209 —
1580 3186 1632 3219 29.
1653 3187 1759 3218 ceteri.
1783 3187 1871 3218 Nam
1886 3187 1954 3218 iam
1969 3187 2005 3218 L.

272 3259 306 3264 —
333 3242 384 3273 30.
402 3241 611 3273 obsolentiore
632 3240 656 3271 E
670 3240 710 3277 F;
736 3239 927 3271 obsolentior
948 3240 987 3271 A.
1005 3254 1039 3260 —
1066 3237 1118 3269 36.
1141 3236 1291 3268 viciosum
1311 3244 1381 3268 om.
1400 3236 1442 3276 E,
1468 3236 1531 3270 sed
1554 3236 1698 3277 margini
1720 3236 1932 3279 adscriptum
1955 3236 2008 3269 est

265 3291 417 3323 vitiosum
437 3299 513 3325 csse.
541 3308 576 3313 —
602 3290 656 3322 37.
678 3290 733 3323 ille
755 3297 825 3322 om.
850 3289 887 3322 E.
