2143 3713
718 567 770 624 M.
809 567 990 624 'l‘lssttll
1031 564 1332 623 CICERONIS

460 723 580 778 ΙΝ
676 724 744 777 l..
822 720 1589 780 CATILINAM

772 866 987 902 ORATlO
1023 864 1287 901 SECUNDA

896 1002 941 1029 Au
967 1001 1151 1035 ouuu’ffis.

270 1328 300 1366 Ι.
332 1324 368 1366 ll.
401 1324 587 1365 Tandem
619 1325 862 1378 aliquando,
895 1326 1099 1373 Quirites,
1135 1326 1179 1365 L.
1212 1325 1451 1373 Catilinam,
1481 1325 1685 1365 furentem
1716 1325 1899 1371 audacia,

159 1389 291 1428 scelus
321 1387 607 1434 anhelantem,
649 1393 805 1440 pestem
837 1388 991 1440 patriae
1022 1388 1177 1427 nefarie
1208 1387 1466 1435 molientem,
1504 1388 1620 1428 vobis
1651 1393 1776 1440 atque
1806 1388 1901 1427 huic

157 1451 246 1490 urbi
283 1450 391 1490 ferro
434 1451 680 1502 flammaque
720 1449 999 1497 minitantem,
1042 1464 1092 1489 ex
1132 1450 1234 1489 urbe
1265 1449 1329 1488 vel
1362 1450 1562 1489 eiecimus
1592 1450 1658 1490 vel
1690 1450 1901 1489 emisimus

157 1512 222 1553 vel
260 1512 396 1564 ipsum
440 1511 719 1565 egredientem
763 1511 898 1551 vcrhis
939 1513 1145 1564 prosecuti
1189 1526 1343 1551 sumuS.
1401 1512 1513 1551 Abiit
1543 1512 1741 1559 excessit,
1773 1511 1900 1551 evasit

158 1573 306 1627 erupit.
363 1574 485 1613 Nulla
529 1574 609 1613 iam
655 1575 861 1626 pernicies
904 1587 925 1613 a
965 1579 1149 1613 monstro
1188 1574 1257 1613 illo
1297 1580 1421 1626 atque
1462 1574 1653 1626 prodigio
1683 1574 1931 1613 moenibus5

158 1636 258 1688 ipsis
288 1636 396 1676 intra
426 1636 590 1676 moenia
621 1636 936 1688 comparabitur.
986 1638 1120 1689 Atque
1153 1635 1261 1675 hunc
1293 1635 1461 1688 quidem
1492 1649 1620 1675 unum
1649 1637 1774 1675 huius
1804 1635 1901 1674 belli

158 1697 374 1737 domestici
404 1698 551 1737 ducem
581 1698 668 1737 sine
707 1698 989 1737 controversia
1019 1698 1205 1737 vicimus.
1263 1699 1355 1737 Non
1387 1697 1496 1737 enim
1527 1698 1607 1737 iam
1638 1699 1746 1738 inter
1775 1698 1903 1737 latera

158 1763 301 1798 nostra
337 1759 422 1800 sica
461 1759 531 1799 illa
562 1759 810 1807 versabitur3
855 1773 939 1799 nou
969 1761 1011 1799 in
1043 1773 1206 1812 campo,
1247 1773 1331 1798 non
1362 1760 1405 1798 in
1434 1759 1546 1807 soro,
1588 1773 1672 1799 non
1703 1760 1745 1799 in
1777 1760 1903 1805 curia,

158 1834 241 1860 non
273 1821 454 1874 denique
485 1822 592 1861 intra
624 1821 876 1861 domesticos
907 1823 1085 1874 parietes
1116 1822 1468 1875 pertimescemus.
1528 1823 1636 1862 Loco
1666 1823 1736 1862 ille
1767 1828 1903 1862 motus

158 1889 240 1930 est,
273 1897 363 1922 cum
395 1889 457 1922 est
486 1897 538 1923 ex
567 1884 668 1923 urbe
701 1884 912 1936 depulsus.
952 1884 1090 1923 Palam
1121 1885 1202 1923 iam
1233 1898 1325 1924 cum
1355 1885 1474 1924 hoste
1504 1884 1618 1924 nullo
1650 1885 1953 1938 impedientem

158 1946 313 1985 bellum
346 1942 532 1998 [iustum]
567 1959 769 1998 geremus.
822 1946 918 1985 Sine
950 1945 1075 1985 dubio
1096 1945 1352 1999 perdidimus
1372 1946 1583 1986 hominem
1604 1947 1904 2000 magnificeque

158 2008 353 2055 vicimus,
385 2021 477 2047 cum
507 2007 625 2047 illum
657 2022 709 2047 ex
740 2007 912 2047 occultis
952 2008 1113 2048 insidiis
1146 2009 1188 2047 in
1218 2013 1406 2061 apertum
1437 2008 1697 2049 latrocinium
1727 2008 1906 2048 conieci-

158 2084 262 2111 mus.
320 2068 358 2111 2.
392 2069 513 2118 Quod
544 2083 643 2110 vero
675 2083 760 2109 non
791 2075 1007 2109 cruentum
1038 2084 1301 2118 mucronem,
1332 2076 1378 2110 ut
1405 2071 1558 2118 voluit,
1592 2071 1762 2118 extulit,
1794 2070 1905 2124 quod

158 2133 264 2173 vivis
300 2132 420 2173 nobis
459 2144 648 2184 egressus
681 2137 760 2179 est,
804 2132 917 2185 quod
951 2133 988 2172 ei
1024 2131 1178 2172 ferrum
1209 2146 1230 2172 e
1262 2132 1451 2172 manibus
1483 2133 1754 2180 extorsimus,
1794 2131 1906 2186 quod

158 2195 387 2235 incolumes
429 2193 559 2241 cives,
604 2194 715 2248 quod
756 2199 932 2234 stantem
971 2195 1115 2234 urbem
1154 2194 1346 2248 reliquit,
1393 2201 1545 2248 quanto
1584 2194 1750 2235 tandem
1789 2194 1905 2233 illum
1921 2201 1956 2229 ⁴5

160 2269 346 2296 maerore
377 2269 468 2297 esse
498 2256 695 2297 afflictum
727 2262 767 2296 et
791 2257 1053 2310 profligatum
1075 2257 1256 2310 putatis?
1303 2257 1414 2297 Iacet
1440 2257 1511 2297 ille
1531 2270 1643 2297 nunc
1663 2262 1907 2310 prostratus,

247 2431 278 2462 4.
304 2416 484 2469 αὶῆηαηάο
508 2437 576 2460 om.
598 2430 628 2465 ις
654 2428 793 2460 firmant
810 2429 930 2460 Festus
955 2438 988 2470 p.
1008 2429 1081 2461 360.
1102 2429 1157 2460 ed.
1176 2428 1302 2467 Muell.‚
1329 2430 1474 2468 Nonius,
1501 2430 1707 2461 Priscianus.
1730 2448 1764 2452 —
1790 2430 1908 2460 lucium

160 2488 199 2517 03
225 2480 262 2511 L.
288 2488 357 2512 om.
383 2480 447 2512 Vd.
477 2497 511 2501 —
538 2479 568 2509 3.
593 2479 681 2519 ferro
703 2481 904 2519 flammaque
926 2488 966 2517 a,
994 2481 1052 2519 Lg.
1079 2481 1136 2518 50,
1163 2479 1240 2510 cod.
1268 2478 1548 2511 Gemblacensis:
1573 2480 1700 2519 ferrum
1721 2481 1911 2520 flammam-

160 2537 220 2568 que
243 2530 358 2561 RLO.
389 2529 437 2561 Cf.
464 2528 621 2568 Madvigii
645 2528 772 2569 Opusc.
799 2529 823 2559 1.
849 2537 883 2569 p.
903 2528 975 2560 488.
1005 2547 1038 2550 —
1064 2529 1269 2560 mittilantem
1291 2529 1411 2569 ghor
1437 2538 1477 2560 ex
1502 2530 1607 2561 meis:
1633 2530 1811 2560 minantem
1836 2527 1907 2559 rell.

160 2578 229 2609 mei
253 2579 287 2610 et
309 2579 329 2610 5
353 2579 454 2618 Lagg.
475 2578 559 2609 dett.
582 2596 616 2599 —
643 2577 673 2608 li.
699 2577 814 2617 verbis]
837 2577 916 2610 urbe
938 2579 1012 2619 Vq.
1035 2596 1067 2601 —
1096 2578 1176 2610 abiit
1198 2578 1347 2610 abscessit
1369 2579 1522 2610 Isidorus
1548 2580 1660 2618 Origg.
1680 2579 1703 2609 1.
1731 2579 1783 2614 35,
1805 2577 1854 2608 46.
1875 2595 1907 2599 —-

159 2628 265 2668 empit
287 2629 388 2660 evasit
412 2627 548 2668 Quintil.
576 2628 629 2658 IX.
657 2628 692 2664 3,
720 2627 770 2658 sifi.
797 2628 911 2667 (evasit
934 2628 1040 2667 erupit
1062 2628 1155 2668 isid.)
1189 2647 1223 2652 —-
1255 2629 1285 2660 5.
1312 2629 1419 2668 alque]
1450 2628 1499 2660 rel
1529 2628 1562 2659 d.
1592 2645 1625 2649 —-
1654 2627 1685 2658 6.
1711 2628 1846 2657 interr.
1876 2644 1909 2647 m

158 2677 288 2709 moenia
317 2686 386 2710 om.
412 2686 446 2709 u.
476 2696 510 2700 ——
548 2680 763 2716 comparatur
793 2686 824 2708 a.
854 2695 887 2699 ——
920 2686 1022 2707 unum
1045 2686 1114 2708 om.
1141 2686 1171 2709 e.
1201 2695 1236 2700 —
1272 2677 1343 2708 belli
1373 2678 1485 2708 ducem
1509 2678 1592 2708 dom.
1620 2675 1676 2707 dl.
1704 2693 1740 2698 —
1774 2676 1804 2706 7.
1829 2675 1911 2705 enim

161 2734 231 2757 om.
257 2727 321 2766 ot,
357 2727 415 2766 Lg.
440 2726 493 2758 53.
523 2744 557 2747 —
589 2727 680 2757 intra
703 2734 736 2757 m
752 2734 827 2766 pw.
866 2743 898 2747 —
936 2726 966 2757 8.
991 2736 1055 2757 non
1080 2735 1152 2757 cam
1175 2727 1209 2758 in
1232 2735 1348 2766 campo
1373 2728 1407 2758 L.
1436 2744 1470 2748 —
1506 2726 1536 2757 9.
1561 2727 1646 2757 inter
1668 2725 1767 2757 BVd
1784 2734 1846 2765 qz.
1877 2741 1910 2745 -—

157 2775 439 2814 perhorrescemus
461 2776 483 2808 b
499 2785 546 2808 cs
571 2775 652 2814 soli,
679 2775 773 2815 quod
798 2776 1021 2807 commendat
1044 2776 1253 2808 Niebuhrius
1278 2776 1321 2807 ad
1347 2777 1453 2807 Oratt.
1477 2776 1599 2816 fragm.
1627 2784 1659 2816 p.
1686 2774 1738 2806 80.
1767 2791 1801 2795 -
1828 2774 1915 2804 loeus

160 2825 214 2856 ille
237 2826 268 2862 t;
293 2825 361 2857 loco
383 2826 440 2857 illo
464 2826 497 2857 d.
525 2844 560 2848 —
590 2829 717 2857 amotus
742 2835 775 2857 r:
813 2829 978 2864 permotus
1002 2826 1021 2857 i.
1049 2827 1164 2865 (molus
1186 2827 1309 2857 Donat.
1335 2826 1379 2856 ad
1403 2827 1478 2856 Ter.
1505 2825 1643 2856 Phorm.
1670 2823 1756 2864 prol.
1782 2824 1848 2862 33.)
1877 2841 1910 2844 —

161 2875 213 2905 40.
239 2883 314 2906 cum
336 2883 379 2906 ex
399 2884 433 2906 u.
459 2879 504 2907 est
526 2877 676 2915 depulsus
700 2876 745 2912 Ἣ
771 2884 844 2905 cum
866 2884 908 2906 cx
931 2883 963 2905 u.
989 2878 1033 2906 est
1056 2876 1209 2914 eaepulsus
1231 2874 1253 2906 b
1269 2876 1354 2912 cis;
1381 2883 1454 2905 cum
1477 2883 1519 2906 ex
1540 2883 1574 2904 u.
1596 2874 1709 2913 pulsus
1732 2877 1775 2904 est
1799 2882 1844 2903 w:
1870 2876 1914 2903 est

162 2931 231 2955 om.
258 2932 286 2955 r.
314 2924 512 2965 (Arusianus
535 2934 569 2965 p.
595 2925 668 2957 248.
695 2933 769 2956 cum
791 2924 868 2955 haec
893 2923 968 2965 [pro
992 2923 1046 2964 est]
1071 2933 1113 2956 ea)
1135 2934 1169 2956 u.
1195 2925 1277 2964 clep.)
1310 2941 1344 2945 —
1383 2933 1458 2955 cum
1481 2932 1549 2955 om.
1576 2932 1610 2954 u.
1645 2940 1679 2945 —
1718 2924 1768 2954 li.
1796 2923 1913 2952 iustum

162 2972 278 3004 bellum
302 2973 346 3010 C;
373 2974 494 3004 iustum
517 2982 586 3006 om.
612 2974 684 3006 hm
698 2983 726 3006 s.
754 2974 802 3005 Cf.
826 2973 904 3005 adn.
931 2974 965 3004 in
989 2973 1044 3005 ed.
1064 2974 1154 3014 Lips.
1183 2992 1217 2996 -—
1244 2975 1387 3015 yet-imus
1410 2974 1431 3005 b
1448 2983 1522 3005 wx.
1544 2992 1578 2996 —-
1603 2973 1774 3014 hominem]
1797 2973 1915 3003 hostem

162 3030 191 3052 z,
218 3039 255 3044 —
279 3023 454 3063 maynifice
476 3023 550 3054 Va.
577 3040 611 3045 —
641 3023 691 3056 44.
719 3024 866 3062 quodque
889 3023 917 3054 ei
941 3023 995 3061 Lg.
1024 3023 1077 3053 σ20.
1103 3024 1155 3054 50.
1182 3024 1234 3054 57.
1257 3040 1289 3046 -
1310 3023 1337 3063 e]
1363 3031 1432 3054 om.
1459 3023 1491 3060 i3
1516 3031 1559 3054 ex
1581 3031 1622 3063 p;
1649 3024 1686 3054 de
1709 3022 1771 3053 LO
1797 3023 1914 3052 contra

163 3070 265 3102 codd.
292 3073 424 3111 (extors.
450 3080 467 3103 e
488 3072 638 3103 manibus
660 3073 713 3112 V.)
734 3090 769 3094 —
796 3073 848 3104 45.
874 3072 965 3103 illum
987 3073 1119 3103 tandem
1140 3081 1174 3110 r;
1201 3074 1330 3103 tande-m
1354 3081 1423 3104 om.
1441 3073 1460 3104 5
1478 3073 1579 3113 Lagg.
1601 3089 1636 3095 -
1661 3079 1810 3102 maerore
1826 3070 1917 3100 illum

164 3126 197 3158 q.
223 3121 383 3159 (moerore
406 3121 447 3161 s.)
476 3137 512 3143 —
539 3121 590 3153 46.
616 3130 680 3154 esse
703 3123 863 3164 afflictum
887 3121 988 3153 codd.
1015 3122 1135 3163 optimi
1159 3123 1193 3152 et
1214 3120 1372 3161 plerique
1398 3129 1478 3152 cum
1501 3122 1669 3153 Arusiano
1692 3128 1726 3160 p.
1744 3120 1832 3151 2⁴5:
1858 3119 1918 3150 ha-

165 3166 250 3199 bent
272 3178 336 3202 esse
358 3173 439 3211 post
462 3171 532 3211 affl.
559 3170 597 3210 d,
623 3172 642 3202 6
667 3172 770 3211 Lagg.
797 3172 895 3210 dett.‚
922 3172 1004 3208 L0·‚
1040 3172 1121 3211 post
1140 3170 1357 3211 profligatum
1380 3170 1425 3207 C3
1451 3178 1516 3201 esse
1540 3178 1610 3201 om.
1636 3170 1694 3209 Lg.
1720 3167 1773 3200 46.
1799 3167 1851 3199 53.
1880 3185 1913 3188 —

164 3221 193 3248 et
211 3222 417 3257 prostratum
441 3230 472 3252 e.
495 3238 530 3242 —
555 3229 642 3252 nunc
665 3221 717 3253 ille
740 3231 775 3260 r,
802 3222 860 3261 Lg.
880 3221 910 3252 9.
929 3220 981 3252 53.
1003 3237 1037 3241 —
1055 3223 1242 3259 prostratus
1265 3219 1416 3260 Quirites]
1443 3219 1535 3259 Quir.
1561 3227 1631 3250 om.
1658 3227 1695 3255 C}
1718 3220 1920 3257 prostratus-

165 3275 227 3305 que
249 3272 294 3300 est
314 3268 459 3311 beiqs
474 3271 624 3302 tuwxz
648 3271 706 3310 Lg.
733 3271 793 3310 653
823 3273 1010 3311 prostratus
1040 3273 1084 3303 esc
1107 3270 1165 3310 Lg.
1190 3270 1249 3307 203
1277 3272 1529 3309 prostratusque
1558 3272 1603 3302 esc
1627 3269 1719 3308 Quir.
1745 3266 1810 3306 dl;
1843 3276 1919 3307 pro-

165 3319 351 3357 stratusque
372 3318 426 3352 ille
448 3322 494 3354 est
516 3328 545 3353 r.

221 3376 337 3413 Cimo
358 3378 393 3412 Τ.
411 3378 448 3415 11.
1540 3356 1543 3359 .
1580 3379 1634 3422 43
