2143 3713
569 235 663 276 οη.
693 234 1037 274 xxw—xxv.
1072 232 1145 286 §§-
1175 231 1367 273 64-70.
1753 231 1824 272 561

205 350 327 395 Nam,
358 353 403 387 ut
431 348 606 400 primum
637 345 890 398 Oppianicus
922 359 972 385 ex
1004 359 1074 391 eo,
1113 344 1223 397 quod
1255 343 1504 383 Scamander
1534 357 1629 384 reus
1660 351 1746 385 erat
1776 344 1834 384 fa-

98 418 207 458 ctus,
239 411 338 464 quid
370 410 446 449 sibi
477 407 755 460 impenderet,
787 407 922 459 coepit
953 407 1174 460 suspicari,
1205 406 1342 445 statim
1373 419 1416 444 se
1438 406 1487 444 ad
1509 406 1689 446 hominis
1711 420 1834 459 egen-

99 474 159 520 tis,
181 474 362 519 audacis,
392 472 432 510 in
456 469 617 509 iudiciis
640 468 951 520 corrumpendis
974 468 1198 514 exercitati,
1221 473 1305 506 tum
1327 472 1462 507 autem
1486 467 1645 515 iudicis,
1678 469 1832 508 Staieni

97 535 413 574 familiaritatem
456 544 498 570 se
536 529 768 581 applicavit.
832 531 888 568 Ac
929 531 1102 583 primum
1142 529 1392 568 Scamandro
1432 542 1503 568 reo
1543 534 1699 568 tantum
1731 529 1835 568 datis

99 595 334 635 muneribus
365 592 612 647 perfecerat,
654 597 698 629 ut
729 604 777 630 eo
808 592 965 631 fautore
997 596 1180 631 uteretur
1209 590 1447 642 cupidiore,
1488 603 1611 643 quam
1641 590 1745 629 fides
1775 592 1867 630 iu-r,

97 657 199 696 (licis
238 656 482 709 postulabat.
541 650 606 691 67.
638 654 735 692 rost
776 660 932 700 autem,
972 668 1062 692 cum
1105 658 1213 692 esset
1244 651 1494 691 Scamander
1524 653 1647 691 unius
1679 652 1834 691 Staieni

97 719 300 757 sententia
329 716 562 760 absolutus,
593 719 790 766 patronus
821 721 957 754 autem
991 714 1228 754 Scamandri
1260 727 1310 752 ne
1342 726 1413 753 sua
1441 713 1608 766 quidem
1631 715 1836 754 sententia

98 781 312 826 liberatus,
349 776 574 817 acrioribus
615 776 737 815 saluti
779 790 877 815 suae
910 776 1102 815 remediis
1134 774 1464 815 subveniendum
1501 776 1672 827 putavit.
1732 776 1837 814 Tum

97 842 146 880 ab
168 841 353 886 Staieno,
384 839 489 877 sicut
519 838 568 877 ab
600 837 764 877 homine
795 839 845 877 ad
877 838 1196 890 excogitandum
1226 837 1487 884 acutissimo,
1518 837 1568 877 ad
1599 837 1836 876 audendum

97 900 473 955 impudentissimo,
505 899 554 939 ad
587 899 848 939 efficiendum
880 900 1079 939 acerrimo
1101 921 1154 928 -—
1175 899 1277 939 haec
1307 900 1415 938 enim
1446 899 1515 939 ille
1547 904 1586 939 et
1616 900 1755 953 aliqua
1786 909 1887 940 exio

98 969 209 1017 parte
238 961 413 1001 habebat
442 966 483 1000 et
512 962 664 1001 maiore
697 974 749 1000 ex
779 967 893 1014 parte
925 976 968 1001 se
999 961 1151 1001 habere
1184 961 1402 1000 simulabat
1431 983 1507 1008 —,
1538 963 1739 1002 auxilium
1772 976 1837 1002 ca-

96 1025 166 1078 piti
198 1036 243 1063 ac
271 1022 448 1062 fortunis
479 1023 564 1062 suis
596 1028 734 1075 petere
767 1023 914 1075 coepit.
974 1023 1103 1062 XXV.
1135 1024 1218 1062 Iam
1252 1023 1330 1062 hoc
1361 1036 1446 1063 non
1476 1024 1698 1076 ignoratis,
1730 1025 1837 1064 iudi-

95 1101 183 1134 ces,
213 1091 258 1125 ut
289 1087 410 1125 etiam
443 1085 598 1124 bestiae
630 1085 735 1123 same
758 1085 938 1123 monitae
965 1085 1210 1139 plerumque
1231 1085 1280 1124 ad
1303 1098 1394 1124 eum
1416 1085 1571 1133 locum,
1603 1087 1672 1126 ubi
1696 1093 1835 1140 pastae

93 1154 189 1188 sunt
219 1147 460 1201 aliquando,
490 1152 760 1186 revertantur.
809 1145 874 1185 68.
899 1148 1090 1187 Staienus
1123 1147 1190 1186 ille
1214 1147 1381 1186 biennio
1403 1152 1522 1195 ante,
1554 1161 1648 1187 cum
1670 1162 1833 1188 causam

92 1211 294 1251 bonorum
327 1210 466 1249 Safinii
499 1209 656 1248 Atellae
688 1210 936 1261 recepisset,
978 1210 1185 1248 sexcentis
1216 1209 1382 1248 milibus
1413 1223 1625 1249 nummum
1657 1225 1700 1250 se
1731 1212 1885 1252 iudi-⁴5

94 1273 202 1312 cium
242 1276 529 1325 corrupturum
568 1284 658 1311 esse
700 1271 873 1311 dixerat.
933 1270 1048 1318 Quae
1079 1284 1170 1309 cum
1210 1271 1436 1324 accepisset
1464 1284 1487 1311 a
1516 1273 1698 1325 pupillo,
1739 1288 1837 1328 sup-

92 1334 243 1386 pressit
285 1333 523 1386 iudicioque
563 1333 671 1372 facto
713 1347 788 1372 nec
827 1330 980 1372 Safinio
1020 1346 1093 1371 nec
1124 1333 1328 1372 bonorum
1359 1334 1611 1386 emptoribus
1642 1336 1835 1377 reddidit.

94 1396 227 1443 Quam
258 1408 349 1434 cum
380 1395 595 1447 pecuniam
625 1394 881 1448 profudisset
912 1400 952 1434 et
989 1394 1067 1433 sibi
1106 1394 1210 1433 nihil
1240 1408 1322 1434 non
1353 1395 1476 1435 modo
1507 1395 1557 1435 ad
1588 1398 1835 1450 cupiditates

93 1470 210 1504 suas,
242 1455 316 1496 sed
347 1469 399 1495 ne
430 1457 481 1496 ad
512 1458 801 1497 necessitatem
835 1457 1004 1509 quidem
1034 1456 1289 1510 reliquisset,
1321 1457 1463 1496 statuit
1482 1458 1533 1498 ad
1556 1459 1722 1499 easdem
1744 1473 1834 1500 esse

93 1519 169 1559 sibi
200 1518 374 1572 praedas
406 1532 452 1558 ac
483 1519 800 1573 suppressiones
830 1519 1044 1558 iudiciales
1066 1518 1367 1559 revertendum.
1406 1519 1550 1574 Itaque
1569 1534 1661 1561 cum
1683 1521 1835 1576 Oppia·
1848 1530 1883 1558 90

92 1583 231 1622 nicum
260 1582 341 1621 iam
370 1581 577 1635 perditum
609 1587 649 1621 et
679 1581 840 1621 duobus
871 1581 1096 1634 iugulatum
1119 1582 1387 1634 praeiudiciis
1407 1582 1587 1630 videret,
1617 1585 1833 1637 promissis

92 1645 176 1685 suis
207 1657 301 1684 eum
333 1644 529 1683 excitavit
559 1644 761 1683 abiectum
793 1649 833 1683 et
862 1643 984 1683 simul
1016 1644 1137 1684 saluti
1158 1645 1375 1697 desperare
1396 1645 1537 1685 vetuit.
1580 1646 1833 1699 Oppianicus

91 1712 228 1747 autem
259 1719 376 1746 orare
406 1705 617 1745 hominem
650 1706 810 1757 coepit,
857 1711 901 1745 ut
942 1705 1017 1745 sibi
1054 1707 1252 1746 rationem
1294 1706 1532 1747 ostenderet
1572 1708 1711 1747 iudicii
1744 1722 1834 1748 cor-

92 1769 321 1821 rumpendi.
379 1766 446 1806 69.
485 1768 558 1807 llle
594 1773 751 1814 autem,
792 1782 915 1821 quem
947 1769 997 1807 ad
1029 1769 1195 1808 modum
1227 1782 1278 1808 ex
1309 1769 1397 1821 ipso
1429 1769 1660 1822 Oppianico
1689 1777 1833 1824 postea

93 1836 153 1870 est
184 1830 391 1877 auditum,
422 1830 587 1882 negavit
619 1843 867 1882 quemquam
899 1844 989 1869 esse
1021 1830 1062 1869 in
1094 1831 1255 1870 civitate
1285 1836 1448 1883 praeter
1477 1845 1541 1879 se,
1573 1832 1643 1885 qui
1674 1833 1714 1872 id
1746 1831 1832 1873 efli-
1845 1842 1881 1870 ‘25

92 1906 184 1931 cere
214 1897 366 1944 posset.
427 1891 506 1931 Sed
536 1892 668 1943 primo
699 1892 857 1943 gravari
888 1892 1043 1944 coepit,
1074 1892 1185 1945 quod
1217 1892 1467 1932 aedilitatem
1499 1907 1543 1933 se
1574 1900 1714 1946 petere
1738 1910 1830 1936 cum

91 1955 328 1994 hominibus
374 1954 643 1993 nobilissimis
690 1960 729 1993 ct
768 1954 964 1994 invidiam
1005 1960 1130 2007 atque
1171 1955 1444 1994 offensionem
1484 1957 1626 1996 timere
1658 1957 1831 1997 dicebat.

91 2017 188 2056 Post
225 2021 418 2056 exoratus
449 2016 568 2055 initio
600 2029 862 2068 permagnam
898 2017 1116 2068 pecuniam
1147 2016 1364 2069 poposcit3
1406 2017 1554 2058 deinde
1586 2018 1636 2059 ad
1667 2020 1708 2059 id
1739 2033 1832 2073 per-

92 2079 224 2125 venit,
268 2078 382 2131 quod
421 2075 565 2118 confici
606 2078 764 2130 potuit:
807 2078 882 2118 HS
916 2084 1110 2118 sexcenta
1142 2079 1414 2132 quadraginta
1444 2080 1559 2120 milia
1593 2080 1744 2121 deferri
1779 2082 1829 2121 ad

92 2154 136 2180 se
167 2141 333 2180 domum
363 2140 494 2180 iussit.
554 2140 668 2188 Quae
699 2141 875 2193 pecunia
905 2141 1027 2180 simul
1057 2146 1180 2194 atque
1211 2141 1262 2180 ad
1294 2154 1387 2181 eum
1418 2142 1553 2182 delata
1584 2148 1665 2190 est,
1704 2143 1829 2183 homo
1844 2152 1879 2180 30

92 2201 396 2254 impurissimus
436 2203 573 2242 statim
613 2203 750 2256 coepit
788 2202 829 2241 in
871 2204 960 2242 eius
992 2203 1101 2243 modi
1131 2209 1269 2244 mente
1301 2209 1342 2243 et
1371 2205 1620 2257 cogitatione
1649 2206 1832 2251 versari:

91 2264 195 2304 nihil
225 2278 315 2304 esse
346 2265 430 2304 suis
460 2264 690 2304 rationibus
722 2264 865 2304 utilius
897 2277 1020 2318 quam
1043 2265 1315 2318 Oppianicum
1347 2266 1639 2307 condemnari:
1669 2269 1741 2309 illo
1762 2269 1833 2309 ab·

93 2326 229 2366 soluto
259 2328 477 2379 pecuniam
508 2327 619 2367 illam
649 2332 718 2366 aut
748 2327 953 2367 iudicibus
975 2327 1296 2380 dispertiendam
1327 2334 1397 2368 aut
1425 2329 1505 2382 ipsi
1536 2344 1626 2371 esse
1656 2332 1833 2372 redden-

92 2388 212 2437 dam,
258 2388 451 2429 damnato
494 2389 765 2442 repetiturum
808 2403 898 2430 esse
943 2390 1164 2430 neminem.
1223 2388 1288 2429 70.
1327 2391 1472 2445 Itaque
1506 2406 1593 2432 rem
1625 2395 1835 2446 excogitat

179 2545 209 2576 4.
235 2543 331 2585 quod]
356 2552 418 2584 quo
442 2543 512 2574 ST.
541 2561 574 2565 -
602 2541 632 2575 4,
657 2552 689 2575 se
711 2544 768 2575 ST
783 2545 803 2575 F
818 2546 861 2575 A:
889 2553 956 2576 om.
976 2545 1044 2576 ML
1062 2543 1081 2577 Q
1096 2546 1132 2577 O.
1154 2563 1188 2567 -
1215 2546 1299 2577 datis
1320 2546 1507 2578 muneribus
1529 2548 1604 2579 ST:
1637 2549 1729 2580 donis
1751 2550 1836 2582 datis

92 2592 341 2632 muneribusque
355 2594 382 2625 R
394 2594 421 2624 A
436 2593 460 2624 L
474 2590 493 2624 53
508 2593 545 2624 Ο.
568 2610 598 2615 -
628 2593 658 2624 5.
679 2593 864 2632 profecerat
882 2595 916 2625 L.
939 2611 972 2615 —
989 2595 1120 2634 fautore
1136 2596 1156 2626 S
1170 2596 1209 2626 T:
1236 2599 1370 2627 auctore
1387 2597 1408 2627 F
1422 2597 1453 2628 M
1468 2599 1490 2628 A
1505 2597 1528 2628 L
1544 2595 1563 2628 2
1578 2598 1614 2629 O.
1635 2615 1671 2620 —
1699 2599 1728 2630 6.
1746 2600 1834 2642 esset]

93 2646 165 2674 erat
187 2642 258 2674 ST.
278 2659 312 2664 —
338 2643 369 2674 7.
396 2642 560 2674 absolutus
576 2660 621 2665 —-
638 2644 795 2674 sententia
819 2652 886 2675 om.
906 2644 949 2675 M.
978 2645 1158 2685 (ulnsignis
1182 2645 1270 2677 haec
1294 2648 1346 2677 est
1370 2646 1438 2677 mei
1462 2646 1590 2679 codicis
1614 2646 1733 2679 lectio:
1761 2653 1836 2688 post

94 2695 203 2724 autem
231 2700 305 2724 cum
332 2695 408 2724 esset
436 2693 488 2724 Sc.
513 2693 610 2724 unius
639 2693 784 2731 Staleni,
815 2697 978 2732 patronus
1006 2697 1115 2725 aulem
1138 2695 1190 2726 Sc.
1215 2704 1255 2726 ne
1284 2704 1345 2726 sua
1374 2696 1502 2735 quidem
1531 2699 1687 2728 sententia
1715 2698 1836 2730 libera-

93 2746 166 2774 tus:
203 2750 269 2774 nec
293 2741 412 2773 dubito
436 2743 518 2783 quin
535 2751 615 2774 vera
640 2744 715 2775 sit.»
743 2746 821 2775 (λιιι,
840 2744 883 2782 Q.)
906 2762 939 2766 —
966 2743 995 2774 9.
1022 2744 1063 2775 ab
1087 2745 1162 2775 ST:
1188 2754 1208 2776 a
1233 2742 1419 2777 RALQO.
1441 2764 1476 2768 -—
1504 2747 1554 2777 40.
1582 2746 1633 2778 ille
1655 2755 1697 2778 eas
1720 2748 1835 2786 aliqua

89 2795 187 2832 parte
208 2792 244 2824 T.
266 2808 302 2815 —
327 2792 379 2823 ΛΞ.
405 2801 445 2823 ao
468 2793 543 2824 ST:
575 2796 602 2824 e!
627 2793 650 2824 R
665 2794 727 2824 AL
742 2790 811 2825 2²0.
838 2811 870 2815 —
899 2802 961 2823 non
985 2801 1053 2824 om.
1081 2795 1102 2825 F
1115 2795 1158 2825 M.
1183 2812 1215 2816 —
1243 2795 1293 2826 43.
1319 2799 1355 2825 ut
1377 2796 1474 2826 etiam
1496 2796 1586 2835 serae
1601 2814 1649 2820 —-
1666 2801 1837 2828 revertun-

94 2845 148 2874 tur
171 2842 241 2883 (sic)
265 2841 468 2874 Ammianus
490 2841 707 2875 Marcellinus
730 2843 813 2874 XIV.
838 2843 870 2874 ⁶2.
898 2860 931 2863 —
967 2843 1107 2875 monitae
1130 2845 1204 2883 ST,
1234 2845 1454 2883 Ammianus,
1480 2846 1523 2877 O:
1555 2846 1741 2878 dominante
1772 2847 1795 2878 R
1810 2848 1837 2877 A

95 2890 164 2924 Lss.
199 2891 248 2925 Cf.
275 2893 326 2924 Fr.
353 2892 513 2923 Gronovii
542 2893 574 2924 in
600 2893 743 2924 Statium
767 2894 873 2924 Diatr.
899 2901 932 2933 p.
959 2892 1032 2924 323.
1069 2911 1102 2915 —
1137 2893 1188 2926 ⁴4.
1213 2898 1285 2925 sunt
1309 2895 1486 2934 aliquando
1510 2896 1547 2926 S:
1575 2897 1637 2927 sint
1660 2897 1837 2936 aliquando

95 2941 138 2979 T;
168 2941 344 2981 aliquando
373 2942 435 2973 sint
459 2943 482 2973 R
498 2944 521 2973 A
538 2940 645 2974 Lsso.
671 2942 738 2983 (ubi
762 2943 942 2981 aliquando
961 2946 1079 2981 pastae
1100 2947 1174 2974 sunt
1197 2944 1424 2981 Ammianus.)
1451 2963 1486 2967 —
1511 2945 1595 2985 cum]
1621 2954 1722 2984 quam
1745 2946 1802 2976 ST
1818 2946 1838 2976 F

96 2990 179 3022 MA.
210 2990 260 3023 Cf.
286 2990 316 3031 ἓ.
337 2991 409 3023 481.
430 3008 464 3012 -
492 2991 542 3022 45.
568 2992 671 3032 Safini
694 2992 841 3023 STFM.
872 3009 905 3014 —
932 2993 1090 3023 sea-centis
1105 3010 1153 3017 --
1169 2994 1301 3024 diaeerat
1323 2994 1512 3026 Arusianus
1535 2994 1680 3026 Messius
1703 3003 1736 3035 p.
1764 2994 1838 3026 ⁶219.

99 3038 154 3070 ed.
179 3039 334 3072 Lindem.
364 3058 398 3062 -
426 3040 476 3071 «19.
501 3048 565 3072 esse
588 3041 680 3072 STF
693 3042 779 3073 MA:
806 3049 874 3073 om.
894 3040 913 3074 ξ’
929 3043 965 3079 O,
999 3044 1077 3073 ante
1102 3052 1133 3074 v.
1158 3043 1383 3074 revertendum
1405 3044 1550 3075 inseruit
1573 3044 1608 3074 L.
1636 3061 1670 3065 -
1704 3044 1756 3075 ΞΟ.
1781 3043 1840 3074 sibi

99 3096 168 3119 om.
192 3089 229 3120 T.
257 3106 291 3111 —
319 3090 372 3122 22.
397 3090 464 3121 suis
485 3099 558 3134 etgm
581 3091 654 3122 ST:
691 3099 763 3122 eum
792 3092 857 3122 suis
880 3088 1064 3123 RALQO.
1094 3109 1127 3114 -
1164 3092 1216 3123 ⁶23.
1242 3095 1351 3123 autem
1374 3093 1450 3123 ST:
1487 3101 1557 3124 om.
1589 3090 1773 3124 RALQO.
1801 3110 1836 3115 -

99 3137 151 3168 26.
180 3141 284 3177 posset
305 3147 386 3171 cum
408 3149 477 3172 uno
502 3140 580 3172 cod.
607 3141 790 3173 oxoniensi
815 3142 855 3173 O:
891 3143 991 3182 possit
1012 3143 1077 3174 BA
1091 3142 1114 3173 L
1129 3139 1160 3174 Q.
1182 3159 1216 3164 —
1244 3141 1296 3172 29.
1318 3142 1424 3180 potuit
1446 3142 1466 3173 S
1481 3143 1521 3174 T:
1553 3142 1662 3181 potuit
1684 3145 1713 3172 et
1738 3143 1802 3173 ΒΑ
1816 3143 1839 3173 L

100 3184 121 3218 ἓ
135 3186 172 3218 Ο.
192 3203 226 3208 -
252 3188 306 3219 HS
326 3193 479 3222 sexcenta
493 3191 716 3232 quadrayinta
738 3191 841 3231 milia]
865 3192 919 3223 HS
933 3195 1085 3223 sementa
1107 3191 1332 3231 quadraginta
1348 3192 1428 3231 (om.
1445 3191 1549 3230 milia)
1567 3192 1609 3228 Τ;
1635 3191 1698 3222 HS.
1716 3191 1839 3224 XXXX.

101 3236 181 3275 (om.
206 3240 356 3269 sexcenta
379 3240 413 3271 et
436 3240 538 3279 milia)
569 3241 607 3277 S3
643 3245 793 3273 sexcenta
825 3241 1047 3281 quadrayinta
1071 3241 1161 3272 milia
1186 3241 1265 3279 (om.
1287 3241 1350 3276 HS>
1367 3241 1408 3277 F;
1443 3242 1589 3272 sestertia
1619 3241 1841 3281 quadrayinta

99 3285 193 3367 {tilia
214 3287 267 3368 18έέ
288 3290 433 3322 sestertia
453 3295 606 3324 seoecenca
627 3293 851 3334 quadraginta
872 3291 977 3323 millia
998 3292 1025 3322 A
1039 3287 1078 3328 Q
1115 3290 1294 3322 sestertium
1315 3293 1468 3322 setvcenta
1489 3290 1714 3331 quadrayinta
1736 3291 1842 3325 millia

132 3360 138 3367 .
165 3352 202 3358 —
272 3361 279 3368 .
303 3339 505 3373 reddundum
527 3342 563 3373 T.

157 3395 273 3429 Cicsno
299 3396 331 3430 T.
352 3398 387 3432 Π.
1543 3402 1597 3448 36
