2143 3713
595 238 689 278 CAP.
723 235 1037 278 xw-xvm.
1075 234 1149 288 §§-
1179 232 1372 274 34-37.
1781 221 1852 263 731

130 356 191 397 ut,
232 363 354 404 quem
395 351 530 390 locum
571 349 694 390 semel
736 348 906 389 honoris
946 348 1123 401 cuipiam
1161 346 1342 391 dederit,
1388 344 1566 384 eundem
1608 344 1648 382 in
1688 339 1860 393 reliquis

127 412 354 452 honoribus
384 412 560 451 debeat?
598 411 718 458 Quod
749 413 858 451 enim
881 410 1050 456 fretum,
1082 422 1205 461 quem
1225 407 1422 460 Euripum
1445 410 1506 446 tot
1527 410 1683 451 motus,
1714 407 1860 448 tantas,

129 479 207 512 tam
239 472 371 511 varias
401 473 551 512 habere
583 473 734 525 putatis
776 473 1017 526 agitationes
1057 473 1278 515 tluctuum,
1320 474 1493 521 quantas
1533 464 1861 520 perturbationes

127 540 166 573 et
206 539 382 586 quantos
421 538 557 574 aestus
597 534 721 573 habet
751 536 852 575 ratio
884 534 1171 573 comitiorum?
1236 530 1331 569 Dies
1374 530 1631 569 intermissus
1670 532 1739 566 aut
1778 538 1861 565 nox

129 596 372 648 interposita
403 607 525 647 saepe
556 597 767 647 perturbat
799 595 960 641 omnia,
991 599 1031 633 et
1061 599 1186 634 totam
1219 592 1456 644 opinionem
1489 603 1612 643 parva
1642 602 1723 628 non
1746 596 1895 627 num-5

127 671 249 710 quam
282 661 502 697 commutat
530 669 629 695 aura
659 658 846 697 rumoris.
907 658 1039 708 Saepe
1079 656 1198 695 etiam
1238 656 1326 694 sine
1366 653 1448 692 ulla
1491 657 1631 704 aperta
1670 662 1790 690 causa
1819 648 1865 687 fit

129 719 240 759 aliud
272 724 396 771 atque
427 718 696 763 existimaris,
728 726 873 759 utnon
896 731 1120 771 numquam
1143 719 1196 756 ita
1228 717 1379 756 sactum
1411 728 1501 754 esse
1533 714 1653 752 etiam
1686 709 1865 764 populus

126 782 372 827 admiretur,
413 781 532 834 quasi
573 796 669 821 vero
710 796 791 821 non
831 783 919 835 ipse
949 780 1102 820 fecerit.
1161 778 1226 817 30.
1266 778 1375 817 Nihil
1408 782 1469 816 est
1499 775 1695 815 incertius
1726 772 1863 825 vulgo,

126 844 225 884 nihil
249 843 460 883 obscurius
482 842 690 882 voluntate
715 845 941 889 hominum,
972 842 1073 881 nihil
1094 841 1280 880 fallacius
1302 840 1459 879 ratione
1486 843 1570 878 tota
1592 835 1865 876 comitiorum.

125 906 228 954 Quis
260 906 302 943 L.
333 904 567 957 Philippum
600 919 758 945 summo
789 905 978 958 ingenio,
1010 916 1156 955 opera,
1189 902 1341 954 gratia,
1372 900 1607 945 nobilitate,
1646 911 1667 937 a
1701 898 1753 936 M.
1784 896 1916 935 He-to

124 967 266 1007 rennio
286 966 470 1018 superari
492 979 614 1018 posse
637 967 853 1007 arbitratus
876 969 962 1006 est‘?
993 966 1084 1018 quis
1107 965 1155 1012 Q.
1179 964 1382 1010 Catulum,
1413 961 1682 1007 humanitate,
1704 958 1866 1011 sapien-

125 1030 202 1075 tia,
234 1028 466 1079 integritate
498 1029 833 1074 antecellentem,
864 1042 886 1067 a
919 1028 989 1068 Cn.
1012 1027 1181 1066 Mallio‘.>
1214 1026 1306 1079 quis
1327 1027 1381 1065 M.
1405 1025 1624 1070 Scaurum,
1654 1021 1866 1061 hominem

125 1090 431 1143 gravissimum,
473 1090 603 1130 civem
644 1092 874 1144 egregium,
917 1090 1184 1130 fortissimum
1217 1093 1474 1132 senatorem,
1513 1099 1535 1125 a
1577 1085 1626 1133 Q.
1658 1083 1867 1124 Maximo?

125 1155 211 1193 Non
244 1151 366 1192 modo
396 1152 542 1192 horum
573 1153 675 1193 nihil
706 1155 762 1193 ita
791 1152 879 1192 fore
909 1156 1093 1206 putatum
1125 1156 1206 1197 est,
1248 1150 1320 1189 sed
1351 1163 1403 1189 ne
1434 1162 1527 1188 cum
1568 1151 1679 1187 esset
1715 1145 1867 1185 sactum

125 1215 317 1268 quidem,
359 1227 440 1267 qua
469 1228 512 1254 re
542 1216 595 1255 ita
624 1215 776 1255 factum
810 1220 937 1260 esset,
982 1212 1159 1264 intelligi
1191 1211 1339 1265 potuit.
1398 1212 1498 1250 Nam
1528 1214 1574 1249 ut
1603 1211 1869 1261 tempestates
1884 1215 1919 1245 *15

124 1289 246 1329 saepe
278 1281 388 1316 certo
418 1276 558 1329 aliquo
591 1277 692 1316 caeli
724 1278 840 1329 signo
873 1280 1203 1320 commoventur,
1244 1286 1367 1325 saepe
1404 1271 1629 1325 improviso
1672 1269 1787 1309 nulla
1817 1281 1868 1307 ex

123 1344 233 1377 certa
263 1337 419 1377 ratione
434 1368 443 1383 ,
475 1338 649 1377 obscura
679 1339 819 1391 aliqua
841 1352 893 1378 ex
915 1350 1039 1376 causa
1060 1337 1337 1375 concitantur:
1369 1335 1426 1374 sic
1448 1335 1490 1373 in
1511 1334 1588 1373 hac
1610 1331 1869 1372 comitiorum

123 1404 360 1453 tempestate
389 1399 581 1452 populari
613 1413 735 1452 saepe
768 1400 974 1451 intelligas
1016 1411 1098 1451 quo
1137 1398 1252 1450 signo
1294 1401 1499 1436 commota
1537 1396 1610 1442 sit,
1650 1407 1773 1447 saepe
1814 1393 1870 1432 ita

120 1461 293 1500 obscura
324 1465 406 1507 est,
448 1466 494 1500 ut
523 1474 619 1500 casu
651 1461 829 1501 excitata
860 1474 949 1500 esse
980 1460 1179 1499 videatur.
1240 1459 1389 1498 XVIII.
1424 1456 1490 1497 37.
1523 1458 1604 1498 Sed
1636 1463 1794 1503 tamen,
1836 1455 1868 1495 si

122 1527 183 1561 est
211 1521 421 1562 reddenda
451 1523 580 1569 ratio,
621 1523 726 1562 duae
767 1537 831 1563 res
872 1522 1140 1562 vehementer
1171 1522 1210 1560 in
1243 1525 1437 1574 praetura
1469 1519 1730 1560 desideratae
1761 1523 1918 1565 suut,·.›o

121 1597 227 1637 quae
257 1584 402 1624 ambae
432 1584 474 1623 in
505 1584 721 1624 consulatu
750 1586 947 1625 Murenae
978 1583 1244 1637 profuerunt:
1285 1596 1388 1630 una,
1431 1582 1687 1635 exspectatio
1726 1592 1870 1619 mune-

120 1646 195 1692 ris,
239 1659 346 1698 quae
384 1651 424 1685 et
461 1659 624 1686 rumore
664 1647 866 1686 nonnullo
904 1651 944 1685 et
981 1645 1126 1685 studiis
1165 1645 1511 1698 sermonibusque
1552 1643 1868 1697 competitorum

121 1712 326 1754 creverat3
357 1708 506 1755 altera,
539 1707 648 1762 quod
680 1708 731 1756 ii,
768 1722 873 1761 quos
903 1708 944 1747 in
977 1707 1186 1760 provincia
1216 1720 1261 1746 ac
1292 1706 1499 1760 legatione
1531 1705 1665 1745 omnis
1697 1708 1738 1744 et
1767 1703 1871 1742 libe-

120 1770 290 1810 ralitatis
322 1776 362 1809 et
392 1770 556 1809 virtutis
588 1782 686 1809 suae
718 1775 843 1810 testes
883 1770 1106 1816 habuerat,
1147 1769 1332 1808 nondum
1374 1768 1652 1808 decesserant.
1710 1767 1867 1805 Horum

120 1837 340 1885 utrumque
380 1832 417 1871 ei
456 1832 622 1872 fortuna
660 1832 711 1872 ad
751 1831 987 1872 consulatus
1022 1831 1266 1884 petitionem
1308 1830 1545 1871 reservavit.
1617 1831 1721 1868 Nam
1752 1833 1793 1867 et
1822 1828 1867 1866 L.
1882 1835 1919 1865 25

119 1892 281 1933 Luculli
321 1894 548 1940 exercitus,
591 1895 661 1947 qui
702 1894 752 1934 ad
784 1893 1036 1946 triumphum
1076 1898 1346 1939 convenerat,
1386 1892 1497 1932 idem
1529 1890 1709 1932 comitiis
1740 1889 1868 1929 Lucio

117 1956 313 1994 Murenae
343 1960 507 2008 praesto
537 1955 635 2003 fuit3
676 1962 716 1996 et
754 1969 904 1995 munus
946 1954 1266 2008 amplissimum,
1310 1955 1420 2008 quod
1462 1954 1609 2008 petitio
1653 1957 1868 2007 praeturae

194 2146 222 2176 l.
243 2145 275 2176 in
297 2145 430 2183 reliquis
450 2145 589 2186 scripsi:
616 2146 649 2176 in
669 2154 739 2177 om.
757 2145 860 2177 codd.
877 2146 967 2177 O.—
990 2146 1020 2176 2.
1043 2146 1128 2184 quod
1149 2146 1268 2184 fretum
1284 2162 1331 2167 -—
1348 2153 1436 2175 aura
1454 2144 1597 2176 rumoris
1616 2143 1715 2175 affert
1729 2143 1865 2181 Quintil.

118 2195 200 2226 Vlll.
218 2195 248 2231 6.
263 2194 316 2226 49.
337 2213 379 2216 —
404 2204 497 2234 quem
515 2194 667 2233 Quintil.:
694 2196 780 2233 quod
803 2196 827 2226 E
841 2196 872 2226 M
885 2204 917 2231 ν,
939 2196 958 2225 5
975 2196 1071 2231 Oxx.;
1099 2195 1175 2234 quid
1192 2197 1229 2226 (Ξ,
1251 2197 1317 2233 (aut
1339 2203 1433 2234 Quem
1449 2193 1563 2225 Schol.
1582 2194 1710 2225 Lucani
1727 2194 1766 2225 V.
1781 2194 1868 2232 235.)

119 2262 151 2266 —
168 2245 309 2284 etripum
321 2246 405 2276 G.—
420 2245 450 2276 3.
466 2245 585 2283 putetis
600 2244 654 2276 EC
666 2245 776 2285 ΗΞψς
795 2245 925 2276 credilis
943 2243 1079 2282 Quintil.
1097 2262 1130 2266 —
1147 2243 1372 2283 aqitationesq.
1389 2244 1502 2282 (Ξχψ,
1521 2244 1597 2274 Par.
1613 2241 1691 2274 4.-
1712 2245 1870 2283 fluctuum

118 2295 180 2326 EG
194 2303 229 2325 v:
255 2303 334 2334 quos
354 2296 471 2335 fluctus
492 2295 535 2329 M.
564 2298 639 2333 quot
660 2296 778 2335 fluctus
793 2296 870 2326 Par.
890 2294 920 2326 9.
947 2295 995 2325 Ex
1020 2294 1072 2325 his
1096 2292 1190 2324 lectt.
1210 2293 1355 2325 diversis
1373 2291 1560 2325 verisimile
1585 2292 1622 2323 fit
1645 2291 1773 2332 aliquid
1797 2293 1871 2323 tur-

118 2344 238 2375 batum
257 2351 333 2375 esse
358 2343 390 2374 in
408 2343 509 2375 codd.
529 2342 688 2375 Tullianis
713 2345 747 2375 et
771 2343 847 2375 fort.
866 2352 985 2375 veram
1003 2351 1080 2375 esse
1105 2341 1304 2376 lectionem.
1332 2350 1437 2382 quam
1456 2341 1607 2373 servavit
1624 2340 1867 2379 Quintilianus:

116 2393 312 2433 agitationes
332 2393 598 2423 commutationes
618 2394 746 2433 fluctus.
767 2411 810 2415 —-
833 2392 864 2425 4.
889 2393 1091 2424 intermissus
1114 2391 1215 2423 codd.
1235 2390 1395 2422 Tulliani:
1421 2392 1623 2422 intermissus
1644 2399 1729 2421 unus
1750 2391 1774 2422 L
1788 2391 1813 2422 O
1838 2392 1872 2422 et

117 2440 254 2480 Quintil.
279 2459 322 2463 —
343 2441 374 2472 5.
401 2449 495 2480 saepe
517 2445 546 2472 et
566 2442 737 2480 perturbat
760 2442 862 2473 codd.
890 2441 1027 2480 Quintil.
1056 2459 1089 2462 —
1120 2442 1150 2472 6,
1176 2444 1353 2471 commutat
1375 2442 1406 2472 M
1431 2442 1465 2472 et
1490 2439 1645 2478 Quintil.:
1671 2444 1872 2471 commutata

117 2492 179 2523 EG
194 2500 231 2528 v,
258 2491 276 2521 6
301 2491 432 2523 Oxonn.
450 2510 492 2513 —
516 2492 659 2522 rumoris
682 2491 836 2530 Quintil.:
862 2500 1010 2522 rumores
1033 2492 1096 2522 EG
1111 2500 1150 2527 v,
1178 2491 1196 2521 6
1222 2491 1327 2525 Oxx.;
1355 2499 1487 2522 rumore
1510 2490 1553 2521 M.
1573 2499 1731 2522 ——causa
1755 2495 1872 2531 aperta

116 2550 148 2572 v,
167 2559 208 2563 -—
225 2541 255 2572 7.
280 2541 483 2572 eaeistimarfs
505 2541 592 2579 mei,
620 2542 643 2572 C
661 2542 704 2578 L,
729 2542 809 2580 Lag.
836 2541 866 2573 9.
894 2542 946 2573 40.
972 2542 1025 2572 ⁶20.
1052 2542 1104 2572 25.
1132 2541 1184 2572 ⁵26.
1212 2541 1276 2571 65:
1301 2541 1528 2571 existimamus
1552 2537 1654 2570 codd.
1681 2539 1754 2571 rell.
1782 2542 1816 2572 et
1833 2541 1869 2572 O.

118 2608 158 2612 ⁴-
181 2593 215 2619 ut
239 2598 309 2621 om.
335 2599 359 2627 χ
385 2591 418 2621 et
443 2590 461 2621 6
486 2591 587 2629 Lagg.
614 2608 655 2612 —
679 2590 710 2621 8.
738 2590 829 2629 quasi
849 2590 1019 2630 —-fc›cerit
1044 2598 1113 2621 om.
1140 2591 1184 2621 M.
1218 2608 1261 2612 q
1291 2590 1342 2621 40.
1369 2590 1482 2629 opibus
1506 2598 1546 2620 ex
1572 2589 1756 2621 Hotomani
1781 2591 1870 2622 coni.

119 2639 152 2669 L.
171 2656 214 2660 -—
231 2639 282 2670 Μ.
310 2640 443 2678 quisque
466 2639 490 2670 Ε
506 2639 529 2670 C
546 2639 572 2670 H
588 2639 620 2670 S.
638 2657 680 2661 —
698 2639 748 2669 4⁵2.
768 2638 838 2679 Cn]
863 2648 927 2670 non
944 2641 980 2670 G.
1000 2657 1043 2661 —
1057 2639 1172 2670 Mallio
1196 2639 1220 2670 E
1236 2640 1262 2670 G
1277 2640 1309 2670 M
1323 2640 1346 2670 C
1364 2644 1419 2678 ψ,
1444 2640 1521 2670 Par.
1541 2637 1578 2669 4:
1603 2640 1741 2672 manilio
1765 2641 1824 2678 Τχ
1839 2649 1870 2674 v.

120 2687 240 2718 Manlio
264 2686 334 2725 alii,
361 2689 396 2720 L.
424 2688 474 2720 Cf.
500 2688 771 2719 Steinmetzium.
791 2707 833 2712 —
850 2688 902 2720 43.
927 2697 967 2719 ac
990 2690 1101 2728 quinto
1125 2691 1162 2721 G.
1181 2708 1223 2712 —
1250 2690 1300 2719 45.
1326 2689 1414 2719 Nam
1436 2692 1472 2719 ut
1488 2705 1536 2711 —-
1554 2687 1700 2719 eascitata
1722 2689 1874 2721 videatur

117 2736 217 2767 affert
240 2737 376 2774 Quintil.
401 2738 486 2769 Vlll.
512 2738 550 2775 3,
583 2738 635 2769 80.
669 2756 711 2759 ——
743 2738 795 2768 46.
822 2738 902 2768 caeli
932 2747 1001 2769 om.
1028 2748 1064 2775 χ.
1094 2756 1137 2760 -
1165 2738 1361 2777 improvisae
1391 2737 1521 2778 aliquot
1553 2736 1656 2770 codd.
1691 2738 1804 2775 Quint.
1830 2758 1872 2762 -

117 2785 168 2815 1¹7.
200 2785 327 2816 ratione
356 2787 410 2817 sed
439 2787 577 2818 obscura
606 2796 638 2818 v.
669 2805 712 2809 —
746 2788 952 2818 concitantur
975 2788 1173 2825 GMTxv,
1207 2788 1286 2827 Lag.
1314 2788 1332 2818 9
1363 2789 1398 2818 et
1422 2788 1441 2818 5
1472 2786 1543 2824 alii,
1579 2787 1680 2820 codd.
1713 2787 1868 2825 Quintil.:

115 2834 303 2865 excitantur
325 2835 350 2866 E
364 2836 399 2866 L.
418 2854 459 2858 —
475 2837 520 2867 sic
542 2837 620 2868 haec
643 2846 723 2867 corn.
752 2840 920 2876 tempestas
938 2837 1112 2876 popularis
1136 2837 1210 2868 sine
1230 2844 1334 2868 causa
1355 2837 1444 2868 coni.
1464 2836 1585 2868 Lamb.
1604 2856 1647 2859 —
1664 2837 1716 2868 49.
1735 2837 1873 2868 obscura

115 2884 194 2914 inest
218 2885 258 2919 G:
291 2884 360 2915 eius
382 2885 640 2918 obscura'causa
665 2889 708 2917 est
732 2887 821 2917 coni.
849 2885 969 2917 Lamb.
994 2905 1037 2908 —
1059 2890 1095 2918 ut
1117 2887 1184 2918 sine
1207 2895 1310 2917 causa
1333 2887 1443 2917 excita
1464 2887 1616 2918 videatur
1640 2885 1744 2918 codd.
1769 2885 1874 2927 pleri-

116 2941 183 2972 que
209 2931 415 2970 Quintiliani.
441 2953 484 2956 —
507 2935 559 2967 20.
585 2936 617 2967 in
637 2939 746 2975 praet.
775 2935 972 2966 veliementer
993 2944 1026 2966 v.
1054 2954 1096 2958 —-
1118 2936 1171 2966 Ἣ.
1198 2935 1293 2966 ambo
1317 2945 1353 2973 χ.
1387 2953 1430 2957 -
1459 2935 1505 2977 in]
1538 2939 1568 2966 et
1591 2937 1628 2967 G.
1662 2953 1705 2957 —
1736 2936 1768 2966 in
1790 2945 1871 2967 con-

115 2981 224 3012 sulatu
246 2982 326 3021 Lag.
354 2982 388 3014 9:
420 2984 453 3014 in
477 2985 646 3016 consulatu
668 2988 753 3022 tum,
779 2985 813 3015 in
835 2984 1057 3021 consulatum,
1084 2985 1118 3014 in
1140 2984 1344 3015 consulatum
1367 2987 1437 3015 tum
1460 2985 1582 3024 (tamen
1606 2986 1682 3015 Par.
1708 2984 1740 3023 7)
1765 2984 1867 3016 codd.

116 3029 190 3061 rell.
216 3029 376 3069 Tulliani,
403 3032 494 3064 unde
520 3034 668 3065 coniecit
691 3032 851 3065 Orellius:
880 3033 909 3064 in
935 3034 1105 3065 consulatu
1127 3034 1276 3064 multum.
1294 3051 1338 3055 —
1355 3033 1409 3065 ⁴202,
1435 3033 1475 3074 et]
1500 3043 1542 3066 ex
1564 3035 1597 3066 M
1608 3042 1678 3071 vx.
1698 3051 1741 3056 —
1756 3034 1871 3066 timore

123 3085 163 3119 ψ.
190 3098 231 3102 ——
255 3082 454 3113 sermonibus
478 3084 514 3113 G.
540 3101 583 3105 —
604 3084 657 3115 23.
684 3083 841 3123 creverat]
866 3083 1070 3114 increbuerat
1093 3083 1210 3114 nescio
1235 3082 1295 3122 qui
1318 3082 1411 3123 apud
1435 3082 1557 3114 Lamb.
1584 3101 1627 3105 —
1657 3083 1765 3114 altera
1787 3084 1866 3115 Mv:

116 3137 184 3160 om.
211 3129 277 3160 EG
301 3131 333 3161 et
357 3129 376 3162 4
401 3131 483 3162 Oxx.
509 3149 551 3153 -—
574 3133 653 3171 quia
677 3133 697 3163 ii
721 3133 764 3164 M.
790 3150 832 3154 ψ
857 3132 887 3163 in
908 3132 1116 3171 provinciam
1140 3133 1214 3163 EG.
1234 3150 1278 3154 —
1300 3135 1329 3163 el
1353 3134 1392 3163 G.
1414 3149 1447 3153 —
1468 3133 1556 3164 omni
1580 3134 1623 3171 G,
1650 3134 1725 3164 Par.
1752 3132 1792 3170 4,
1818 3133 1864 3164 St.

113 3178 199 3210 vict.
218 3197 260 3201 ——
276 3178 328 3211 24.
353 3181 438 3211 testis
460 3181 485 3212 E
500 3182 523 3211 G
538 3182 586 3219 M,
613 3181 631 3214 4-
656 3182 737 3213 Oxx.
756 3200 799 3204 —
815 3182 1024 3212 discesserant
1048 3182 1084 3212 G.
1111 3181 1170 3212 Est
1194 3180 1319 3212 deinde
1344 3181 1377 3211 in
1404 3181 1568 3213 omnibus
1586 3183 1726 3222 Lagom.
1753 3182 1868 3223 (prae-

114 3228 167 3258 ter
189 3228 208 3258 9
232 3230 265 3259 et
288 3228 341 3267 24)
366 3230 400 3260 et
423 3230 456 3261 in
479 3230 498 3260 6
515 3230 597 3261 Oxx.
622 3229 810 3271 glossema:
836 3231 1016 3262 elz-ercitum
1038 3230 1163 3261 Luculli
1186 3231 1367 3270 significat,
1395 3232 1429 3261 et
1452 3230 1562 3262 simile
1587 3231 1621 3262 in
1645 3240 1666 3260 v
1691 3233 1724 3262 et
1741 3233 1778 3269 G,
1805 3233 1863 3272 qui

114 3276 236 3308 habet:
259 3279 436 3310 exercitum
451 3279 561 3310 luculli
576 3282 621 3310 set
635 3279 769 3317 horum;
796 3282 915 3311 carent
931 3279 955 3311 E
969 3280 1000 3310 M
1018 3288 1058 3310 eo
1075 3279 1323 3311 additamento.
1343 3297 1387 3301 ——-
1403 3280 1455 3311 26.
1474 3281 1612 3312 comitiis
1626 3281 1859 3313 Hotomanus:

113 3335 216 3358 comes
238 3327 340 3359 codd.
365 3347 407 3351 --
430 3329 528 3360 Lucio
551 3330 726 3360 Garatoni:
754 3330 788 3361 L.
807 3328 926 3371 (Lucii)
949 3328 1062 3368 vulgo.
1085 3345 1119 3351 —
1147 3329 1198 3361 27.
1225 3328 1420 3368 aniplissimi
1442 3331 1479 3362 G.
1498 3348 1541 3352 —
1559 3334 1668 3370 praet.
1688 3332 1802 3371 petitio
1824 3341 1855 3364 Υ.
