2143 3713
595 207 689 248 Cu».
720 204 1007 244 LVII—LIX.
1046 202 1119 257 §§.
1152 200 1401 243 filij—1162.
1787 201 1866 241 589

127 336 221 363 men
251 321 470 362 absolvatis
503 324 543 359 et
571 317 759 371 religioni
791 318 926 370 potius
959 322 1117 356 vestrae
1148 328 1270 369 quam
1302 315 1400 354 odio
1433 315 1622 367 pareatis.
1674 311 1765 353 159.
1795 315 1869 353 Est

127 386 235 425 enim
267 384 462 437 sapientis
492 380 638 421 iudicis
669 379 867 431 cogitare,
905 385 1061 418 tantum
1093 377 1170 417 sibi
1201 390 1225 416 a
1255 376 1409 430 populo
1440 377 1624 416 Romano
1656 390 1746 416 esse
1777 390 1869 429 per-

128 448 318 493 missum,
349 450 548 499 quantum
579 441 839 482 commissum
872 441 925 480 sit
955 446 995 480 ct
1026 440 1248 485 creditum,
1291 443 1332 477 ct
1371 452 1454 477 non
1486 438 1618 478 solum
1650 440 1725 479 sibi
1756 446 1869 493 pote-

127 515 271 549 statem
303 508 459 553 datam,
489 517 630 545 verum
661 503 782 542 etiam
815 500 935 541 iidem
967 502 1146 541 habitam
1178 513 1267 540 esse
1299 500 1557 540 meminisse:
1594 514 1714 553 posse
1746 515 1868 554 quem

128 571 261 611 oderit
291 569 521 614 absolvere,
553 578 674 618 quem
707 578 787 604 non
821 564 955 604 oderit
977 563 1278 610 condemnare,
1311 568 1353 601 et
1373 575 1537 614 semper
1557 576 1639 601 non
1662 564 1758 616 quid
1780 565 1902 616 ipses

126 634 244 679 velit,
282 631 352 672 sed
393 629 493 683 quid
535 627 602 667 lex
633 631 673 666 ct
703 626 849 678 religio
882 632 1000 679 cogat
1030 626 1235 678 cogitare:
1278 624 1628 671 animadvertere,
1669 638 1748 677 qua
1780 625 1869 678 lege

128 708 222 734 rcus
263 694 430 739 citetur,
472 691 522 730 de
565 701 647 741 quo
686 702 757 728 reo
796 694 1037 740 cognoscat,
1083 700 1189 741 quae
1227 699 1292 726 res
1324 687 1365 725 in
1397 687 1641 739 quaestione
1672 692 1870 726 versetur.

129 758 229 796 Cum
258 755 358 795 haec
389 757 483 793 sunt
511 749 710 796 videnda,
743 756 824 789 tum
858 764 953 789 vero
986 749 1087 789 illud
1120 753 1182 788 est
1206 748 1388 788 hominis
1411 750 1569 801 magni,
1601 748 1781 796 iudices,
1813 756 1872 789 at-

128 833 206 872 que
249 816 464 871 sapientis,
509 827 602 853 cum
642 812 752 851 illam
792 812 1003 852 iudicandi
1043 824 1166 851 causa
1197 811 1390 850 tabellam
1422 811 1666 864 sumpserit,
1713 824 1796 851 non
1828 825 1871 850 se

127 886 314 934 reputare
345 878 475 918 solum
508 889 598 916 esse
629 888 766 927 neque
797 875 875 915 sibi
909 873 1204 927 quodcumque
1235 873 1492 927 concupierit
1521 874 1668 921 licere,
1701 874 1773 914 sed
1800 874 1872 914 ha·
1888 889 1922 917 «10

126 943 222 982 bere
252 942 295 980 in
325 939 496 980 consilio
519 938 673 990 legem,
704 937 975 989 religionem,
1007 936 1274 989 aequitatem,
1307 934 1452 976 iidem:
1483 935 1697 976 libidinem
1720 941 1872 984 autem,

126 1004 283 1050 odium,
323 1000 518 1041 invidiam
537 1031 547 1047 ‚
579 1005 732 1038 metum
765 999 1097 1051 cupiditatesque
1128 1012 1270 1038 omnes
1301 1010 1492 1038 amovere
1524 999 1775 1052 maximique
1807 1013 1874 1039 ae-

126 1067 290 1106 stimare
321 1063 618 1105 conscientiam
649 1061 800 1101 mentis
832 1074 950 1108 suae,
983 1075 1107 1114 quam
1137 1061 1187 1100 ab
1219 1061 1281 1101 dis
1303 1061 1604 1104 immortalibus
1626 1063 1873 1115 accepimus,

126 1141 231 1182 quae
263 1142 285 1167 a
316 1126 437 1167 nobis
468 1124 609 1165 divelli
640 1137 724 1163 non
756 1128 915 1176 potest:
956 1136 1061 1176 quae
1101 1123 1135 1162 si
1172 1123 1421 1175 optimorum
1452 1124 1720 1164 consiliorum
1749 1129 1874 1176 atquc

125 1190 325 1230 factorum
364 1188 480 1228 testis
521 1187 563 1226 in
595 1186 709 1226 omni
741 1187 823 1225 vita
853 1185 972 1225 nobis
1004 1185 1103 1232 erit,
1145 1184 1233 1224 sine
1264 1185 1349 1224 ullo
1381 1190 1493 1225 metu
1524 1191 1564 1225 et
1593 1199 1752 1226 summa
1782 1200 1874 1225 cum
1889 1200 1925 1229 ,15

124 1252 339 1292 honestate
370 1251 567 1291 vivemus.
628 1245 721 1287 slssl).
752 1248 865 1288 llaec
896 1248 928 1287 si
960 1248 1004 1286 T.
1031 1247 1169 1286 Attius
1208 1252 1279 1286 aut
1309 1248 1572 1300 cognovisset
1601 1253 1672 1288 aut
1702 1248 1877 1301 cogitas-

124 1321 207 1362 set,
231 1313 421 1368 profecto
452 1325 504 1351 ne
535 1316 708 1350 conatus
741 1310 910 1364 quidem
938 1314 1048 1349 esset
1070 1309 1228 1356 dicere,
1260 1309 1301 1348 id
1324 1309 1438 1363 quod
1459 1309 1598 1349 multis
1621 1310 1757 1350 verbis
1779 1311 1876 1363 egit,

123 1376 299 1416 iudicem
338 1374 447 1428 quod
485 1374 523 1413 ei
553 1373 744 1413 videatur
774 1378 954 1412 statuere
986 1377 1026 1411 et
1057 1385 1142 1411 non
1173 1371 1410 1411 devinctum
1441 1372 1602 1425 legibus
1635 1386 1725 1413 esse
1755 1387 1876 1426 opor-

124 1443 221 1478 tere.
271 1437 431 1486 Quibus
462 1436 512 1476 de
544 1436 668 1475 rebus
699 1435 799 1475 mihi
832 1448 905 1488 pro
939 1434 1118 1475 Cluentii
1148 1434 1362 1475 voluntate
1393 1435 1589 1482 nimium,
1620 1448 1695 1488 pro
1726 1435 1785 1474 rei
1817 1435 1877 1475 di-

122 1499 279 1552 gnitate
318 1512 487 1552 parum,
529 1512 603 1552 pro
636 1503 771 1538 vestra
802 1497 1022 1551 prudentia
1053 1498 1152 1537 satis
1185 1496 1343 1536 dixisse
1373 1496 1531 1537 videor.
1581 1497 1755 1551 Reliqua
1785 1512 1877 1552 per·
1890 1511 1927 1540 20

121 1574 254 1614 pauca
284 1566 402 1609 sunt,
434 1574 560 1614 quae,
593 1561 692 1614 quia
721 1566 881 1600 vestrae
914 1560 1174 1612 quaestionis
1206 1564 1344 1606 erant,
1376 1559 1528 1599 idcirco
1559 1559 1619 1599 illi
1647 1564 1878 1600 statuerunt

122 1622 315 1677 lingenda
346 1637 436 1664 esse
468 1623 547 1663 sibi
580 1628 621 1662 et
650 1621 918 1675 proferenda,
951 1635 1002 1661 ne
1034 1623 1219 1661 omnium
1252 1622 1478 1675 turpissimi
1509 1622 1811 1674 reperirentur,
1843 1623 1876 1662 si

121 1687 164 1726 in
195 1686 390 1726 iudicium
420 1685 523 1725 nihil
554 1691 719 1738 praeter
748 1684 947 1724 invidiam
978 1685 1227 1724 attulissent.
1277 1684 1384 1722 LIX.
1406 1685 1541 1737 Atque
1564 1688 1608 1723 ut
1629 1684 1876 1724 existimetis

124 1761 186 1788 me
226 1748 462 1787 necessario
506 1747 556 1787 de
596 1747 660 1787 his
701 1747 851 1793 rebus,
892 1747 942 1785 de
980 1746 1130 1800 quibus
1168 1746 1250 1785 iam
1280 1745 1478 1793 dixerim,
1523 1746 1710 1799 pluribus
1742 1747 1877 1800 egisse

123 1810 281 1857 verbis,
322 1810 523 1849 attendite
561 1810 742 1862 reliqua:
788 1808 974 1861 profecto
1016 1808 1257 1861 intelligetis
1288 1822 1356 1856 ea,
1398 1821 1504 1861 quae
1534 1809 1675 1862 paucis
1706 1809 1928 1853 demon-25

124 1873 241 1913 strari
271 1872 502 1926 potuerint,
532 1871 774 1911 brevissime
807 1884 899 1911 esse
931 1869 1113 1910 defensa.

237 1932 329 1975 tol.
361 1934 432 1974 Cn.
462 1933 620 1973 Decitio
644 1933 833 1980 Samniti,
865 1933 921 1980 ei,
954 1933 1025 1986 qui
1047 1933 1302 1986 proscriptus
1324 1938 1406 1981 est,
1436 1934 1628 1974 iniuriam
1649 1933 1693 1974 in
1715 1935 1878 1976 calami-

126 2002 207 2037 tate
245 1997 331 2036 eius
363 1996 413 2035 ab
443 1995 568 2035 huius
598 1995 752 2035 familia
782 1994 927 2035 factam
961 2008 1051 2035 esse
1083 1994 1259 2035 dixistis.
1315 1996 1376 2035 Ab
1417 1996 1531 2035 nullo
1562 1995 1633 2035 ille
1664 1997 1877 2039 liberalius

125 2072 246 2112 quam
278 2072 302 2098 a
334 2058 526 2098 Cluentio
568 2062 766 2097 tractatus
807 2062 881 2097 est.
931 2057 1063 2096 Huius
1095 2057 1211 2097 illum
1242 2071 1343 2111 opes
1373 2058 1416 2097 in
1446 2058 1570 2098 rebus
1602 2058 1692 2099 eius
1724 2060 1879 2101 incom-

126 2120 375 2160 modissimis
406 2120 698 2167 sublevarunt,
729 2125 852 2173 atque
883 2119 963 2159 hoc
994 2133 1087 2159 cum
1118 2120 1229 2173 ipse,
1261 2125 1347 2160 tum
1378 2121 1467 2161 eius
1492 2120 1613 2160 amici
1634 2124 1879 2163 necessarii-
1893 2136 1928 2164 30

125 2196 206 2236 que
237 2196 380 2223 omnes
412 2188 655 2235 cognorunt.
702 2182 917 2222 «Ancharii
951 2187 991 2222 et
1021 2182 1171 2222 Paceni
1201 2183 1437 2235 pastoribus
1459 2183 1582 2223 huius
1604 2184 1774 2225 vilicum
1794 2186 1878 2225 vim

126 2249 167 2284 et
198 2257 344 2284 manus
375 2245 601 2285 attulisse.»
661 2244 762 2284 Cum
792 2243 996 2298 quaedam
1037 2244 1081 2282 in
1117 2244 1315 2292 callibus,
1354 2250 1400 2285 ut
1430 2245 1558 2293 solet,
1596 2249 1880 2289 controversia

124 2311 338 2359 pastorum
369 2312 479 2346 esset
509 2312 621 2354 orta,
652 2307 790 2347 Habiti
821 2307 934 2347 vilici
966 2320 1053 2347 rem
1084 2306 1240 2347 domini
1273 2313 1313 2347 et
1341 2308 1544 2360 privatam
1569 2311 1878 2362 possessionem

126 2367 416 2408 defenderunt.
465 2368 565 2408 Cum
596 2373 706 2408 esset
737 2368 1018 2422 expostulatio
1047 2368 1175 2416 facta,
1208 2382 1333 2409 causa
1354 2369 1437 2409 illis
1459 2369 1757 2419 demonstrata,
1789 2372 1878 2412 sine

125 2430 280 2471 iudicio
323 2431 690 2484 controversiaque
732 2431 961 2472 discessum
1004 2436 1078 2472 est.
1139 2428 1233 2471 2162.
1269 2432 1336 2470 «P.
1365 2431 1474 2471 Aelii
1505 2436 1753 2474 testamento
1783 2447 1928 2487 pro—35

125 2492 308 2546 pinquus
339 2492 617 2534 exheredatus
648 2508 742 2534 cum
772 2500 901 2543 esset,
931 2494 1052 2535 heres
1081 2494 1150 2534 hic
1171 2493 1346 2533 alienior
1367 2493 1581 2534 institutus
1604 2500 1702 2536 est.»
1736 2496 1779 2535 P.
1799 2497 1880 2535 Ae—

213 2622 243 2652 4.
268 2622 479 2663 religionibus
498 2632 532 2663 p.
550 2625 664 2655 vestris
687 2625 707 2655 S
721 2625 744 2655 T
762 2625 835 2665 (sed
853 2626 873 2656 S
898 2626 1039 2665 nostris).
1059 2642 1094 2647 —
1122 2625 1152 2656 2.
1178 2625 1295 2656 iudicis
1316 2625 1497 2656 meminisse
1512 2634 1544 2657 se
1560 2626 1720 2657 hominem
1735 2626 1880 2666 cogitare

126 2671 220 2703 STA
236 2670 269 2705 ἓ.
297 2689 331 2693 —
359 2672 388 2703 3.
415 2682 531 2705 comm.
556 2677 585 2705 et
608 2674 766 2706 creditum
788 2675 828 2706 sit
853 2674 884 2708 Q.
912 2694 946 2697 —
973 2676 1003 2707 5.
1031 2683 1124 2714 quem
1140 2692 1187 2697 --
1203 2675 1420 2706 condemnare
1443 2682 1512 2706 om.
1531 2675 1565 2706 S.
1587 2692 1621 2698 —-
1646 2675 1722 2706 velit
1743 2676 1810 2715 ipse
1832 2676 1877 2708 M.

129 2738 162 2742 -
190 2721 221 2752 6.
247 2725 345 2762 coyat
368 2731 436 2755 om.
463 2724 532 2756 ST.
559 2742 593 2746 -
621 2725 653 2756 7.
678 2729 874 2766 coqrzoscanc
896 2726 929 2757 S.
957 2743 991 2747 —
1033 2726 1064 2757 8.
1090 2725 1206 2756 iudicis
1229 2725 1373 2757 STFA.
1400 2741 1434 2746 —
1463 2733 1502 2756 ac
1526 2725 1558 2756 S.
1587 2742 1621 2747 —
1650 2724 1701 2756 40.
1725 2728 1881 2764 reputare

125 2770 228 2802 solum
249 2780 315 2803 esse
336 2772 357 2803 S
370 2773 413 2803 T:
435 2777 558 2813 putare
580 2782 644 2805 esse
666 2774 768 2805 solum
793 2775 856 2806 ΒΑ
871 2774 892 2807 8
906 2775 942 2806 O.
969 2775 1135 2814 (reputare
1156 2784 1221 2806 non
1243 2783 1276 2806 se
1297 2783 1363 2806 esse
1385 2774 1488 2805 solum
1505 2774 1556 2813 L.)
1575 2792 1609 2796 ψ
1637 2775 1689 2806 42.
1714 2775 1880 2814 cupidita-

125 2824 251 2860 temque
275 2830 401 2853 omnem
423 2823 459 2853 L.
488 2840 522 2844 —
548 2823 757 2864 maoeimeque
779 2822 858 2856 uA.
886 2824 1100 2864 (nuwimique
1122 2824 1191 2855 iam
1215 2824 1271 2856 ed.
1296 2825 1429 2856 Veneta
1453 2833 1484 2856 a,
1503 2823 1611 2864 4480.)
1632 2842 1666 2848 ——
1691 2825 1882 2856 existimare

128 2870 201 2902 FA.
229 2888 266 2894 —
304 2871 354 2903 43.
382 2880 404 2903 α
426 2872 488 2903 diis
510 2873 542 2904 S.
570 2890 604 2894 —
644 2873 696 2905 48.
721 2874 850 2905 videtur
880 2874 953 2905 ΡΑ.
978 2891 1012 2895 -
1051 2873 1103 2904 49.
1137 2875 1185 2905 rei
1217 2875 1292 2905 ST:
1329 2874 1378 2906 rei
1402 2874 1555 2914 publicae
1588 2872 1812 2907 FMALQO.
1843 2893 1877 2897 —

127 2919 180 2951 22.
203 2921 357 2961 fingenda
379 2929 443 2955 esse
465 2922 523 2953 sibi
547 2923 622 2953 ST:
649 2923 708 2954 sibi
722 2923 745 2963 f.
765 2932 828 2954 esse
845 2924 869 2954 R
884 2925 909 2954 A
923 2924 947 2955 L
961 2922 982 2957 Β
996 2924 1033 2955 Ο.
1059 2923 1227 2964 (fuqienda
1244 2924 1290 2961 F.)
1312 2942 1346 2946 —
1372 2923 1424 2955 24.
1449 2932 1500 2955 me
1522 2925 1702 2955 necessario
1726 2925 1801 2956 ST:
1827 2933 1881 2956 ne-

128 2970 267 3001 cessario
288 2979 339 3002 me
361 2971 386 3002 R
399 2972 425 3002 A
440 2971 463 3002 L
478 2970 500 3004 ss
513 2971 551 3002 Ο.
573 2987 607 2993 -
627 2971 680 3003 26.
700 2973 868 3012 potuerint
892 2973 945 3003 ST
958 2974 1001 3004 L:
1024 2976 1201 3012 potuerunt
1216 2974 1241 3004 R
1255 2975 1281 3004 A
1294 2971 1315 3006 8
1331 2973 1368 3004 Ο.
1390 2990 1424 2994 -
1451 2973 1503 3004 27.
1522 2974 1646 3004 Decitio
1669 2974 1720 3005 M:
1747 2975 1880 3005 Decidio

131 3017 282 3057 STFA;
307 3021 408 3052 Decio
431 3019 541 3054 Lsso.
570 3039 605 3043 —
630 3021 682 3054 28.
709 3022 838 3054 dicistis
862 3030 942 3054 cum
966 3023 1002 3053 P.
1020 3022 1171 3053 Manutio
1195 3020 1313 3055 Lsso:
1337 3021 1422 3052 dizit
1445 3022 1520 3058 ST;
1547 3022 1660 3053 dixisti
1683 3023 1800 3054 FMA.
1828 3022 1878 3054 Cf.

132 3067 348 3110 Wesenberg
370 3069 414 3101 ad
439 3078 488 3100 or.
507 3078 541 3110 p.
559 3070 670 3102 Sestio
696 3079 730 3112 p.
748 3070 779 3102 4.
802 3089 837 3093 —
864 3080 884 3102 a
908 3070 997 3102 nullo
1016 3071 1049 3101 S.
1070 3087 1107 3093 —
1133 3070 1186 3102 29.
1212 3071 1512 3102 incommodissimis
1535 3071 1646 3103 STF:
1672 3072 1883 3104 incommodis

131 3115 319 3151 MALQO.
348 3136 383 3141 —-
416 3118 469 3151 30.
494 3120 562 3150 eius
584 3120 683 3152 amici
703 3121 942 3160 necessariique
965 3129 1073 3151 omnes
1096 3121 1175 3151 ST:
1210 3128 1319 3151 omnes
1341 3120 1409 3151 eius
1431 3120 1531 3151 amici
1555 3122 1792 3162 necessariique
1815 3123 1881 3153 ΒΑ

133 3163 239 3198 [90.
260 3184 295 3189 -
320 3167 372 3199 34.
398 3173 617 3210 cognoverunt
640 3169 711 3204 Lss.
738 3188 773 3192 —
798 3171 955 3202 Ancharii
980 3171 1027 3201 M:
1053 3169 1197 3201 Anchari
1220 3170 1297 3207 ST;
1322 3170 1458 3200 Ancarii
1481 3168 1613 3202 FALQ
1628 3171 1665 3201 O.
1694 3188 1727 3191 —
1759 3170 1883 3202 villicos

133 3215 210 3247 cod.
236 3215 358 3256 Sylvii,
390 3216 498 3251 Lsso,
527 3238 562 3242 —
596 3220 649 3251 32.
674 3221 808 3252 callibus
836 3220 1032 3252 Ernestius:
1064 3219 1198 3250 collibus
1224 3218 1363 3251 atALss
1379 3220 1416 3251 Ο.
1451 3219 1528 3251 Υἰά.
1555 3220 1807 3252 Schneiderum
1836 3219 1881 3251 ad

132 3264 294 3297 Varronis
324 3266 367 3298 de
395 3269 433 3300 R.
457 3269 496 3301 R.
521 3270 560 3301 II.
586 3270 626 3307 2,
652 3270 704 3301 40.
733 3279 766 3312 p.
792 3270 866 3303 409.
894 3272 928 3301 et
949 3271 988 3301 ΙΙ.
1016 3270 1051 3306 9,
1078 3270 1130 3301 46.
1156 3278 1191 3311 p.
1217 3268 1291 3302 479.
1327 3287 1361 3291 —
1399 3268 1452 3302 35.
1485 3270 1781 3310 controversiaque]
1814 3270 1881 3302 sine

133 3316 353 3348 controversia
375 3317 448 3350 FA.
477 3337 511 3342 —-
536 3319 570 3351 P.
595 3319 695 3352 Paelii
718 3321 739 3351 S
763 3321 798 3352 et
819 3329 852 3352 v.
878 3320 929 3352 36.
950 3319 1088 3359 paelius.
