2143 3713
425 237 522 278 CAP.
543 233 841 277 XVIII—XX.
871 230 944 286 §§.
965 229 1154 273 39—45.
1188 230 1465 287 [XIV—XVI.
1487 226 1682 283 29—35]
1847 222 1928 267 475

186 350 295 404 apud
326 350 579 390 iuventutem
610 345 828 392 obsoletis,
859 345 888 396 †
918 345 1154 385 hominihus
1184 348 1321 384 autem
1351 356 1398 382 ac
1435 342 1606 382 summis
1635 341 1809 382 ducibus
1837 353 1931 394 par-

188 414 259 452 tim
299 417 454 458 aetate,
494 410 640 464 partim
681 407 855 447 civitatis
895 407 1114 446 discordiis
1152 419 1199 446 ac
1238 405 1297 445 rei
1337 405 1525 458 publicae
1566 404 1794 443 calamitate
1833 417 1931 443 con-

187 474 390 526 sumptis?
430 487 519 512 eum
557 476 616 511 tot
650 469 759 509 bella
798 474 868 508 aut
904 483 928 509 a
965 470 1084 508 nohis
1127 467 1361 508 necessario
1393 466 1668 518 suscipiantur
1697 471 1767 505 aut
1797 466 1930 505 subito

187 542 309 588 atque
340 534 560 588 improvisa
590 532 838 579 nascantur?
869 545 1006 571 nonne
1038 536 1080 571 et
1107 531 1318 570 hominem
1341 530 1473 582 ipsum
1497 528 1549 567 ad
1572 527 1696 566 dubia
1717 527 1775 566 rei
1796 527 1931 580 publi-

188 611 257 637 cae
290 602 472 649 tempora
501 593 792 634 reservandum
825 598 865 631 et
894 598 1052 632 ceteros
1083 592 1218 632 studio
1249 590 1383 630 laudis
1414 603 1459 630 ac
1488 589 1650 629 virtutis
1676 589 1962 628 inflamma-5

188 660 262 699 dos
295 658 473 712 putatis?
516 654 580 695 43.
615 652 711 709 [33.]
745 654 1029 694 Recordamini
1061 668 1165 708 quos
1196 653 1354 706 legatos
1375 666 1508 706 nuper
1528 652 1571 691 in
1591 651 1702 691 bello
1725 651 1768 701 L.
1792 650 1931 697 Iulius,

188 735 292 774 quos
330 722 371 760 P.
401 718 598 765 Rutilius,
638 730 742 770 quos
781 717 824 756 L.
863 717 984 764 Cato,
1025 729 1130 769 quos
1172 715 1243 755 Cn.
1275 715 1494 767 Pompeius
1537 713 1749 752 habuerit:
1793 711 1932 751 scietis

186 783 313 823 fuisse
353 787 438 821 tum
475 781 528 819 M.
562 779 808 825 Cornutum,
846 779 891 818 L.
925 779 1118 825 Cinnam,
1158 778 1203 817 L.
1237 777 1416 823 Sullam,
1461 775 1688 829 praetorios
1728 774 1932 820 homines,

186 845 284 884 belli
317 842 485 896 gerendi
515 841 812 894 peritissimos:
843 846 1057 892 praeterea
1079 840 1121 879 C.
1143 840 1338 886 Marium,
1369 839 1411 877 P.
1434 837 1624 884 Didium,
1657 836 1707 885 Q.
1731 835 1933 881 Catulum,

185 909 228 947 P.
262 907 470 950 Crassum,
511 916 594 943 non
631 903 777 942 litteris
816 902 1006 942 homines
1038 902 1088 942 ad
1119 902 1178 942 rei
1211 901 1399 941 militaris
1432 899 1666 946 scientiam,
1707 898 1779 938 sed
1809 897 1984 937 rebus⁴0

185 968 310 1021 gestis
349 980 394 1006 ac
434 966 618 1006 victoriis
653 963 849 1004 eruditos.
903 966 989 1018 Age
1028 978 1126 1005 vero
1156 977 1289 1011 nunc,
1320 962 1492 1002 inserite
1523 961 1661 1001 oculos
1691 961 1733 1000 in
1764 960 1934 1005 curiam,

185 1029 437 1082 introspicite
476 1027 643 1080 penitus
683 1027 725 1065 in
764 1040 906 1066 omnes
945 1028 1003 1066 rei
1044 1027 1234 1080 publicae
1274 1031 1437 1079 partes:
1483 1029 1620 1064 utrum
1651 1022 1802 1062 videtis
1831 1021 1935 1061 nihil

184 1104 305 1145 posse
336 1091 541 1136 accidere,
580 1094 625 1129 ut
654 1089 757 1129 tales
788 1090 864 1128 viri
895 1089 1159 1129 desiderandi
1196 1090 1278 1129 sint
1294 1091 1311 1127 ‘2
1359 1101 1434 1134 an,
1467 1086 1500 1126 si
1532 1085 1750 1132 acciderit,
1791 1097 1934 1124 eorum

183 1154 397 1194 hominum
428 1153 548 1205 copia
577 1151 779 1205 populum
810 1152 1041 1190 Romanum
1071 1151 1314 1191 abundare?
1360 1150 1477 1198 Quae
1509 1149 1543 1188 si
1567 1148 1785 1201 diligenter
1805 1151 1936 1187 atten-

185 1217 312 1264 detis,
350 1216 556 1269 profecto,
600 1213 780 1260 iudices,
819 1214 953 1253 virum
984 1212 1035 1252 ad
1068 1213 1229 1253 labores
1259 1212 1357 1252 belli
1389 1211 1634 1264 impigrum,
1670 1209 1721 1250 ad
1751 1209 1986 1263 pericula&

184 1279 351 1325 fortem,
383 1277 434 1317 ad
463 1291 582 1317 usum
612 1289 659 1315 ac
690 1274 952 1327 disciplinam
983 1276 1181 1328 peritum,
1213 1274 1263 1315 ad
1295 1274 1468 1314 consilia
1498 1272 1764 1327 prudentem,
1796 1271 1847 1310 ad
1869 1283 1936 1309 ca-

185 1355 274 1380 sum
310 1340 601 1392 fortunamque
641 1337 827 1383 felicem,
866 1336 977 1376 domi
1016 1337 1133 1377 vobis
1165 1350 1212 1377 ac
1252 1336 1392 1376 liberis
1423 1335 1570 1376 vestris
1600 1336 1780 1374 retinere
1812 1346 1935 1388 quam

185 1401 479 1441 inimicissimis
509 1399 665 1454 populo
696 1400 882 1440 Romano
913 1399 1151 1439 nationibus
1184 1404 1223 1440 et
1254 1398 1552 1439 crudelissimis
1582 1397 1745 1437 tradere
1766 1400 1807 1436 et
1837 1408 1936 1435 con-

185 1463 340 1503 donare
371 1463 538 1503 malitis.

295 1526 388 1565 XX.
420 1523 486 1565 44.
520 1524 643 1579 [XVI.
675 1521 758 1577 34]
801 1525 854 1564 At
884 1523 1045 1563 infestis
1086 1537 1217 1578 prope
1249 1523 1379 1577 signis
1409 1523 1642 1564 inferuntur
1672 1521 1780 1562 Galli
1808 1520 1851 1560 in
1880 1519 1934 1559 M.
1947 1525 1985 1556 20

184 1588 401 1628 Fonteium
441 1592 482 1627 et
517 1588 671 1627 instant
704 1592 826 1640 atque
857 1591 1006 1639 urgent
1034 1599 1193 1626 summo
1225 1599 1316 1626 cum
1348 1587 1510 1634 studio,
1551 1597 1712 1625 summa
1741 1597 1834 1623 cum
1864 1595 1937 1622 au-

184 1649 314 1689 dacia.
358 1649 511 1696 Video,
551 1648 736 1696 iudices3
777 1648 849 1688 sed
881 1648 1021 1688 multis
1052 1654 1092 1688 et
1122 1646 1248 1688 firmis
1278 1649 1498 1702 praesidiis
1527 1648 1646 1688 vobis
1677 1645 1936 1687 adiutoribus

185 1711 252 1751 isti
294 1711 461 1751 immani
502 1716 627 1763 atque
667 1710 954 1750 intolerandae
991 1710 1204 1750 barbariae
1236 1711 1488 1751 resistemus.
1534 1712 1714 1751 Primum
1745 1707 1937 1748 obiicitur

186 1779 326 1813 contra
357 1774 528 1813 istorum
559 1773 736 1825 impetus
766 1772 1029 1820 Macedonia,
1061 1770 1193 1813 fidelis
1224 1778 1265 1813 et
1294 1774 1425 1814 amica
1453 1773 1609 1828 populo
1630 1774 1815 1812 Romano
1841 1783 1937 1824 pro-

186 1836 340 1876 vincia:
374 1848 480 1889 quae
512 1848 603 1874 cum
635 1848 678 1874 se
709 1847 756 1874 ac
787 1847 882 1874 suas
912 1835 1036 1874 urbes
1067 1848 1152 1874 non
1184 1835 1317 1875 solum
1346 1836 1540 1883 consilio,
1573 1835 1646 1875 sed
1667 1835 1789 1875 etiam
1809 1846 1935 1874 manu
1948 1836 1986 1866 95

186 1899 239 1937 M.
269 1898 414 1937 Fontei
447 1902 732 1937 conservatam
763 1910 853 1936 esse
885 1896 1012 1943 dicat,
1043 1902 1087 1936 ut
1117 1897 1189 1936 illa
1218 1911 1294 1950 per
1321 1898 1432 1937 hune
1461 1911 1485 1938 a
1505 1898 1733 1937 Thraecum
1754 1896 1936 1937 adventu

186 1972 234 1998 ac
263 1959 581 2012 depopulatione
612 1958 782 1998 defensa
813 1964 895 2006 est,
927 1959 984 1998 sic
1015 1959 1065 1998 ab
1095 1959 1218 1999 huius
1239 1973 1348 1999 nunc
1370 1960 1500 2013 capite
1522 1959 1734 1999 Gallorum
1758 1959 1936 2012 impetus

186 2027 449 2073 terroresque
482 2021 665 2073 depellit.
716 2019 782 2060 45.
817 2017 914 2074 [3:²5]
951 2020 1223 2060 Constituitur
1244 2034 1296 2061 ex
1315 2022 1444 2061 altera
1464 2026 1578 2075 parte
1599 2021 1772 2061 ulterior
1790 2020 1937 2072 Hispa-

186 2084 276 2130 nia,
316 2096 422 2136 quae
464 2083 652 2135 profecto
683 2096 768 2123 non
801 2083 924 2123 modo
956 2083 1157 2134 religione
1190 2097 1264 2123 sua
1293 2084 1485 2123 resistere
1515 2083 1689 2123 istorum
1721 2081 1938 2135 cupiditati

186 2151 342 2198 potest,
379 2145 451 2185 sed
490 2145 613 2185 etiam
652 2145 945 2185 sceleratorum
975 2145 1191 2185 hominum
1227 2146 1410 2199 periuria
1439 2145 1686 2185 testimoniis
1717 2157 1763 2183 ac
1793 2143 1985 2183 lauda-30

186 2207 365 2247 tionibus
395 2207 479 2247 suis
509 2206 701 2246 refutare.
745 2208 883 2261 Atque
923 2220 975 2247 ex
1006 2208 1094 2261 ipsa
1125 2208 1247 2247 etiam
1279 2207 1411 2248 Gallia
1441 2205 1681 2247 fidelissima
1712 2212 1753 2246 et
1782 2206 1937 2259 gravis·-

271 2398 300 2429 l.
327 2400 407 2437 aput
428 2398 628 2429 iuuentutem
650 2397 798 2437 opsoletis
819 2397 859 2429 V.
885 2416 921 2422 —
947 2398 1127 2430 hominibus
1150 2401 1259 2429 autem
1274 2398 1319 2428 V:
1345 2400 1404 2429 aut
1425 2396 1606 2428 hominibus
1626 2397 1658 2428 S.
1685 2397 1806 2428 «claris
1827 2399 1937 2428 aulem

182 2447 362 2478 hominibus
385 2448 563 2479 Graevius.
595 2448 654 2479 Est
677 2447 900 2479 arbitrarium
924 2448 1226 2490 supplementum;
1254 2447 1381 2480 excidit
1402 2448 1518 2488 potius
1532 2448 1717 2488 fortissimis
1738 2450 1818 2489 post
1833 2456 1865 2479 V.
1883 2448 1938 2478 ho-

182 2497 356 2528 minibus.»
382 2497 439 2528 Oii.
465 2498 508 2528 At
531 2505 612 2529 cum
637 2498 759 2529 Cicero
781 2497 870 2528 viros
891 2498 1100 2538 fortissimos,
1127 2507 1196 2530 non
1212 2498 1354 2529 homines
1374 2497 1399 2538 f.
1419 2497 1536 2528 dicere
1557 2496 1682 2534 soleat,
1710 2497 1793 2528 milii
1809 2497 1935 2538 potius,

183 2547 211 2579 si
235 2549 287 2578 est
310 2545 429 2578 lacuna
456 2547 487 2577 in
512 2545 605 2586 loco,
642 2547 686 2578 ita
710 2547 848 2578 videtur
872 2547 1042 2588 explenda
1067 2556 1168 2579 esse:
1205 2547 1387 2579 hominibus
1416 2550 1524 2577 autem
1547 2546 1760 2585 militaribus,
1797 2546 1855 2587 qui
1879 2555 1938 2577 re-

183 2596 272 2626 ctius
294 2597 428 2627 summis
449 2597 582 2628 ducibus
605 2606 646 2628 ex
666 2596 813 2628 adverso
838 2599 1024 2637 ponuntur.
1051 2597 1211 2638 (omnibus
1233 2600 1342 2628 autem
1363 2597 1497 2628 summis
1513 2596 1646 2627 ducibus
1660 2596 1936 2635 Mommsenius.)

185 2663 219 2667 —
247 2645 277 2677 4.
304 2646 479 2685 improviso
501 2645 728 2687 probabiliter
751 2646 952 2678 Lambinus.
978 2665 1012 2669 —
1039 2648 1070 2679 5.
1098 2646 1356 2678 conservandum
1373 2647 1405 2677 S.
1426 2663 1461 2668 —
1490 2646 1521 2677 6.
1545 2646 1579 2676 in
1603 2645 1681 2677 bello
1703 2646 1816 2676 sociali
1838 2654 1934 2686 susp.

184 2696 410 2727 Hotomanus.
439 2713 473 2717 -—
499 2697 530 2727 7.
555 2697 587 2727 P.
613 2696 753 2727 Rutilius
776 2697 818 2727 S:
851 2697 912 2728 PR.
937 2700 973 2728 ut
996 2697 1034 2728 V.
1062 2714 1097 2718 ——
1125 2697 1155 2728 9.
1183 2696 1216 2727 T.
1233 2696 1369 2728 Didium
1392 2697 1427 2727 P.
1455 2696 1626 2727 Manutius
1651 2694 1727 2727 coll.
1751 2696 1858 2727 Fastis
1875 2696 1938 2727 Ca-

183 2743 343 2786 pitolinis.
365 2762 400 2766 -
427 2745 478 2776 Μ.
505 2746 634 2778 inserite
650 2746 693 2776 V:
719 2746 835 2786 inferle
851 2747 883 2778 S.
904 2764 939 2768 —
968 2747 1019 2778 42.
1046 2747 1151 2778 omnis
1172 2748 1205 2778 S.
1226 2764 1261 2768 —-
1286 2746 1412 2786 utrum]
1435 2746 1553 2777 'ilerum
1575 2748 1609 2777 S.
1629 2764 1664 2768 —-
1693 2747 1744 2777 115.
1769 2746 1937 2786 inpigrum

182 2794 222 2825 V.
252 2811 286 2816 —-
314 2794 365 2825 46.
392 2803 431 2824 ac
454 2795 544 2836 dise]
575 2795 618 2826 ad
647 2795 723 2826 disc.
750 2796 783 2826 S.
810 2813 845 2816 —
874 2796 924 2827 48.
946 2796 1068 2835 populo
1092 2797 1237 2827 Romano
1260 2794 1355 2827 Klotz
1381 2795 1422 2834 (v.
1444 2795 1554 2826 Praes.
1574 2794 1629 2827 ed.
1651 2796 1690 2827 11.
1717 2804 1751 2836 p.
1773 2795 1829 2826 VII
1847 2795 1935 2836 sq.):

181 2843 231 2875 rei
249 2842 398 2882 publicae
420 2843 500 2881 VS;
528 2844 642 2883 populi
664 2845 801 2876 Romani
825 2846 862 2876 O.
884 2862 918 2867 —
946 2846 1131 2876 condonare
1155 2846 1330 2876 Faernus:
1356 2845 1573 2876 condemnare
1595 2846 1657 2876 VS
1671 2846 1708 2877 O.
1729 2862 1764 2866 —
1792 2845 1842 2876 49.
1867 2854 1939 2876 ma-

182 2893 246 2924 litis
269 2894 347 2924 VS:
372 2893 499 2924 malelis
521 2893 601 2925 edd.
628 2895 828 2926 Lectionem
853 2904 894 2926 ex
911 2895 939 2925 V
963 2894 1103 2935 protulit
1127 2895 1305 2932 Garatoni,
1331 2894 1430 2926 euius
1453 2895 1692 2926 testimonium
1712 2903 1833 2926 verum
1858 2903 1937 2927 esse

184 2942 338 2974 lectionis
369 2943 402 2973 in
427 2944 448 2973 S
472 2952 646 2975 consensu
671 2945 895 2975 convincitur.
924 2962 958 2965 ——
985 2946 1038 2976 ⁶20.
1063 2944 1113 2986 Al]
1137 2945 1186 2976 An
1209 2945 1242 2975 S.
1272 2962 1305 2966 —-
1334 2945 1450 2984 prope]
1476 2952 1602 2984 quoque
1626 2945 1657 2975 S.
1687 2963 1722 2966 —
1750 2947 1937 2975 inseramur

184 2992 223 3023 V.
244 3010 278 3014 —
306 2993 392 3024 Galli
415 2993 448 3024 in
464 2993 509 3024 M.
529 2994 672 3034 scripsi:
697 2994 814 3034 gallim
829 2994 868 3031 V,
896 2994 983 3026 Galli
1006 2994 1039 3025 in
1063 3003 1132 3026 om.
1157 2995 1202 3025 M.
1229 2995 1249 3025 S
1275 2996 1307 3025 et
1332 2994 1411 3025 edd.
1439 3011 1474 3016 —
1502 2995 1554 3026 ⁶22.
1578 2995 1687 3032 video,
1712 2995 1851 3031 iudices;
1883 2995 1937 3025 sed

183 3041 292 3072 multis
314 3042 437 3082 scripsi
461 3041 515 3083 (cf.
541 3042 575 3073 in
593 3042 690 3073 Verr.
714 3043 752 3074 V.
780 3042 810 3083 g.
830 3043 912 3081 69.):
937 3044 1030 3074 uideo
1056 3044 1120 3074 iud.
1148 3053 1175 3075 c.
1194 3047 1233 3075 et.
1252 3044 1362 3074 mullis
1386 3043 1457 3082 (sic)
1474 3044 1519 3081 V;
1545 3052 1603 3075 nos
1625 3053 1689 3074 non
1713 3047 1741 3075 ec
1763 3044 1873 3075 multis
1888 3061 1936 3066 --

184 3090 392 3122 resistemus‘.>
416 3092 454 3129 S;
484 3092 595 3130 Video,
620 3092 760 3124 iudices:
784 3101 842 3124 nos
863 3101 940 3123 vero
963 3096 992 3124 ei
1014 3093 1123 3124 multis
1146 3102 1241 3134 susp.
1262 3093 1440 3131 Garatoni;
1470 3094 1576 3125 Video.
1601 3094 1669 3125 ‚Nos
1682 3101 1774 3130 vcro,
1799 3093 1882 3131 iud,
1907 3096 1937 3124 et

184 3139 292 3170 multis
307 3141 351 3179 Ο,
385 3142 419 3172 et
442 3141 525 3172 item
549 3139 714 3180 Klotzius‚
741 3142 803 3173 nisi
829 3141 923 3182 quod
947 3142 1002 3173 bic
1023 3143 1116 3174 video
1140 3141 1279 3174 delevit.
1300 3161 1334 3164 —
1360 3143 1414 3174 ⁶23.
1439 3142 1577 3175 obicitur
1594 3144 1668 3174 VS.
1689 3160 1723 3164 —
1750 3141 1803 3174 ⁶24.
1828 3143 1937 3174 Mace-

185 3189 271 3219 dona
291 3189 332 3221 V.
363 3207 397 3212 -
422 3191 475 3222 ⁶25.
500 3199 603 3221 manu
625 3191 670 3222 M.
696 3192 841 3232 scripsi:
866 3201 969 3222 manu
992 3200 1072 3222 cum
1095 3190 1201 3231 linea,
1228 3193 1248 3223 i.
1276 3201 1308 3224 e.
1333 3202 1468 3224 manum
1491 3193 1536 3231 V3
1568 3202 1672 3225 manu
1695 3200 1765 3223 om.
1789 3193 1834 3223 M.
1860 3192 1932 3224 SO.

187 3254 222 3259 —
248 3238 299 3269 26.
333 3247 355 3270 a
385 3239 562 3271 Thraecum
593 3239 834 3273 Fleckeisenus
868 3241 901 3272 in
930 3240 1103 3281 Philologo
1127 3242 1180 3272 lV.
1206 3250 1240 3282 p.
1266 3241 1339 3273 314.
1365 3244 1436 3273 not.
1471 3242 1569 3284 (post
1591 3242 1838 3280 Niebuhrium,
1875 3242 1933 3281 qui

188 3287 339 3319 Threcum
361 3289 701 3330 commendaverat):
727 3294 762 3322 at
776 3299 909 3331 grecum
924 3291 965 3330 V,
991 3300 1013 3322 a
1035 3291 1184 3322 trac-hum
1207 3291 1245 3330 S,
1271 3300 1292 3322 a
1309 3291 1468 3323 Thracum
1491 3293 1564 3323 LO.
1587 3310 1621 3315 —-
1646 3292 1699 3324 27.
1723 3291 1933 3333 populatione

185 3337 219 3368 S.
243 3353 277 3358 —
304 3338 432 3379 defensa
453 3342 497 3371 esc
519 3339 693 3371 Faernus:
719 3342 764 3372 est
786 3348 856 3372 om.
873 3340 946 3372 VS.
974 3357 1008 3362 ——
1035 3340 1088 3373 29.
1111 3349 1178 3371 non
1200 3348 1269 3372 om.
1295 3340 1324 3372 V
1346 3342 1434 3373 teste
1460 3342 1572 3373 Garat.
