2143 3713
306 233 387 275 ⁶240
782 234 836 274 IN
866 234 1085 274 VERREM
1113 232 1273 273 ACTIO
1306 233 1551 274 SECUNDA

306 347 386 387 liae
417 346 605 386 civitates
636 350 733 386 sunt
762 346 870 385 bello
901 360 925 385 a
956 345 1182 385 maioribus
1214 347 1367 386 nostris
1399 347 1614 387 subactae:
1647 359 1822 399 quarum
1845 359 1942 399 ager
1963 361 2055 387 cum

305 414 415 449 esset
443 408 636 461 publicus
666 409 812 462 populi
843 408 1017 447 Romani
1048 407 1195 454 factus,
1226 413 1364 448 tamen
1395 409 1477 448 illis
1510 415 1572 448 est
1601 407 1809 448 redditus:
1841 409 1875 449 is
1906 423 2003 462 ager
2033 423 2055 449 a

305 471 548 512 censoribus
578 471 706 511 locari
739 471 856 511 solet.
902 470 1156 508 Foederatae
1179 469 1367 510 civitates
1389 471 1495 510 duae
1518 476 1627 517 sunt,
1660 483 1836 523 quarum
1859 471 2056 511 decumae

303 533 446 573 venire
488 546 571 572 non
611 533 794 579 soleant,
833 530 1079 571 Mamertina
1118 535 1158 569 et
1198 531 1570 572 Tauromenitana:
1618 533 1806 586 quinque
1843 539 2057 586 praeterea

272 595 393 635 bsine
432 595 601 635 foedere
642 595 846 633 immunes
885 606 932 631 ac
975 592 1152 639 liberae,
1201 592 1491 646 Centuripina,
1538 595 1760 641 Halesina,
1807 596 2057 648 Segestana,

303 657 585 712 Halicyensis,
632 656 946 696 Panormitana:
994 660 1208 707 praeterea
1244 656 1378 695 omnis
1414 670 1511 708 ager
1548 657 1715 695 Siciliae
1745 657 1956 696 civitatum
1987 657 2057 696 de-

302 733 506 760 cumanus
545 725 627 759 est:
667 719 849 770 itemque
887 722 983 756 ante
1027 717 1247 769 imperium
1287 718 1432 770 populi
1470 719 1644 758 Romani
1677 718 1863 771 ipsorum
1896 720 2057 759 Siculo-

303 795 392 821 rum
423 782 636 821 voluntate
669 787 709 820 et
739 779 941 819 institutis
971 778 1062 818 fuit.
1131 776 1187 818 l4.
1219 780 1368 819 Videte
1399 794 1509 819 nuuc
1549 781 1752 819 maiorum
1795 776 2056 834 sapientiam,

302 844 375 897 qui
407 857 500 883 cum
532 843 717 882 Siciliam
747 848 830 881 tam
862 847 1146 894 opportunum
1185 842 1416 881 subsidium
1454 843 1552 882 belli
1584 849 1709 895 atque
1740 843 1854 894 pacis
1886 843 1937 882 ad
1968 857 2054 883 rem

253 906 508 959 ⁴0puhlicam
538 905 850 951 affiunxissent,
890 909 1001 943 tanta
1041 917 1138 943 cura
1171 903 1334 943 Siculos
1375 905 1480 943 tueri
1511 918 1559 943 ac
1598 905 1778 944 retinere
1819 904 2056 951 voluerunt,

301 974 346 1008 ut
375 981 461 1007 non
492 967 616 1006 modo
648 980 792 1006 eorum
823 965 932 1018 agris
963 966 1139 1018 vectigal
1185 979 1338 1005 novum
1381 966 1542 1005 nullum
1572 967 1859 1019 imponerent,
1902 967 1973 1006 sed
2005 980 2056 1005 ne

300 1031 434 1083 legem
465 1029 635 1082 quidem
667 1028 918 1068 venditionis
960 1027 1228 1071 decumariun
1268 1041 1371 1067 neve
1414 1029 1626 1067 vendundi
1669 1034 1740 1068 aut
1782 1034 1947 1081 tempus
1986 1034 2058 1068 aut

299 1092 438 1131 locum
469 1095 783 1137 commutarent,
814 1095 860 1129 ut
890 1095 1003 1129 certo
1036 1096 1223 1143 tempore
1255 1091 1371 1137 anni,
1409 1095 1454 1129 ut
1484 1091 1637 1130 ibidem
1669 1091 1711 1130 in
1744 1091 1907 1138 Sicilia,
1940 1091 2056 1130 deni—

299 1168 381 1208 que
413 1158 457 1193 ut
486 1154 576 1205 lege
606 1153 831 1192 Hieronica
861 1154 1109 1192 venderent:
1147 1153 1370 1192 voluerunt
1400 1166 1471 1192 eos
1502 1153 1543 1191 in
1577 1153 1662 1192 suis
1694 1153 1816 1192 rebus
1849 1153 1963 1205 ipsos
1994 1152 2056 1191 in-

247 1220 284 1250 «15
300 1222 454 1257 teresse
485 1229 714 1268 eorumque
746 1215 1021 1255 animosnon
1053 1214 1178 1254 modo
1211 1215 1302 1267 lege
1334 1228 1464 1261 nova,
1497 1215 1568 1254 sed
1602 1229 1652 1254 ne
1684 1215 1852 1254 nomine
1885 1215 2055 1268 quidem

299 1280 402 1332 legis
434 1291 543 1318 novo
575 1278 840 1317 commoveri.
886 1274 950 1316 15.
984 1279 1128 1330 ltaque
1161 1277 1356 1316 decumas
1388 1277 1477 1329 lege
1508 1277 1735 1316 Hieronica
1765 1290 1928 1330 semper
1957 1291 2056 1317 ven-

300 1341 460 1381 dundas
491 1345 759 1386 censuerunt,
789 1344 835 1378 ut
865 1339 915 1379 iis
947 1339 1170 1378 iucundior
1201 1344 1310 1378 esset
1339 1339 1522 1378 muneris
1553 1340 1664 1378 illius
1695 1339 1869 1386 functio,
1901 1340 1935 1379 si
1966 1340 2057 1380 eius

300 1404 421 1456 regis,
454 1403 525 1456 qui
549 1402 700 1441 Siculis
729 1402 968 1441 carissimus
990 1401 1081 1447 fuit,
1113 1414 1198 1440 non
1221 1402 1357 1441 solum
1380 1402 1567 1441 instituta
1589 1406 1843 1441 commutato
1866 1402 2055 1454 imperio,

298 1479 442 1506 verum
474 1465 596 1505 etiam
628 1478 782 1504 nomen
814 1469 1010 1504 maneret.
1069 1464 1160 1503 Hoc
1201 1464 1289 1503 iure
1332 1471 1426 1503 ante
1457 1465 1628 1503 Verrem
1660 1470 1893 1517 praetorem
1926 1463 2055 1504 Siculi

246 1532 284 1564 20
297 1542 462 1582 semper
490 1528 554 1567 usi
585 1532 701 1567 sunt:
731 1527 798 1566 hic
829 1527 987 1579 primus
1020 1527 1207 1566 instituta
1238 1527 1437 1573 omnium,
1469 1527 1816 1566 consuetudinem
1842 1539 1866 1565 a
1887 1526 2056 1565 maiori-

296 1591 373 1630 bus
405 1589 610 1637 traditam,
642 1589 933 1629 condicionem
963 1589 1184 1635 amicitiae,
1216 1588 1280 1629 ius
1311 1589 1522 1628 societatis
1554 1588 1787 1628 convellere
1809 1593 1849 1628 et
1870 1601 2055 1628 commu-

298 1660 383 1693 tare
414 1665 541 1692 ausus
573 1657 647 1691 est.

409 1715 494 1754 VII.
544 1711 602 1752 16.
640 1714 731 1761 Qua
763 1715 805 1753 in
835 1728 878 1753 re
911 1715 1091 1766 primum
1122 1713 1225 1752 illud
1257 1714 1518 1766 reprehendo
1553 1718 1593 1752 et
1624 1726 1800 1758 accuSO,
1832 1725 1904 1751 cur
1935 1712 1978 1751 in
2009 1725 2052 1751 re

296 1782 379 1817 tam
408 1781 562 1823 vetere,
595 1780 677 1815 tam
708 1777 862 1815 usitata
885 1776 1114 1829 quidquam
1136 1775 1236 1815 novi
1258 1775 1420 1814 feceris.
1458 1775 1630 1828 Ingenio
1657 1772 1816 1827 aliquid
1837 1779 2053 1814 assecutus

245 1841 367 1880 25es‘?
426 1840 505 1878 Tot
533 1838 724 1878 homines
756 1838 1087 1890 sapientissimos
1129 1842 1170 1877 et
1200 1836 1477 1884 clarissimos,
1523 1837 1596 1890 qui
1640 1837 1753 1876 illam
1793 1836 2053 1888 provinciam

293 1907 389 1941 ante
420 1906 460 1941 te
491 1905 729 1947 tenuerunt,
760 1900 985 1953 prudentia
1015 1900 1279 1953 consilioque
1309 1899 1474 1939 vicisti?
1524 1900 1599 1938 Est
1629 1905 1769 1945 tuum,
1802 1904 1864 1938 est
1894 1899 2051 1952 ingenii

293 1963 620 2016 diligentiaeque
668 1967 791 2002 tuae:
837 1962 890 2002 do
929 1962 1009 2002 hoc
1050 1962 1125 2001 tibi
1167 1968 1207 2001 et
1243 1961 1443 2001 concedo.
1519 1961 1614 2001 Scio
1657 1966 1697 2000 te
1737 1962 1914 2009 Romae,
1959 1974 2053 2000 cum

293 2030 461 2079 praetor
490 2038 624 2072 esses,
656 2024 794 2064 edicto
827 2030 898 2064 tuo
930 2024 1222 2077 possessiones
1252 2022 1532 2062 hereditatum
1564 2036 1587 2062 a
1618 2023 1759 2063 liberis
1791 2024 1842 2063 ad
1873 2023 2049 2070 alienos,

293 2101 317 2127 a
346 2088 490 2141 primis
520 2087 746 2127 heredibus
772 2088 824 2127 ad
846 2086 1069 2133 secundos,
1100 2099 1123 2125 a
1144 2086 1306 2138 legibus
1329 2085 1380 2124 ad
1403 2085 1620 2125 libidinem
1643 2090 1754 2125 tuam
1776 2085 2052 2125 transtulisse.

243 2154 279 2186 30
294 2150 389 2190 Scio
422 2155 460 2189 te
492 2150 627 2189 edicta
658 2150 921 2202 superiorum
943 2149 1127 2187 omnium
1150 2147 1382 2187 correxisse
1405 2153 1445 2186 et
1466 2148 1754 2200 possessiones
1775 2148 2052 2188 hereditatum

293 2225 378 2251 non
405 2212 635 2251 secundum
667 2224 752 2259 eos,
786 2211 857 2264 qui
879 2211 1125 2264 proferrent,
1157 2210 1230 2249 sed
1253 2210 1484 2249 secundum
1507 2223 1592 2256 eos,
1625 2210 1697 2262 qui
1722 2211 1909 2249 dicerent
1931 2215 2052 2249 testa-

292 2278 477 2313 mentum
507 2273 683 2321 factum,
727 2273 915 2313 dedisse:
957 2286 1111 2326 easque
1143 2286 1208 2311 res
1240 2285 1369 2310 novas
1401 2272 1473 2311 abs
1506 2277 1544 2310 te
1576 2272 1758 2324 prolatas
1792 2277 1831 2311 et
1861 2272 2050 2311 inventas

292 2348 442 2388 magno
475 2335 549 2375 tibi
581 2336 772 2389 quaestui
804 2335 933 2375 fuisse
957 2336 1065 2375 scio:
1098 2334 1361 2386 eundemque
1393 2339 1430 2373 te
1455 2333 1623 2372 memini
1646 2334 1855 2374 censorias
1877 2347 2048 2387 quoque

291 2399 405 2452 leges
435 2399 478 2437 in
509 2398 630 2438 sartis
671 2399 790 2438 tectis
831 2398 1048 2451 exigendis
1092 2397 1237 2436 tollere
1278 2402 1317 2435 et
1349 2401 1625 2443 commutare,
1666 2409 1717 2435 ne
1748 2397 1782 2436 is
1813 2396 2049 2443 redimeret,

242 2469 279 2498 35
293 2462 386 2501 cuia
414 2474 480 2501 res
511 2465 643 2508 esset,
684 2474 736 2500 ne
767 2461 929 2514 pupillo
962 2465 1120 2499 tutores
1150 2458 1466 2512 propinquique
1498 2458 1765 2498 consulerent
1795 2472 1878 2512 quo
1910 2458 2048 2498 minus

290 2523 470 2564 fortunis
502 2523 695 2563 omnibus
729 2527 1006 2563 everteretur:
1050 2523 1241 2575 exiguam
1274 2521 1383 2560 diem
1424 2521 1645 2574 praefinire
1678 2521 1816 2574 operi,
1863 2534 1946 2574 qua
1984 2534 2050 2560 ce-

292 2592 403 2626 teros
433 2586 484 2626 ab
514 2585 684 2638 negotio
715 2585 973 2632 excluderes,
1005 2585 1096 2638 ipse
1127 2585 1170 2623 in
1201 2589 1273 2624 tuo
1296 2584 1560 2636 redemptore
1582 2584 1739 2624 nullam
1760 2589 1914 2624 certam
1935 2583 2048 2623 diem

378 2752 407 2783 ’1.
434 2751 519 2791 sunt]
544 2751 705 2791 superiori
730 2750 818 2791 Lg-ie
843 2759 876 2792 p.
903 2760 950 2782 m.
980 2766 1014 2773 —
1042 2752 1073 2782 2,
1101 2750 1238 2782 Romani
1262 2757 1331 2781 om.
1358 2747 1447 2788 Lgl-P.
1473 2757 1505 2789 p.
1526 2757 1571 2780 m.
1602 2767 1636 2771 —-
1663 2749 1693 2781 3.
1721 2749 1864 2780 decimae
1887 2748 1988 2789 [342.
2011 2765 2045 2769 -

290 2801 322 2835 ὅ.
347 2800 506 2834 immunes
529 2801 617 2842 Lg4¹2
642 2811 676 2843 p.
703 2810 768 2833 m.:
796 2802 953 2833 immunes
975 2802 1122 2833 civitates
1145 2799 1216 2832 rell.
1243 2801 1279 2832 Ο.
1302 2816 1335 2820 —
1364 2799 1393 2829 6.
1419 2799 1678 2830 ΡαηΙιονηιὶιαηα
1702 2799 1790 2838 Lg29
1804 2799 1839 2829 B.
1869 2815 1903 2819 —
1932 2798 1982 2828 ⁴0.
2009 2806 2049 2829 ac

291 2852 380 2892 Lg29
394 2851 434 2883 42
452 2854 499 2883 A:
536 2855 565 2883 et
594 2851 667 2883 rell.
701 2852 738 2883 Ο.
773 2869 806 2874 -
842 2852 893 2882 42.
928 2852 1056 2890 quidem
1087 2859 1156 2881 om.
1182 2851 1209 2881 Α
1234 2849 1296 2880 dtt.
1323 2864 1359 2871 —
1397 2848 1609 2879 decumarum
1631 2848 1760 2879 nomine
1782 2857 1863 2879 nove
1884 2848 2047 2879 vendundi

290 2902 380 2942 Lg42
404 2911 438 2942 p.
458 2910 504 2933 m.
541 2902 623 2933 Inde
650 2903 739 2933 coni.
766 2902 888 2933 Kahnt.
908 2900 927 2932 1.
948 2901 968 2932 l.
996 2911 1028 2942 p.
1049 2902 1121 2932 st:
1147 2901 1201 2931 sed
1223 2909 1261 2931 ne
1284 2899 1351 2939 leye
1374 2899 1502 2937 quidem
1525 2898 1717 2929 venditionis
1733 2898 1945 2929 decumarum
1959 2907 2047 2929 nova

288 2952 452 2984 vendundi
475 2954 533 2982 aut
555 2955 680 2991 tempus
694 2954 759 2983 etc.
783 2969 816 2974 -
840 2951 1003 2982 vendundi
1027 2949 1116 2989 Lgi-'zz
1130 2952 1155 2981 A
1172 2950 1192 2980 F
1206 2950 1259 2980 M:
1284 2948 1462 2979 vendundis
1478 2947 1676 2987 (vendendis)
1693 2946 1767 2978 rell.
1789 2963 1824 2969 —-
1851 2948 1902 2978 43.
1920 2951 1958 2978 ut
1981 2951 2045 2978 com

290 3005 376 3033 cereo
393 3001 474 3032 anni
490 2999 578 3040 Lg42
603 3010 636 3041 p.
655 3009 745 3032 m.—
771 3001 805 3032 in
829 3000 944 3032 Sicilia
967 2999 1140 3039 glossema
1166 2999 1304 3030 videtur
1327 2996 1450 3028 Orellio
1475 3000 1509 3028 et
1527 2998 1631 3028 Ravio
1655 2997 1694 3028 V.
1721 2998 1757 3028 L.
1777 2998 1815 3029 11.
1842 3005 1875 3037 p.
1896 2996 1969 3029 1¹44.
2003 2998 2046 3028 At

289 3051 437 3084 delenda
456 3053 530 3082 erat
546 3050 690 3090 virgula,
709 3058 798 3091 quae
816 3052 895 3091 post
910 3050 1026 3081 ibidem
1042 3049 1145 3089 vulgo
1162 3048 1401 3089 interponitur.
1428 3047 1476 3078 Cf.
1495 3046 1606 3078 llaud.
1624 3047 1786 3079 Turs.111.
1807 3055 1839 3087 p.
1852 3047 1924 3078 469.
1945 3055 1996 3078 nr.
2012 3047 2043 3077 2.

293 3118 328 3124 ——
348 3103 399 3134 45.
418 3109 593 3140 eorumque
608 3099 697 3139 Lg42
711 3102 737 3130 A
752 3100 774 3130 B
789 3100 819 3131 M
832 3109 880 3138 cp:
907 3108 1020 3131 eorum
1044 3097 1117 3129 rell.
1139 3115 1174 3120 -—
1193 3098 1272 3137 legis
1286 3105 1366 3128 nove
1385 3097 1415 3136 (i.
1436 3105 1465 3127 e.
1484 3100 1596 3136 novae)
1616 3096 1705 3136 Lg42
1723 3104 1756 3136 p.
1777 3104 1823 3127 m.
1846 3113 1881 3118 —
1908 3096 1960 3127 46.
1979 3096 2044 3127 ita-

291 3160 352 3191 que
373 3150 481 3190 Lg4‘2:
517 3151 566 3181 ita
589 3148 661 3180 rell.
688 3150 724 3180 O.
762 3149 872 3180 Hand.
899 3149 996 3180 Turs.
1025 3148 1078 3178 111.
1103 3156 1136 3188 p.
1164 3146 1226 3179 485
1250 3154 1327 3186 sqq.
1357 3163 1391 3168 —-
1421 3146 1604 3176 vendendas
1633 3146 1733 3185 Lagg.
1762 3146 1900 3184 praeter
1924 3144 1976 3176 42.
2006 3162 2040 3166 -

290 3201 342 3231 47.
368 3203 404 3231 ue
426 3200 453 3231 is
477 3200 496 3231 6
520 3200 622 3239 Lago.
652 3215 685 3220 —
720 3199 772 3229 21.
799 3199 848 3229 ius
870 3198 1031 3229 societatis
1055 3205 1123 3228 om.
1150 3196 1211 3227 dtt.
1241 3213 1275 3217 —-
1311 3194 1362 3226 24.
1387 3198 1493 3226 velere
1517 3195 1556 3226 4:
1590 3195 1690 3226 veteri
1714 3194 1776 3226 dtt.
1803 3194 1838 3225 O.
1868 3211 1902 3215 —-
1936 3195 1988 3226 25.
2015 3197 2045 3225 ec

290 3249 487 3280 clarissimos
503 3247 593 3288 Lg42
609 3248 641 3279 M
658 3257 664 3278 2
690 3248 950 3286 clarissimosque
974 3247 1012 3283 F?
1040 3254 1109 3277 orn.
1129 3244 1202 3276 rell.
1225 3262 1257 3268 -
1285 3245 1337 3276 27.
1365 3245 1613 3284 diligentiaeque
1629 3243 1658 3281 4,
1676 3244 1696 3274 F
1710 3243 1763 3274 M:
1786 3244 2044 3282 prudentiaeque

292 3298 354 3330 dtt.
377 3317 411 3322 -—
437 3298 489 3330 28.
515 3307 538 3329 a
559 3297 667 3329 liberis
690 3296 720 3333 4,
743 3298 875 3335 MNcp:
911 3306 933 3328 a
955 3297 1021 3328 suis
1044 3294 1114 3328 Pal.
1130 3304 1215 3333 ερας
1234 3302 1303 3326 om.
1329 3293 1403 3325 rell.
1426 3311 1460 3315 —-
1486 3294 1539 3325 36.
1561 3292 1742 3334 praefinire
1764 3292 1846 3332 4cp:
1867 3293 2043 3334 praefiniri

292 3347 355 3379 dit.
383 3363 419 3370 -—
445 3356 545 3389 quam
566 3346 674 3389 Lg293
703 3354 765 3386 quo
787 3347 856 3387 Lg5
881 3347 916 3379 et
939 3347 976 3378 O.
