2143 3713
272 227 352 269 670
796 230 850 270 IN
880 229 925 269 L.
958 228 1252 271 CATILINAM
1280 229 1438 271 LIBER
1466 231 1498 270 I.

271 342 323 380 At
352 352 580 393 numquam
610 340 653 380 in
683 340 760 380 hac
789 341 915 389 urbe,
947 341 1018 394 qui
1047 354 1071 381 a
1100 354 1144 381 re
1174 340 1341 393 publica
1371 341 1634 389 defecerunt,
1666 341 1819 382 civium
1846 343 1937 384 iura
1968 349 2028 385 te-

271 407 466 442 nuerunt.
514 403 578 442 An
616 402 817 443 invidiam
858 402 1114 456 posteritatis
1145 404 1294 443 times?
1339 404 1598 444 Praeclaram
1629 417 1728 444 vero
1759 404 1917 457 populo
1948 407 2028 445 Ro-

271 477 393 504 mano
424 463 554 504 refers
585 464 781 517 gratiam,
813 466 885 518 qui
915 469 975 512 te,
1006 464 1218 504 hominem
1247 478 1323 517 per
1353 471 1392 506 te
1415 466 1652 519 cognitum,
1682 465 1798 505 nulla
1819 480 2027 506 commen-

271 527 439 566 datione
470 526 675 566 maiorum
706 531 789 566 tam
820 531 979 566 mature
1010 526 1062 566 ad
1094 540 1300 566 summum
1326 528 1545 581 imperium
1566 541 1640 581 per
1660 540 1803 568 omnes
1824 527 2030 569 honorum

239 588 422 641 bgradus
454 588 623 635 extulit,
655 589 689 629 si
718 594 891 642 propter
920 588 1119 628 invidiam
1151 593 1221 627 aut
1255 588 1432 629 alicuius
1462 590 1637 642 periculi
1669 595 1823 629 metum
1854 590 2030 630 salutem

271 650 424 690 civium
454 655 620 690 tuorum
651 651 841 704 negligis.
901 649 966 690 ⁶25).
1000 650 1081 690 Sed
1124 650 1158 690 si
1190 650 1283 703 quis
1321 656 1382 690 est
1418 651 1597 692 invidiae
1637 657 1791 699 metus,
1829 665 1928 692 num
1970 656 2031 692 est

269 712 559 752 vehementius
591 713 821 753 severitatis
853 726 899 754 ac
929 712 1187 753 fortitudinis
1218 712 1376 753 invidia
1406 727 1530 765 quam
1552 714 1727 754 inertiae
1749 727 1796 753 ac
1817 714 2030 767 nequitiae

269 774 634 828 pertimescenda?
680 775 744 814 An
775 789 868 815 cum
899 775 1009 815 bello
1031 774 1262 814 vastabitur
1290 774 1428 822 Italia,
1458 776 1720 815 vexabuntur
1746 775 1893 823 urbes,
1924 781 2031 816 tecta

269 837 495 885 ardebunt,
536 842 624 877 tum
654 843 693 877 te
724 850 810 877 non
842 837 1056 877 existimas
1088 836 1269 876 invidiae
1300 836 1494 876 incendio
1527 838 1942 890 conflagratiirum‘?»
1976 860 2031 867 ——

220 899 361 941 mxli.
392 900 468 939 His
500 913 575 952 ego
607 898 875 939 sanctissimis
905 899 965 939 rei
1005 898 1197 952 publicae
1230 897 1404 937 vocibus
1435 903 1476 938 et
1505 911 1649 938 eorum
1680 900 1917 948 hominum,
1958 900 2030 954 qui

269 962 349 1002 hoc
387 962 497 1002 idem
537 960 740 1008 sentiunt,
781 961 988 1000 mentibus
1029 973 1159 1013 pauca
1197 959 1474 1012 respondebo.
1533 961 1622 1013 Ego
1653 962 1685 1000 si
1716 961 1795 1002 hoc
1826 962 2030 1015 optimum

268 1023 381 1064 sactu
410 1023 660 1070 iudicarem,
696 1027 836 1075 patres
868 1022 1114 1075 conscripti,
1147 1021 1365 1062 Catilinam
1396 1025 1527 1062 morte
1558 1022 1746 1071 multari,
1776 1025 1902 1063 unius
1931 1037 2031 1062 usu-

270 1099 354 1125 ram
385 1086 513 1126 horae
543 1084 762 1137 gladiatori
793 1084 862 1124 isti
892 1084 944 1123 ad
975 1084 1201 1124 vivendum
1231 1097 1316 1123 non
1349 1083 1570 1124 dedissem.
1618 1085 1783 1125 Etenim
1813 1086 1847 1125 si
1878 1086 2029 1126 summi

271 1152 312 1187 et
342 1146 561 1187 clarissimi
591 1146 669 1186 viri
702 1147 918 1186 Saturnini
949 1151 991 1186 et
1020 1145 1301 1186 Gracchorum
1321 1151 1362 1186 et
1389 1146 1525 1186 Flacci
1557 1151 1597 1186 et
1628 1147 1890 1199 superiorum
1919 1161 2032 1187 com-

222 1209 451 1263 isplurium
483 1208 685 1261 sanguine
716 1222 802 1248 non
832 1209 957 1249 modo
988 1222 1032 1249 se
1062 1222 1147 1249 non
1178 1209 1536 1257 contaminarunt,
1580 1209 1653 1249 sed
1684 1210 1806 1249 etiam
1836 1209 2033 1249 honesta-

270 1277 388 1320 runt,
426 1275 536 1311 certe
565 1270 797 1311 verendum
828 1271 929 1310 mihi
960 1285 1046 1311 non
1076 1275 1182 1318 erat,
1223 1285 1275 1311 ne
1307 1270 1408 1325 quid
1446 1271 1524 1311 hoc
1553 1271 1761 1325 parricida
1791 1271 1940 1311 civium
1969 1272 2033 1310 in-

270 1334 442 1375 terfecto
480 1333 661 1373 invidiae
702 1334 745 1373 in
775 1334 1064 1387 posteritatem
1094 1334 1363 1374 redundaret.
1423 1333 1544 1382 Quod
1576 1335 1610 1374 si
1641 1347 1688 1374 ea
1719 1333 1820 1373 mihi
1851 1333 2031 1373 maxime

269 1396 553 1450 impenderet,
593 1401 732 1435 tamen
773 1395 853 1435 hoe
893 1396 1031 1435 animo
1063 1408 1230 1448 semper
1259 1395 1336 1444 fui,
1378 1401 1425 1435 ut
1462 1396 1661 1436 invidiam
1691 1396 1842 1436 virtute
1873 1401 2031 1449 partam

271 1460 467 1513 gloriam,
506 1471 592 1498 non
632 1458 831 1499 invidiam
872 1464 1075 1511 putarem.
1134 1457 1201 1498 30.
1236 1458 1498 1511 Quamquam
1530 1458 1723 1498 nonnulli
1755 1463 1851 1498 sunt
1879 1459 1923 1497 in
1952 1458 2031 1498 hoc

220 1536 257 1565 ρο
270 1521 439 1570 ordine,
471 1520 544 1574 qui
574 1525 644 1561 aut
675 1534 745 1569 ea,
778 1534 886 1574 quae
916 1522 1154 1569 imminent,
1186 1534 1272 1561 non
1303 1521 1494 1568 videant,
1525 1526 1597 1560 aut
1630 1533 1701 1568 ea,
1735 1534 1843 1574 quae
1873 1520 2030 1568 vident,

269 1583 554 1631 dissimulent3
595 1583 667 1636 qui
699 1596 815 1636 spem
848 1583 1046 1624 Catilinae
1083 1583 1277 1623 mollibus
1308 1583 1524 1623 sententiis
1554 1583 1750 1623 aluerunt
1780 1584 2030 1624 coniuratio-

268 1660 449 1701 nemque
480 1650 722 1686 nascentem
752 1659 837 1685 non
869 1645 1078 1685 credendo
1111 1646 1507 1692 corroboraverunt,
1540 1658 1719 1698 quorum
1742 1647 2028 1686 auctoritatem

268 1710 400 1750 secuti
431 1708 572 1755 multi,
604 1721 689 1747 non
720 1708 854 1748 solum
886 1708 1089 1761 improbi,
1120 1722 1263 1748 verum
1294 1708 1418 1747 etiam
1448 1707 1655 1760 imperiti,
1687 1709 1721 1747 si
1748 1709 1791 1747 in
1811 1708 1922 1748 hunc
1943 1709 2031 1748 ani-

268 1772 604 1818 madvertissem,
647 1770 872 1810 crudeliter
902 1776 943 1810 et
972 1771 1084 1823 regie
1114 1770 1270 1810 factum
1301 1784 1393 1810 esse
1424 1770 1621 1809 dicerent.
1679 1771 1797 1810 Nunc
1827 1770 2029 1824 intelligo,

218 1847 254 1877 25
268 1835 301 1875 si
332 1836 432 1882 iste,
464 1846 549 1887 quo
580 1833 779 1881 intendit,
811 1833 854 1872 in
884 1833 1093 1873 Manliana
1119 1838 1253 1873 castra
1283 1833 1545 1886 pervenerit,
1575 1833 1786 1873 neminem
1815 1837 1899 1873 tam
1931 1834 2031 1873 stul-

269 1903 356 1937 tum
385 1896 498 1944 fore,
531 1895 605 1950 qui
634 1909 719 1935 non
749 1895 893 1935 videat
923 1895 1257 1936 coniurationem
1280 1908 1372 1935 esse
1399 1894 1572 1943 factam,
1603 1895 1812 1934 neminem
1843 1900 1926 1934 tam
1956 1895 2033 1934 im-

267 1960 470 2013 probum,
502 1959 574 2013 qui
604 1971 688 1998 non
716 1957 906 1999 fateatur.
955 1958 1045 1998 Hoc
1076 1963 1214 1999 autem
1244 1971 1329 1998 uno
1360 1957 1579 1998 interfecto
1610 1957 1801 2010 intelligo
1832 1957 1940 1998 hanc
1969 1957 2031 1997 rei

355 2103 386 2133 4.
413 2104 448 2133 αι
469 2109 653 2141 numquam
667 2100 825 2132 --times
847 2100 956 2133 habet
978 2102 990 2132 t
1014 2102 1094 2142 post
1115 2101 1217 2141 refers
1239 2100 1400 2141 qratiam.
1423 2118 1457 2122 —
1478 2099 1570 2139 atqui
1587 2100 1624 2131 C.
1646 2117 1682 2122 ——
1702 2099 1758 2139 qui
1782 2100 1806 2131 C
1822 2108 1840 2130 a
1854 2110 1875 2139 ς
1899 2100 1957 2140 Lg.
1976 2100 2030 2131 50.

266 2152 320 2184 53.
339 2152 399 2184 57:
425 2152 450 2182 ii
477 2150 542 2192 (vel
566 2152 616 2190 hi,
642 2151 697 2191 hii)
725 2152 780 2192 qui·
804 2153 828 2183 R
844 2152 868 2182 L
883 2152 920 2183 Ο.
941 2169 975 2173 -
996 2151 1026 2183 3.
1052 2152 1155 2192 ‘refers
1178 2151 1250 2189 ah,
1277 2152 1336 2190 Lg.
1354 2149 1406 2182 43.
1426 2150 1480 2181 50.
1499 2151 1558 2181 57:
1584 2150 1705 2190 referes
1728 2151 1764 2181 R.
1787 2166 1821 2172 —
1842 2151 1872 2182 5.
1894 2153 2033 2190 promer

265 2203 411 2235 invidiae
434 2203 523 2235 coni.
550 2200 713 2233 Matthiae
738 2200 929 2232 admodum
954 2200 1198 2241 probabilitcr;
1237 2200 1280 2232 ci.
1307 2210 1357 2232 or.
1383 2202 1423 2232 ΙΙ.
1450 2200 1481 2240 g.
1507 2201 1543 2232 3:
1582 2200 1800 2240 iampridem
1821 2209 1880 2241 eqo
1903 2202 1938 2233 L.
1965 2202 2031 2233 Ca-

265 2254 395 2285 tilinam
417 2261 483 2283 non
504 2252 600 2283 modo
624 2251 769 2282 invidiae
791 2259 892 2289 meae,
917 2259 1033 2282 verum
1055 2251 1155 2282 eliam
1176 2251 1264 2281 vitae
1276 2250 1422 2290 periculo
1439 2249 1647 2281 sustulissem.
1664 2268 1700 2272 —
1717 2250 1747 2282 6.
1765 2253 1896 2281 luorum
1912 2250 2032 2281 civium

269 2303 302 2335 d.
324 2320 360 2326 —
386 2303 529 2343 negliges
552 2309 611 2342 qy
626 2309 642 2331 z
667 2301 723 2341 (ex
746 2301 906 2341 wyte-qis,
933 2301 971 2331 ut
995 2302 1049 2332 est
1071 2301 1105 2331 in
1129 2299 1151 2331 b
1166 2299 1267 2338 stu).
1288 2317 1324 2322 -—
1350 2309 1429 2331 num
1453 2308 1471 2330 a
1486 2308 1506 2339 g
1529 2301 1586 2340 Lg.
1606 2300 1658 2332 50.
1678 2300 1730 2332 57.
1756 2300 1780 2332 L
1804 2300 1837 2332 in
1861 2309 1908 2332 m.
1928 2300 2028 2333 4584:

266 2362 331 2384 non
356 2353 430 2384 BL.
460 2369 494 2374 —
532 2350 563 2381 7.
588 2349 766 2381 venientius
791 2358 830 2389 y3
866 2350 1085 2381 veliementior
1114 2349 1412 2389 Chirstuwx,
1448 2351 1468 2382 5
1493 2349 1547 2381 alii
1572 2351 1674 2390 Lagg.
1703 2367 1738 2373 -
1771 2350 1897 2382 invidia
1919 2350 1928 2381 i
1952 2352 2032 2381 ante

266 2411 347 2433 num
369 2404 415 2433 est
439 2399 556 2432 habet.
586 2416 621 2420 —
649 2399 679 2429 9.
706 2401 774 2429 tum
798 2398 837 2439 ie]
863 2402 929 2430 luce
952 2408 992 2438 y,
1018 2403 1087 2431 tum
1110 2408 1180 2431 om.
1206 2400 1246 2431 V.
1275 2400 1401 2439 (firmat
1424 2404 1493 2431 lum
1517 2400 1704 2432 Diomedes
1728 2409 1762 2441 p.
1788 2399 1876 2440 386.)
1905 2416 1940 2422 —
1966 2409 2032 2431 non.

267 2460 337 2483 om.
364 2450 416 2482 ls.
447 2468 481 2473 —
509 2449 562 2481 40.
587 2449 636 2479 his
658 2457 736 2489 erqo
761 2457 830 2488 cg;
857 2448 906 2479 his
926 2458 1004 2480 cero
1027 2458 1067 2481 w.
1097 2467 1132 2470 -<
1165 2458 1279 2481 eorum
1302 2451 1448 2481 omnium
1471 2450 1504 2481 d.
1534 2468 1569 2473 —
1603 2451 1655 2481 44.
1680 2451 1739 2481 hoe
1761 2458 1830 2481 oin.
1857 2451 1915 2489 Lg.
1942 2450 1971 2480 4.
1998 2450 2028 2480 3.

267 2502 298 2534 6.
323 2501 355 2532 7.
381 2500 413 2532 8.
439 2499 492 2532 24.
519 2498 583 2530 soli
607 2508 649 2530 ex
673 2499 762 2531 meis
787 2498 969 2538 omnibus,
1000 2499 1074 2531 LO.
1101 2499 1172 2540 (qui
1195 2501 1232 2531 de
1255 2500 1382 2532 homine
1405 2500 1489 2532 idem
1512 2499 1560 2540 ς.)
1587 2517 1621 2522 -
1648 2500 1788 2531 sentiunt
1810 2499 1894 2530 idem
1918 2499 2027 2531 iw.—

267 2552 319 2583 42.
349 2550 442 2591 sactu
465 2548 777 2589 abcehqu2‚
812 2547 867 2579 alii
892 2550 1016 2589 Lagg.:
1049 2549 1138 2590 facto
1162 2549 1182 2581 (l
1199 2549 1468 2590 gilorstux3
1500 2551 1626 2590 saelum
1658 2551 1715 2589 Lg.
1742 2550 1794 2580 50.
1820 2549 1877 2587 57,
1904 2549 1940 2580 Ο.
1979 2550 2028 2581 Cf.

267 2599 426 2640 Madvigii
452 2599 570 2639 Opusc.
596 2599 620 2629 1.
647 2607 681 2639 p.
710 2598 771 2629 487
795 2607 874 2639 sqq.
904 2617 938 2620 -
965 2599 1066 2630 herae
1088 2608 1228 2630 usuram
1251 2599 1359 2635 deo;
1385 2608 1481 2630 usum
1503 2599 1604 2629 horae
1626 2597 1752 2637 J.g.46.
1773 2615 1808 2619 —
1837 2598 1889 2629 43.
1914 2599 2032 2629 summi

265 2652 295 2680 et
318 2649 401 2680 clar.
425 2649 491 2679 viri
515 2649 538 2679 B
553 2657 574 2689 p
600 2648 658 2687 Lg.
685 2648 737 2679 50.
765 2648 804 2679 57
819 2673 826 2687 ,
861 2647 916 2679 ed.
943 2649 1028 2680 Ven.
1056 2649 1157 2680 4472:
1185 2649 1302 2680 summi
1325 2652 1355 2680 et
1378 2649 1460 2680 clar.
1486 2649 1569 2680 cives
1593 2657 1631 2686 03
1669 2648 1786 2679 summi
1809 2651 1838 2679 et
1860 2648 1942 2679 clar.
1967 2649 2032 2679 viri

265 2699 349 2730 cives
372 2707 391 2729 a
416 2699 450 2730 et
474 2699 532 2737 Lg.
558 2698 616 2735 53;
643 2698 762 2729 summi
785 2698 851 2728 viri
875 2701 904 2729 et
927 2699 1010 2729 clar.
1037 2699 1121 2730 circs
1143 2700 1258 2731 RLO.
1286 2699 1335 2730 Cl'.
1362 2708 1434 2730 var.
1461 2698 1539 2730 lect.
1566 2698 1609 2729 ad
1632 2706 1682 2729 or.
1708 2707 1743 2739 p.
1769 2697 1860 2729 Sulla
1884 2698 1915 2738 g.
1941 2698 1972 2729 3.
1994 2717 2028 2720 -«

267 2748 320 2780 44.
346 2751 376 2779 et
398 2748 574 2779 Saturnini
598 2757 616 2779 e
631 2757 664 2779 o.
685 2765 720 2769 —
748 2748 944 2787 conplurwn
967 2757 988 2779 u
1013 2751 1142 2790 (saiiyu.
1169 2749 1388 2789 complurium
1404 2748 1455 2787 V).
1476 2766 1511 2770 —
1539 2748 1590 2778 45.
1616 2756 1681 2778 ozon
1704 2749 1784 2788 post
1806 2756 1838 2779 se
1855 2756 1925 2779 oni.
1945 2757 1975 2779 c.
1993 2765 2027 2769 —-

265 2798 574 2829 contaminaverunt
598 2798 660 2829 Vd
675 2797 775 2838 eilq
789 2808 805 2829 1·
818 2806 860 2838 y,
887 2799 946 2837 Lg.
972 2799 1025 2830 50.
1052 2800 1104 2831 57.
1135 2817 1169 2821 —
1196 2799 1448 2830 honestaverunt
1469 2797 1497 2828 V
1510 2797 1532 2828 d
1547 2806 1565 2827 e
1581 2806 1601 2837 q
1616 2806 1645 2828 z.
1674 2814 1702 2818 -
1737 2797 1789 2828 46.
1814 2797 1893 2828 mihi
1913 2806 2031 2829 veren-

265 2849 343 2879 dum
367 2848 391 2879 C
416 2848 475 2887 Lg.
501 2847 542 2879 46
567 2845 647 2886 soli,
682 2848 719 2879 O.
747 2848 798 2880 Cf.
826 2849 850 2878 1.
877 2847 908 2887 §-
936 2848 966 2879 5.
995 2865 1029 2870 —
1069 2849 1131 2880 eric
1156 2850 1373 2886 Caeorw,
1410 2845 1465 2877 alii
1490 2847 1592 2885 Lagg.
1621 2863 1655 2867 —
1693 2845 1814 2876 civium
1837 2855 1906 2878 om.
1933 2855 1963 2877 c.
1992 2865 2027 2869 —

264 2897 431 2937 interfecto
455 2904 525 2928 om.
544 2905 573 2928 s.
594 2914 628 2918 —
657 2897 708 2928 47.
735 2897 879 2928 invidiae
901 2905 920 2927 a
936 2906 954 2928 c
969 2907 988 2928 o
1004 2907 1076 2938 pg:
1102 2899 1168 2929 inv.
1195 2899 1295 2930 eliam
1320 2898 1400 2938 (om.
1419 2905 1494 2936 seq.
1513 2896 1560 2935 in)
1578 2896 1619 2933 d;
1646 2896 1790 2927 invidiae
1812 2896 1890 2927 milii
1913 2897 1937 2927 R
1952 2896 2026 2927 Lo.

269 2965 303 2969 —
318 2947 369 2986 ea]
386 2956 426 2978 ea
441 2947 567 2978 invidia
584 2955 623 2987 q;
650 2947 777 2978 invidia
793 2955 832 2978 ea
850 2956 870 2986 y
885 2956 913 2977 z.
932 2964 966 2968 -—
982 2947 1129 2979 maxime
1144 2948 1223 2979 mihi
1239 2957 1256 2978 r
1272 2958 1277 2986 3
1303 2947 1382 2978 mihi
1397 2945 1549 2977 mam-ima
1567 2954 1600 2976 m
1615 2954 1652 2983 03
1677 2947 1824 2978 marimo
1841 2947 1921 2987 (om.
1939 2947 2028 2986 mihi)

266 3005 303 3035 e,
330 2996 408 3028 sort.
428 2997 536 3027 recte.
558 3014 593 3018 —
621 2996 673 3028 48.
698 2996 748 3037 fui
770 3005 896 3036 semper
911 2997 935 3027 B
950 3005 968 3027 a
983 3005 1005 3037 y
1019 3006 1054 3036 Ζ,
1080 2998 1138 3037 Lg.
1158 2997 1211 3029 53.
1233 3016 1268 3020 —
1286 2997 1407 3028 virtute
1422 3012 1470 3019 --·
1487 2996 1647 3027 invidiam
1663 3004 1731 3027 om.
1751 3004 1792 3037 p;
1819 3005 1841 3027 u
1865 2996 1897 3026 in
1915 3004 2026 3034 marg.

266 3045 384 3077 habet.
413 3063 446 3069 —
472 3049 632 3085 paratam
656 3055 688 3086 g.
717 3063 751 3068 —-
787 3047 841 3078 20.
867 3054 907 3078 ea
930 3054 1001 3078 oni.
1028 3056 1060 3078 o.
1089 3063 1124 3068 —
1163 3056 1249 3086 quae
1270 3047 1402 3078 videant
1425 3045 1506 3077 ltu.
1534 3063 1569 3067 —-
1606 3046 1659 3077 ⁶24.
1686 3045 1874 3076 dissimilent
1898 3045 1960 3077 ds.
1990 3063 2024 3068 —

265 3095 409 3127 uiuerint
425 3112 473 3118 --
488 3096 776 3128 corroboraverint
800 3096 834 3127 d.
862 3113 899 3118 —
932 3097 984 3128 22.
1012 3106 1152 3137 quorum
1175 3097 1371 3128 auctoritate
1393 3096 1487 3127 multi
1511 3095 1532 3127 d
1546 3105 1577 3135 ς,
1614 3113 1649 3117 —-
1681 3096 1735 3127 23.
1759 3094 1854 3125 multi
1875 3095 1975 3126 seculi
1997 3105 2024 3127 r.

270 3164 303 3168 —
330 3146 384 3178 sed
407 3146 505 3177 eiiam
528 3146 562 3177 d.
592 3163 627 3168 -—
663 3146 830 3185 imperiosi
853 3156 885 3185 ς.
921 3163 956 3167 -
994 3147 1028 3178 in
1057 3147 1152 3188 hunc]
1184 3147 1218 3178 in
1241 3155 1311 3178 om.
1337 3154 1373 3183 a;
1410 3154 1474 3176 non
1498 3153 1529 3185 g.
1559 3163 1594 3167 —
1620 3145 1731 3176 animo
1754 3144 1963 3175 advertissem
1985 3153 2023 3183 a;

267 3195 476 3226 advertissem
493 3204 528 3233 r3
555 3195 860 3227 animadzmrhssent
876 3204 897 3235 g
909 3194 919 3227 l
932 3197 956 3227 t.
978 3214 1012 3218 -«
1039 3196 1092 3228 24.
1112 3200 1141 3228 et
1164 3196 1293 3237 eyreyie
1308 3203 1347 3235 q;
1372 3204 1438 3225 wion
1461 3196 1589 3236 egregie
1604 3196 1631 3226 V
1645 3204 1663 3226 c
1678 3204 1699 3235 p
1713 3202 1804 3233 wyz
1816 3219 1823 3232 ,
1849 3192 1903 3225 alii
1920 3195 2023 3234 Lagg.

270 3261 304 3265 —
331 3246 383 3276 ⁶25.
410 3254 473 3284 quo
497 3245 596 3276 tendit
620 3254 639 3277 e
665 3246 811 3285 (inlendit
834 3245 942 3277 habet
965 3246 1071 3278 Prisc.
1096 3247 1135 3277 ΙΙ.
1163 3254 1196 3285 p.
1216 3244 1302 3284 443.)
1322 3261 1357 3265 —
1382 3244 1547 3275 Malliana
1570 3246 1629 3276 Oo
1653 3245 1688 3275 et
1709 3243 1840 3283 aliquot
1862 3244 1965 3282 Lagg.
1987 3260 2022 3265 —-

266 3293 319 3325 26.
346 3295 425 3333 quin
446 3295 557 3327 videat
578 3304 597 3326 a
612 3305 633 3334 ς
656 3296 714 3336 Lg.
740 3295 794 3327 46.
822 3296 888 3336 (qui
911 3305 976 3327 non
1000 3296 1118 3336 Prisc.)
1146 3312 1180 3316 —
1206 3295 1334 3335 factam
1356 3302 1420 3325 csse
1444 3296 1467 3325 C
1482 3293 1505 3325 d
1521 3303 1628 3332 orw;
1656 3293 1860 3333 patefactam
1881 3300 1946 3325 esse
1970 3289 2022 3323 vel

268 3350 334 3375 esse
350 3343 454 3383 pales.
479 3345 503 3375 B
521 3344 549 3376 V
563 3353 581 3377 e
596 3352 618 3385 q
633 3353 703 3387 yz,
730 3344 785 3377 alii
808 3346 911 3387 Lagg.
940 3346 1015 3386 (esse
1035 3345 1162 3385 factam
1184 3343 1292 3376 habet
1315 3343 1436 3384 Prisc.)
1464 3361 1498 3365 »-
1525 3344 1579 3376 27.
1604 3352 1670 3375 non
1691 3351 1761 3375 om.
1788 3351 1822 3384 p.
