2127 3708
249 221 275 262 4
775 222 975 264 ORATIO
1005 223 1108 264 PRO
1139 224 1183 264 P.
1215 223 1468 272 QUINCTIO

253 334 347 373 Sex.
379 334 559 373 Naevius
590 346 728 387 neque
764 335 1016 375 inhumanus
1048 348 1198 389 praeco
1230 341 1292 376 est
1321 349 1518 390 umquam
1551 337 1823 378 existimatus.
1883 337 1994 386 Quid

252 410 348 448 ergo
383 398 478 436 est?
520 397 621 436 Cum
654 397 690 436 ei
722 403 870 437 natura
900 398 1005 437 nihil
1036 399 1185 438 melius
1209 413 1333 452 quam
1355 412 1499 439 vocem
1521 400 1722 446 dedisset,
1754 405 1871 452 pater
1888 400 1993 439 nihil

249 464 414 511 praeter
434 459 666 498 libertatem
686 460 946 512 reliquisset,
981 474 1125 500 vocem
1148 462 1188 500 in
1211 466 1428 513 quaestum
1452 463 1647 510 eontulit;
1679 463 1868 502 libertate
1891 476 1992 502 usus

250 526 331 568 est,
374 535 457 575 quo
500 521 712 574 impunius
753 522 874 561 dicax
913 529 1035 562 esset.
1097 521 1161 562 49.
1208 524 1345 571 Quare
1390 524 1557 577 quidem
1603 525 1762 564 socium
1793 525 1866 565 tibi
1898 538 1990 565 eum

217 584 376 623 5velles
407 584 654 636 adiungere,
685 584 789 623 nihil
821 589 927 631 erat,
960 586 1040 624 nisi
1071 592 1118 625 ut
1149 587 1190 624 in
1222 592 1291 625 tua
1318 587 1495 638 pecunia
1517 588 1797 634 condisceret,
1829 587 1900 640 qui
1922 601 1993 640 pe-

248 646 396 685 cuniae
426 645 584 685 fructus
617 651 747 685 esset:
780 651 916 686 tamen
950 647 1143 687 inductus
1167 649 1470 687 consuetudine
1492 662 1538 688 ae
1559 649 1837 689 familiaritate
1861 650 1993 697 Quin-

247 709 352 747 ctius
383 708 502 755 fecit,
542 713 587 746 ut
618 708 726 755 dixi,
769 709 1011 749 societatem
1044 724 1185 750 earum
1216 724 1372 757 rerum,
1406 724 1511 763 quae
1543 712 1583 750 in
1616 712 1747 752 Gallia
1779 724 1990 764 compara-

244 770 407 810 bantur.
466 771 564 809 Erat
603 770 640 808 ei
681 772 877 822 pecuaria
917 785 982 811 res
1014 774 1150 825 ampla
1183 778 1222 812 et
1252 773 1406 811 rustica
1432 786 1530 812 sane
1560 774 1665 813 bene
1697 775 1807 814 culta
1837 779 1877 812 et
1905 773 1990 811 fru-

245 838 402 872 ctuosa.
462 833 641 871 Tollitur
670 833 720 871 ab
752 834 869 872 atriis
900 834 1072 874 Liciniis
1105 842 1230 889 atque
1261 849 1282 874 a
1316 848 1567 887 praeconum
1599 850 1797 876 consessu
1828 836 1869 875 in
1897 835 1991 874 Gal-

195 894 341 934 loliani
374 895 553 934 Naevius
585 900 625 934 et
657 900 768 934 trans
799 896 926 948 Alpes
957 911 1091 950 usque
1122 897 1380 937 transfertur.
1431 898 1493 936 Fit
1523 911 1671 950 magna
1701 898 1875 937 mutatio
1895 897 1990 942 loci,

242 971 327 996 non
359 957 528 1007 ingenii.
588 958 714 1004 Nam,
747 958 819 1011 qui
851 959 900 997 ab
932 960 1246 999 adolescentulo
1281 965 1499 1013 quaestum
1533 960 1610 999 sibi
1634 960 1883 999 instituisset
1901 960 1989 998 sine

242 1019 478 1072 impendio,
520 1024 796 1073 posteaquam
836 1022 978 1060 nescio
1019 1023 1118 1075 quid
1166 1023 1368 1075 impendit
1400 1028 1440 1061 et
1470 1023 1513 1061 in
1544 1036 1763 1062 commune
1795 1021 1989 1068 contulit,

242 1081 442 1121 mediocri
490 1087 666 1135 quaestu
706 1087 926 1123 contentus
965 1097 1056 1124 esse
1087 1098 1171 1124 non
1203 1090 1379 1137 poterat.
1448 1082 1504 1123 13.
1536 1087 1620 1124 Nec
1652 1085 1822 1131 mirum,
1869 1084 1902 1124 si
1933 1085 1989 1130 is,

242 1144 313 1197 qui
344 1157 487 1183 vocem
518 1145 708 1185 venalem
746 1145 968 1194 habuerat,
1008 1160 1076 1193 ea,
1119 1161 1225 1200 quae
1270 1162 1371 1187 voce.
1403 1148 1688 1201 quaesiverat,
1730 1160 1879 1200 magno
1911 1147 1988 1186 sibi

191 1212 226 1240 ⁴5
241 1207 434 1258 quaestui
475 1206 564 1246 sore
609 1207 794 1259 putabat.
854 1209 1000 1261 ltaque
1040 1209 1209 1247 hercule
1240 1210 1350 1248 haud
1383 1209 1648 1249 mediocriter
1679 1209 1728 1248 (le
1760 1209 1987 1256 communi,

240 1269 447 1322 quidquid
479 1274 668 1321 poterat,
701 1270 752 1309 ad
784 1283 827 1309 se
858 1270 900 1309 in
933 1271 1134 1323 privatam
1169 1272 1336 1310 domum
1369 1272 1601 1311 sevocabat.
1663 1273 1755 1320 Qua
1785 1273 1826 1311 in
1857 1285 1900 1311 re
1931 1272 1989 1311 ita

239 1331 418 1384 diligens
450 1336 560 1379 erat,
602 1332 722 1385 quasi
756 1332 806 1379 ii,
850 1333 921 1385 qui
956 1346 1102 1385 magna
1133 1330 1212 1371 lide
1245 1334 1485 1372 societatem
1517 1340 1726 1385 gererent,
1772 1335 1987 1374 arbitrium

237 1407 313 1446 pro
346 1394 461 1433 socio
494 1395 763 1434 condemnari
795 1396 990 1434 solerent.
1042 1396 1194 1434 Verum
1225 1395 1290 1435 his
1322 1397 1371 1435 (le
1403 1397 1526 1436 rebus
1557 1410 1642 1436 non
1662 1411 1832 1437 necesse
1852 1398 1987 1437 habeo

238 1455 375 1496 dicere
421 1469 490 1504 ea,
536 1470 643 1510 quae
688 1471 754 1497 me
794 1458 836 1497 P.
866 1458 1087 1505 Quinctius
1129 1458 1243 1510 cupit
1285 1470 1630 1498 commemorare:
1671 1460 1832 1499 tametsi
1865 1472 1989 1499 causa

185 1524 222 1554 20
236 1517 442 1570 postulat,
474 1524 634 1567 tamen,
670 1520 769 1573 quia
801 1521 1006 1573 postulat,
1039 1534 1123 1559 non
1156 1521 1330 1573 flagitat,
1362 1522 1611 1574 praeteribo.
1669 1522 1738 1561 IV.
1779 1518 1844 1561 ³141.
1888 1522 1989 1561 Cum

236 1594 369 1620 annos
410 1581 492 1620 iam
534 1582 771 1635 complures
813 1584 993 1623 societas
1035 1589 1143 1623 esset
1187 1589 1348 1622 etcum
1383 1597 1506 1635 saepe
1538 1589 1756 1637 suspectus
1789 1584 1987 1633 Quinctio

235 1643 415 1683 Naevius
438 1644 586 1684 suisset
607 1658 745 1698 neque
768 1645 824 1684 ita
847 1646 1065 1685 commode
1088 1652 1230 1699 posset
1253 1647 1454 1685 rationem
1481 1647 1654 1686 reddere
1673 1660 1814 1686 earum
1836 1659 1987 1693 rerum,

236 1718 340 1758 quas
371 1705 567 1755 libidine,
610 1722 695 1747 non
726 1708 888 1747 ratione
921 1714 1127 1761 gesserat,
1161 1709 1335 1747 moritur
1367 1709 1405 1747 in
1441 1708 1575 1747 Gallia
1607 1708 1849 1756 Quinctius,
1895 1722 1988 1748 cum

233 1768 399 1807 adesset
439 1770 641 1817 Naevius,
683 1775 724 1809 et
763 1771 939 1810 moritur
974 1772 1209 1824 repentino.
1279 1772 1484 1810 lleredem
1526 1777 1772 1811 testamento
1817 1771 1989 1824 reliquit

183 1830 343 1870 25hunc
374 1832 416 1870 P.
450 1832 715 1880 Quinctium,
753 1839 818 1881 ut,
860 1834 912 1873 ad
944 1848 1068 1887 quem
1101 1848 1286 1873 summus
1321 1846 1483 1872 maeror
1515 1838 1646 1873 morte
1678 1847 1753 1873 sua
1783 1833 1987 1879 veniebat,

235 1893 286 1932 ad
318 1894 496 1934 eundem
529 1909 715 1935 summus
746 1896 882 1936 honos
914 1910 1086 1950 quoque
1118 1896 1365 1949 perveniret.
1425 1893 1482 1934 lb.
1516 1896 1609 1944 Quo
1642 1901 1805 1935 mortuo
1833 1910 1909 1936 nec
1931 1896 1988 1935 ita

234 1955 365 1994 multo
397 1962 493 2008 post
524 1958 564 1996 in
589 1958 764 1997 Galliam
795 1956 1075 2011 proficiscitur
1097 1959 1331 2007 Quinctius.
1390 1958 1447 1996 lbi
1472 1971 1564 1997 cum
1596 1958 1675 1997 isto
1710 1954 1896 2011 [Naevio]
1928 1956 1988 1996 fa-

233 2018 451 2058 miliariter
496 2020 609 2060 vivit.
668 2023 835 2060 Annum
873 2021 958 2060 fere
999 2036 1081 2061 una
1122 2027 1236 2068 sunt,
1281 2035 1374 2060 cum
1413 2025 1453 2059 et
1492 2021 1542 2059 de
1574 2020 1772 2059 societate
1802 2020 1911 2059 inter
1941 2032 1985 2059 se

233 2080 363 2119 multa
395 2083 753 2122 communicarent
783 2089 823 2122 et
853 2085 903 2123 de
935 2089 1020 2123 tota
1052 2084 1121 2123 illa
1154 2084 1315 2123 ratione
1347 2087 1470 2135 atque
1500 2095 1543 2121 re
1576 2082 1808 2130 Gallicana,
1846 2094 1985 2135 neque

181 2149 218 2178 30
233 2142 392 2182 interea
422 2144 594 2183 verbum
625 2145 757 2184 ullum
789 2146 1041 2198 interposuit
1071 2147 1273 2192 Naexius,
1305 2151 1377 2184 aut
1398 2145 1640 2183 societatem
1666 2144 1743 2182 sibi
1766 2144 1983 2197 quidpiam

233 2205 406 2253 debere,
439 2211 509 2245 aut
540 2207 735 2259 privatim
758 2208 1002 2256 Quinctium
1034 2209 1240 2248 debuisse.
1294 2209 1392 2246 (lum
1427 2208 1533 2246 aeris
1564 2206 1690 2245 alieni
1722 2206 1982 2259 aliquantum

232 2273 343 2307 esset
380 2267 593 2317 relictum,
639 2270 791 2322 quibus
831 2271 1071 2310 nominibus
1115 2271 1335 2324 pecuniam
1378 2271 1532 2309 Romae,
1574 2269 1707 2308 curari
1751 2273 1985 2321 oporteret,

231 2330 469 2369 auctionem
500 2331 543 2370 in
575 2332 709 2371 Gallia
739 2334 781 2372 P.
803 2332 870 2371 hic
893 2333 1116 2380 Quinctius
1138 2334 1329 2373 Narbone
1357 2346 1399 2371 se
1421 2332 1625 2372 facturum
1649 2345 1740 2371 esse
1761 2330 1987 2384 proscribit

231 2406 371 2432 earum
402 2407 562 2442 rerum,
596 2408 703 2448 quae
734 2394 868 2447 ipsius
891 2402 1009 2435 erant
1038 2396 1237 2449 privatae.
1284 2393 1348 2435 flss.
1380 2395 1439 2434 lbi
1463 2400 1547 2434 tum
1572 2394 1633 2434 vir
1653 2394 1855 2446 optimus,
1889 2393 1983 2432 Sex.

317 2496 347 2528 4.
375 2497 503 2536 quidem
527 2498 550 2528 B
566 2498 591 2526 G
607 2506 626 2528 a
643 2497 664 2528 b
684 2507 701 2529 c
719 2497 740 2529 d
758 2498 804 2538 fg
821 2499 842 2529 h
860 2501 868 2529 i
886 2499 906 2530 k
923 2498 932 2530 l
950 2509 989 2530 n:
1017 2501 1094 2539 quid
1118 2510 1153 2538 e,
1181 2500 1265 2539 quod
1288 2501 1313 2530 Α
1329 2500 1351 2530 L
1366 2498 1386 2531 8
1400 2500 1435 2529 O.
1465 2498 1513 2529 Cf.
1542 2498 1571 2537 g
1591 2499 1650 2529 60:
1680 2497 1885 2528 commissum
1905 2496 1987 2527 nihil

229 2550 322 2585 esset,
349 2555 452 2585 quare
475 2548 519 2578 ad
543 2548 639 2579 istam
663 2549 823 2580 rationem
843 2551 1086 2589 perveniretur,
1113 2553 1147 2582 et
1171 2551 1213 2581 de
1239 2559 1301 2581 usu
1327 2547 1512 2590 particulae
1539 2548 1667 2585 quidem
1690 2546 1801 2579 Halm.
1821 2546 1864 2578 ad
1881 2555 1931 2579 or.
1949 2547 1985 2578 in

228 2597 339 2627 Vatin.
368 2598 418 2635 42,
446 2597 496 2628 30.
525 2606 557 2638 p.
585 2598 636 2628 99.
667 2617 701 2620 —
727 2598 809 2639 eum]
840 2608 913 2630 cum
942 2602 964 2630 G
985 2610 1001 2631 a
1021 2600 1042 2631 b
1062 2601 1079 2631 k
1098 2599 1105 2631 l
1124 2610 1156 2631 n.
1186 2617 1220 2621 —
1252 2600 1282 2631 8.
1311 2598 1506 2638 pecuniaria
1540 2600 1562 2627 (i
1582 2606 1599 2627 a
1618 2606 1635 2627 e
1654 2595 1688 2628 fl
1707 2605 1739 2628 m
1758 2605 1780 2628 n
1813 2595 1985 2636 (pecuaria

228 2654 296 2685 ing.
335 2646 368 2686 s.)
404 2664 438 2668 —<
476 2648 506 2678 9.
539 2648 654 2678 Licinii
683 2650 722 2680 Α.
757 2667 791 2671 —
823 2658 979 2680 consensu
1011 2651 1073 2681 BG
1093 2649 1114 2681 b
1133 2660 1150 2681 c
1168 2649 1189 2680 d
1208 2659 1225 2679 c
1244 2649 1288 2689 fg
1306 2649 1325 2679 li
1346 2649 1352 2679 i
1371 2647 1378 2679 l
1397 2658 1415 2678 n
1450 2649 1483 2678 et
1517 2648 1555 2678 A.
1590 2647 1749 2687 (consessu.
1777 2654 1845 2686 mg.
1877 2646 1912 2686 f.)
1945 2662 1980 2668 —

228 2696 280 2726 Μ.
306 2696 503 2727 adolescente
526 2698 627 2728 tacite
646 2697 794 2730 Klotzius
819 2698 874 2730 ed.
895 2698 951 2730 alt.
975 2717 1009 2721 —-
1037 2698 1087 2730 44..
1116 2698 1177 2729 «al.
1197 2698 1402 2737 quaesierat»
1429 2706 1496 2736 mg.
1518 2696 1549 2729 8.
1571 2714 1607 2718 —
1635 2696 1685 2727 46.
1706 2694 1873 2736 quidquid]
1899 2694 1985 2735 quod

227 2745 368 2784 quidque
392 2755 409 2776 a
428 2746 450 2777 b
469 2755 486 2777 c
504 2747 525 2777 d
543 2756 561 2778 e
581 2748 626 2788 t'g
643 2748 663 2778 h
682 2749 690 2779 i
709 2749 726 2778 k
746 2748 752 2779 l
772 2758 808 2787 n,
844 2751 929 2788 quod
952 2750 1085 2788 quisque
1108 2758 1142 2780 ni
1168 2751 1201 2780 et
1224 2751 1268 2787 Α,
1295 2749 1379 2787 quod
1403 2748 1520 2785 quique
1545 2748 1587 2785 G,
1613 2747 1742 2785 quidem
1765 2745 1922 2784 quidquid
1944 2745 1981 2785 B,

226 2798 262 2824 ut
285 2795 427 2834 quidque
450 2795 503 2827 vel
529 2806 625 2836 quom
650 2799 789 2836 quidque
813 2798 978 2829 Halmius.
1017 2798 1129 2830 Malim
1155 2800 1376 2838 quodcunque.
1399 2815 1433 2818 —
1461 2797 1511 2828 Π.
1542 2796 1573 2837 ii]
1598 2797 1630 2827 hi
1654 2797 1679 2825 G
1696 2804 1713 2826 a
1732 2803 1749 2826 e
1766 2796 1800 2826 h.
1834 2810 1869 2816 —
1896 2793 1985 2825 arbi-

226 2845 337 2885 trium]
361 2846 490 2876 arbitrii
509 2846 679 2883 Budaeus,
700 2848 838 2878 arbitrio
856 2850 920 2886 AL,
940 2850 983 2879 ad
999 2849 1175 2880 arbitrium
1192 2849 1372 2886 Manutius,
1400 2848 1443 2877 ad
1459 2847 1621 2877 arbitrum
1638 2845 1874 2882 Ranconetus;
1903 2853 1983 2876 «ar-—

227 2894 359 2925 barium
384 2904 446 2935 pro
470 2894 677 2934 glossemate
703 2898 833 2928 liabent
850 2900 1028 2936 Graevius,
1054 2898 1119 2929 alii¹
1151 2899 1200 2930 Cf.
1219 2908 1280 2940 pro
1298 2899 1397 2929 Rosc.
1419 2898 1514 2927 (lom.
1535 2897 1566 2933 9,
1586 2897 1660 2927 25.»
1686 2896 1742 2926 On.
1770 2894 1983 2934 (uAr-bitrium

227 2944 310 2974 milii
335 2953 412 2976 esse
437 2944 574 2976 videtur
598 2948 792 2978 aestimatio
816 2946 881 2977 litis
906 2956 968 2987 pro
993 2949 1098 2987 socio,
1125 2950 1293 2988 quantum
1311 2946 1441 2977 arbiter
1458 2945 1578 2977 deberi
1595 2946 1688 2977 socio
1706 2943 1885 2976 deciderit.
1915 2944 1983 2976 Ad-

227 2993 294 3024 tine
319 2992 400 3024 illud
425 2996 477 3025 est
502 2995 534 3026 in
559 3004 607 3027 or.
634 3006 667 3036 p.
694 2997 793 3028 redit.
821 2997 854 3027 in
879 3006 953 3028 sen.
979 3006 1009 3028 c.
1036 2998 1073 3028 7:
1110 2998 1251 3029 arbitria
1272 2997 1396 3037 funeris
1419 2996 1647 3033 solvebantur,
1673 2994 1791 3035 quanti
1814 2992 1887 3026 scil.
1913 2995 1982 3026 im-

226 3051 357 3082 pensae
388 3044 516 3075 funeris
545 3046 830 3077 aestimabantur.
868 3048 939 3084 Qua
965 3046 1007 3078 de
1032 3056 1069 3078 re
1095 3048 1137 3078 ad
1163 3056 1192 3078 c.
1219 3048 1270 3078 37.
1297 3055 1329 3087 p.
1357 3046 1461 3077 domo
1486 3045 1725 3077 disseruimus.
1770 3044 1877 3075 Deest
1898 3052 1982 3075 ver-

226 3092 312 3124 bum
337 3095 370 3124 et
394 3093 618 3133 subauditur,
652 3096 678 3126 si
703 3095 807 3133 relis,
833 3096 988 3126 solvere.»
1015 3098 1093 3128 (Lm.
1112 3097 1155 3136 2.)
1184 3113 1218 3117 —
1246 3096 1297 3127 v18.
1323 3096 1422 3126 solentv
1447 3095 1467 3125 l)
1486 3105 1503 3127 c
1522 3095 1542 3126 d
1561 3104 1578 3125 e
1597 3095 1642 3135 fg
1660 3095 1668 3125 i
1684 3093 1694 3125 l
1710 3102 1764 3132 m,
1796 3093 1920 3124 soleant
1939 3093 1979 3124 Α.

229 3159 263 3162 --
292 3143 343 3174 49.
369 3143 505 3184 tametsi]
530 3152 608 3174 nam.
632 3145 689 3175 elsi
706 3146 934 3183 Hotomanus,
962 3145 1150 3177 undenam
1173 3146 1298 3177 tametsi
1316 3147 1348 3176 l..
1372 3164 1406 3167 —
1433 3146 1484 3175 ΞΟ.
1512 3148 1619 3176 tanton
1642 3144 1721 3183 quia
1740 3142 1884 3182 postulat
1907 3150 1978 3173 om.

227 3192 263 3222 G.
292 3192 341 3222 Cf.
368 3202 430 3233 pro
455 3194 497 3225 M.
524 3194 629 3225 Tullio
654 3196 683 3233 ξ.
709 3195 740 3225 5
767 3194 928 3226 llusclike
952 3194 1048 3226 Anal.
1075 3204 1108 3236 p.
1136 3194 1208 3227 404..
1238 3211 1272 3216 —
1306 3194 1358 3226 ⁶24.
1384 3195 1548 3233 repenline
1570 3194 1602 3225 k.
1631 3210 1666 3215 -
1692 3193 1745 3224 27.
1770 3192 1894 3224 Naevio
1917 3199 1980 3223 su-

225 3243 385 3280 spectum
414 3243 565 3274 Manutio
589 3242 777 3275 delendum
809 3246 930 3275 censet
962 3246 1038 3275 Gar.
1065 3245 1096 3275 ἱ).
1135 3263 1169 3267 -
1206 3244 1258 3276 ⁶29.
1285 3247 1314 3275 et
1337 3245 1374 3274 de
1397 3247 1465 3275 lota
1490 3243 1556 3284 illa]
1586 3244 1687 3281 deque
1708 3242 1766 3272 illa
1789 3244 1857 3273 tota
1878 3241 1910 3272 k.
1938 3257 1976 3263 —

225 3289 278 3322 311.
303 3291 511 3331 aliquantum
534 3294 559 3322 G
577 3302 595 3323 a
614 3292 634 3323 b
652 3302 670 3324 c
687 3293 709 3323 d
726 3302 743 3324 e
762 3294 807 3334 fg
823 3294 846 3325 h
863 3294 872 3324 i
888 3302 923 3326 m
940 3302 961 3325 n
976 3321 981 3336 ‚
1007 3295 1091 3326 item
1107 3293 1246 3326 Palatini
1264 3295 1298 3326 et
1314 3294 1526 3327 oxonienses
1542 3301 1684 3335 omnes,
1708 3292 1774 3326 AL
1789 3299 1796 3324 :
1822 3290 1979 3332 aliquan-

224 3340 328 3373 tulum
351 3341 423 3375 80.
453 3360 487 3366 -
514 3342 566 3374 33.
592 3343 730 3384 yalliam
753 3352 784 3375 e.
