2143 3713
530 212 626 254 CAP.
657 209 770 252 xxi.
800 207 844 262 §-
874 205 1067 248 46—49.
1100 204 1246 262 [xvn.
1277 201 1471 259 36—39.]
1803 199 1885 241 477

139 327 234 368 victi
277 326 400 366 armis
441 329 537 366 sunt
576 327 647 364 aut
684 320 920 361 invitissimi
960 320 1220 374 paruerunt?
1263 317 1298 356 A
1331 330 1415 370 quo
1446 314 1632 369 periculo
1664 313 1887 361 defendite,

140 389 320 436 iudices,
351 389 483 428 civem
512 385 658 426 fortem
688 388 812 436 atque
843 382 1132 422 innocentem:
1165 384 1305 420 curate
1335 384 1380 418 ut
1410 377 1564 417 nostris
1592 377 1766 417 testibus
1796 376 1888 429 plus

141 464 264 504 quam
295 449 536 503 alienigenis
568 445 794 486 credidisse
825 443 1064 491 videamini,
1094 442 1189 496 plus
1220 441 1341 482 saluti
1372 440 1522 481 civium
1553 452 1678 492 quam
1707 438 1889 478 hostium

142 512 317 552 lubidini
348 509 630 555 consuluisse,
662 506 889 560 graviorem
921 506 1089 546 duxisse
1121 505 1210 544 eius
1233 503 1585 549 obsecrationem,
1617 514 1722 554 quae
1741 500 1890 540 vestris

144 574 267 614 sacris
299 570 472 627 praesit',
503 583 627 624 quam
658 583 801 610 eorum
830 568 1069 614 audaciam,
1101 566 1173 620 qui
1204 579 1296 606 cum
1328 565 1511 605 omnium
1543 563 1668 603 sacris
1690 562 1920 602 delubris—5

145 650 226 690 que
255 636 365 677 bella
394 637 619 688 gesserunt.
663 633 877 672 Postremo
908 629 1152 683 prospicite,
1198 628 1380 675 iudices,
1412 626 1454 665 id
1485 625 1600 679 quod
1630 624 1682 665 ad
1713 623 1891 676 dignita-

145 705 225 738 tem
262 697 404 752 populi
441 695 614 735 Romani
644 693 823 733 maxime
855 692 1056 746 pertinet,
1096 695 1142 729 ut
1170 689 1264 742 plus
1295 688 1407 743 apud
1438 702 1511 729 vos
1541 699 1687 741 preces
1717 686 1891 739 virginis

144 761 319 802 Vestalis
351 771 474 813 quam
503 756 640 796 minae
672 755 885 796 Gallorum
914 753 1094 794 valuisse
1124 752 1356 793 videantur.

903 928 921 938 ,-

229 933 260 965 6.
284 931 439 973 gesserint
460 928 609 962 Klotzius
633 929 667 961 in
691 928 735 962 ed
772 929 812 960 11.
841 945 876 950 —-
910 938 933 960 A.
958 926 1087 968 utplus
1110 926 1200 966 apud
1223 926 1262 957 S:
1290 926 1388 957 uilius
1411 928 1491 966 aput
1513 925 1553 958 V.

732 1162 942 1223 THEOD.
979 1161 1304 1223 MOMMSENH

623 1267 901 1308 Excunsus
932 1267 1002 1307 AD
1036 1267 1146 1307 CAP.
1178 1267 1250 1306 lx.
1281 1264 1323 1318 5.
1363 1261 1421 1303 19.

230 1372 348 1412 Agitur
371 1372 437 1403 hoe
460 1370 536 1403 loco
561 1371 604 1403 de
628 1372 782 1412 portorio
806 1372 850 1403 ab
875 1373 915 1403 iis
940 1370 1108 1403 solvendo
1126 1371 1184 1412 qui
1209 1379 1250 1402 ex
1274 1368 1369 1401 Italia
1394 1368 1426 1399 in
1445 1364 1586 1398 Galliam
1605 1366 1726 1397 vinum
1750 1363 1898 1396 navibus

146 1428 343 1468 portarenu
371 1436 451 1459 nam
475 1428 616 1468 praeter
640 1427 851 1460 Massiliense
877 1426 992 1459 Italico
1009 1428 1089 1458 vino
1113 1427 1265 1458 maxime
1289 1432 1373 1457 usos
1399 1431 1477 1455 esse
1495 1420 1607 1454 Gallos
1633 1421 1735 1453 docet
1759 1420 1900 1452 Posido-

148 1483 224 1515 nius
248 1483 340 1524 apud
362 1484 487 1515 Athen.
506 1483 560 1515 IV.
586 1492 620 1524 p.
640 1484 695 1515 45¹
719 1484 743 1515 E
768 1484 949 1523 innuitque
975 1483 1098 1515 Cicero
1122 1482 1179 1514 bio
1203 1490 1284 1513 cum
1302 1481 1348 1512 ait
1364 1483 1491 1511 nostros
1506 1479 1643 1518 fructus,
1669 1477 1781 1508 Naves
1798 1477 1901 1517 igitur

148 1538 392 1579 intelleguntur
415 1548 504 1580 quae
528 1538 749 1580 appellebant
773 1538 953 1577 Narbone,
983 1540 1042 1580 qui
1067 1548 1106 1570 ea
1132 1539 1245 1570 aetate
1271 1538 1393 1568 unicus
1418 1537 1654 1567 Romanorum
1678 1534 1799 1574 portus
1823 1540 1901 1564 ma-

150 1595 284 1626 ritimus
319 1594 380 1626 fuit
413 1595 447 1626 in
480 1594 583 1625 Gallia
617 1594 844 1636 ti·ansalpina;
883 1603 997 1635 neque
1031 1596 1149 1626 tamen
1181 1593 1344 1626 Narbone
1377 1600 1492 1632 neque
1517 1592 1551 1622 in
1575 1598 1658 1630 agro
1682 1588 1901 1620 Narbonensi

149 1651 343 1691 portorium
367 1652 527 1682 exactum
553 1651 622 1688 est,
658 1660 700 1682 ne
734 1650 845 1682 coloni
868 1650 1114 1682 Narbonenses
1140 1651 1234 1681 cives
1259 1649 1402 1680 Romani
1427 1657 1469 1679 eo
1494 1647 1738 1688 gravarentur,
1770 1644 1833 1676 sed
1858 1643 1901 1675 ad

149 1707 223 1738 vias
252 1715 341 1746 quae
375 1715 392 1737 a
417 1705 580 1737 Narbone
610 1705 653 1737 ad
678 1707 893 1747 provinciam
918 1708 1108 1738 Romanam
1134 1708 1168 1738 et
1191 1705 1235 1737 ad
1259 1703 1406 1746 populos
1431 1713 1472 1735 ea
1496 1704 1608 1735 aetate
1634 1701 1749 1733 adhuc
1772 1699 1902 1732 liberos

152 1760 322 1793 ferebant.
362 1761 527 1792 primaria
552 1761 652 1792 statio
677 1760 843 1793 collocata
869 1764 921 1794 est
943 1761 1105 1800 Tolosae,
1132 1770 1201 1802 quo
1225 1770 1243 1792 a
1265 1760 1427 1792 Narbone
1444 1760 1534 1791 inter
1549 1760 1687 1790 montes
1703 1759 1904 1797 Pyrenaeos

154 1819 188 1849 et
211 1816 427 1848 Gebennicos
459 1818 580 1849 natura
612 1817 685 1857 ipsa
717 1817 810 1848 riam
843 1818 1005 1858 patefecit
1029 1817 1195 1858 quodque
1226 1816 1394 1857 oppidum
1426 1816 1460 1846 in
1484 1815 1661 1856 provincia
1685 1812 1904 1846 Narbonensi

153 1874 305 1914 primum
340 1873 429 1903 inter
457 1871 721 1913 provincialium
751 1873 907 1905 civitates
936 1873 1052 1905 loc-um
1085 1875 1158 1904 tum
1187 1872 1381 1904 obtinuisse
1408 1880 1512 1903 nemo
1537 1869 1683 1902 dubitat.
1730 1870 1758 1902 A
1781 1867 1905 1900 Tolosa

156 1937 236 1960 cum
260 1928 416 1969 proxime
442 1927 583 1959 abesset
615 1928 673 1968 qui
705 1937 746 1959 eo
779 1930 937 1969 tempore
963 1929 1024 1960 suit
1048 1928 1218 1960 terminus
1241 1927 1443 1969 provinciae
1467 1927 1643 1957 Romanae
1669 1926 1703 1957 et
1724 1925 1800 1956 viae
1824 1923 1905 1955 inde

156 1984 289 2015 exirent
312 1985 344 2015 et
369 1984 402 2015 in
420 1984 617 2024 Hispaniam
642 1985 676 2015 et
700 1984 732 2015 in
748 1985 966 2024 Aquitaniam
991 1985 1023 2015 et
1048 1983 1267 2024 Burdigalam
1293 1985 1326 2014 et
1353 1982 1397 2014 ad
1422 1982 1610 2020 Cadurcos,
1637 1980 1729 2013 nullo
1747 1979 1812 2011 alio
1829 1978 1906 2011 loco

156 2038 340 2071 commode
370 2039 499 2070 institui
526 2040 637 2080 potuit
665 2040 765 2071 statio
796 2048 864 2080 quo
895 2041 963 2071 vini
989 2039 1032 2071 ad
1056 2040 1194 2072 hostem
1222 2038 1381 2080 portandi
1405 2038 1600 2080 portorium
1623 2036 1819 2069 solveretur
1841 2036 1908 2067 nisi

155 2094 320 2132 Tolosae3
353 2103 461 2135 quare
494 2094 552 2125 ubi
584 2094 695 2126 codex
724 2094 832 2126 habet
853 2095 1046 2127 vellentelosi
1067 2094 1122 2127 vel
1152 2095 1341 2127 vellenlelesi
1363 2095 1398 2126 in
1422 2094 1614 2134 archetypo
1639 2092 1745 2124 fuisse
1770 2091 1909 2123 videtur

154 2151 269 2182 vellent
296 2150 404 2183 tolose.
453 2151 515 2189 Qui
540 2150 583 2182 de
607 2149 709 2182 Elusa
733 2151 991 2191 cogitaverunt,
1024 2159 1113 2191 qnae
1140 2152 1193 2182 est
1220 2151 1255 2182 in
1280 2150 1396 2182 media
1420 2149 1622 2190 Aquitania,
1658 2149 1698 2180 iis
1723 2149 1825 2180 antea
1849 2147 1909 2179 do-

157 2206 308 2239 cendum
342 2206 403 2238 fuit
437 2206 612 2246 quomodo
643 2207 743 2238 statio
775 2207 918 2247 portorii
949 2207 1019 2238 vini
1043 2206 1087 2238 ad
1115 2207 1319 2247 peregrinos
1342 2205 1493 2237 vehendi
1517 2206 1551 2237 in
1576 2205 1651 2246 ipso
1675 2204 1810 2237 hostico
1834 2201 1908 2235 solo

157 2261 317 2294 collocari
340 2262 502 2303 potuerit.
549 2263 670 2302 Neque
695 2261 738 2293 de
762 2261 941 2300 Elusi0ne‚
968 2263 1027 2303 qui
1051 2263 1148 2294 vleus
1165 2264 1218 2293 est
1234 2262 1324 2293 inter
1337 2260 1498 2293 Tolosam
1515 2263 1549 2292 et
1566 2260 1786 2299 Narbonem,
1812 2260 1908 2291 recte

157 2319 343 2358 cogitatur,
377 2318 435 2358 qui
467 2318 558 2349 enim
591 2318 679 2350 scire
704 2319 892 2358 potuerunt
917 2327 958 2349 eo
982 2317 1059 2351 loco
1084 2318 1274 2350 stationarii
1297 2318 1417 2349 sinum
1440 2319 1559 2348 utrum
1581 2316 1735 2348 ferretur
1757 2315 1802 2347 ad
1825 2324 1910 2356 pro-

157 2372 322 2405 vinciales
349 2382 393 2404 an
416 2373 460 2404 ad
482 2374 714 2414 peregrinos?
759 2375 879 2414 Neque
905 2375 1024 2405 tamen
1047 2373 1243 2405 sufficiebat
1266 2372 1435 2405 Tolosana
1459 2373 1578 2411 statio,
1604 2380 1685 2404 cum
1708 2371 1763 2402 via
1787 2370 1910 2403 Tolosa

158 2429 358 2462 Narbonem
381 2428 623 2460 diverticulum
646 2429 793 2461 haberet
817 2429 860 2461 ad
888 2430 1005 2461 vicum
1028 2428 1181 2470 aliquem
1202 2428 1480 2461 Cobiamachum
1496 2454 1503 2467 ,
1529 2437 1598 2469 quo
1624 2428 1682 2468 qui
1707 2427 1908 2465 diverteret,

160 2494 229 2517 non
256 2484 416 2517 Tolosam
446 2485 647 2526 perveniret
677 2485 740 2517 sed
770 2485 1013 2517 Secrodunum
1038 2486 1072 2517 et
1093 2484 1356 2517 Vulchalonem.
1403 2485 1457 2516 Sic
1481 2485 1622 2516 omnino
1647 2484 1710 2515 tria
1733 2483 1822 2514 haec
1846 2491 1911 2514 no-

160 2542 253 2573 mina
276 2542 309 2573 in
334 2541 454 2572 codice
479 2541 607 2581 scripta
630 2543 725 2579 sunt3
760 2541 869 2581 quod·
887 2542 978 2573 enim
1009 2541 1125 2582 priore
1150 2539 1226 2573 loco
1250 2541 1387 2572 Croduni
1410 2540 1552 2581 legitur.
1585 2539 1714 2571 factum
1740 2540 1792 2570 est
1816 2536 1910 2579 quod

159 2597 309 2639 primam
337 2595 507 2638 syllabam
537 2596 717 2628 absorbuit
748 2597 967 2638 praecedens
996 2597 1150 2638 eaeeyisse.
1199 2598 1319 2637 Neque
1349 2606 1436 2638 opus
1461 2598 1513 2628 est
1537 2596 1666 2628 docere
1691 2595 1909 2635 quantopere

161 2653 369 2685 sententiam
392 2654 601 2693 perverterit
616 2653 891 2694 Wesenbergius
917 2653 1078 2693 (Observa.
1099 2653 1130 2683 in
1153 2661 1202 2683 or.
1225 2662 1260 2692 p.
1278 2653 1381 2684 Sestio
1404 2662 1439 2694 p.
1459 2652 1524 2692 26.)
1551 2650 1710 2684 scribens
1735 2650 1912 2683 Cobiama-

161 2709 255 2740 chum
281 2716 344 2749 pro
374 2708 604 2747 Cobiamach03
637 2717 721 2740 sane
752 2717 821 2740 non
853 2708 1073 2740 divertebant
1102 2708 1395 2747 Cobiamachum,
1429 2707 1493 2740 sed
1524 2706 1761 2739 Cobiamac·ho
1786 2706 1912 2738 Secro—

163 2763 297 2796 dunum
321 2765 355 2795 et
369 2763 631 2796 Vulchalonem.
649 2783 684 2786 —
700 2766 784 2797 Tres
809 2765 842 2796 hi
859 2764 923 2796 loci
941 2764 999 2796 ubi
1016 2764 1154 2802 fuerint,
1174 2765 1364 2805 quaeritur.
1393 2763 1669 2796 Cobiamachum
1681 2761 1912 2794 Walekenaer

163 2821 289 2860 (geogr.
316 2828 393 2851 ane.
420 2819 482 2852 des
507 2819 630 2853 Gaules
654 2822 678 2852 I.
707 2821 792 2861 1¹94.)
824 2823 921 2861 putat
945 2829 1023 2852 esse
1048 2820 1164 2852 vicum
1189 2820 1246 2860 qui
1271 2819 1374 2851 hodie
1399 2819 1524 2851 dicitur
1548 2818 1714 2852 Cambiac
1740 2826 1803 2849 «au
1827 2816 1911 2849 midi

163 2875 206 2907 de
231 2876 403 2907 Caraman
427 2877 461 2906 et
484 2875 640 2907 d'Auriac
656 2878 690 2908 et
707 2876 792 2908 dans
814 2876 843 2908 la
863 2876 1032 2908 dirce-tion
1050 2875 1092 2907 de
1109 2875 1280 2907 Toulouse
1298 2876 1317 2907 a
1333 2875 1541 2907 Narbonne»
1557 2885 1563 2912 ;
1590 2874 1685 2916 quod
1701 2883 1769 2905 non
1785 2873 1910 2914 probo,

163 2939 276 2971 neque
302 2931 394 2963 enim
418 2932 566 2964 nominis
591 2931 812 2964 similitudine
836 2933 924 2964 haec
949 2932 1106 2972 quaestio
1131 2931 1352 2962 diiudicanda
1379 2932 1431 2962 est
1446 2939 1562 2971 neque
1578 2931 1671 2961 viam
1687 2928 1808 2961 Tolosa
1825 2930 1913 2960 Nar-

164 2986 305 3025 bonem,
332 2987 366 3018 in
390 2996 459 3027 qua
483 2987 558 3028 ipsa
576 2987 830 3020 Cobiamachus
854 2988 956 3020 suerit
974 2995 1119 3019 necesse
1138 2987 1208 3024 est.
1236 2986 1414 3018 Cambiaci
1438 2986 1606 3018 transisse
1624 2984 1743 3017 credo.
1766 2985 1912 3016 Omnino

167 3041 403 3074 diiudicabunt
425 3043 515 3074 hanc
539 3043 780 3083 quaestionem
805 3044 863 3084 qui
888 3044 921 3075 in
941 3044 1017 3075 viae
1041 3043 1144 3074 huius
1162 3041 1363 3074 diverticula
1382 3041 1568 3082 aliquando
1585 3041 1781 3073 accuratius
1798 3041 1911 3080 inqui-

167 3099 259 3135 rent,
293 3106 398 3138 quam
423 3098 537 3130 adhuc
561 3098 690 3130 sactum
714 3107 792 3131 esse
817 3099 965 3130 videtur.
1015 3098 1115 3137 Quod
1138 3098 1166 3129 si
1194 3098 1278 3129 mihi
1302 3097 1502 3129 huiusmodi
1525 3105 1645 3128 rerum
1669 3096 1786 3127 notitia
1810 3094 1913 3136 plane

169 3152 332 3184 destituto
356 3155 593 3186 coniecturam
616 3163 812 3195 proponere
836 3154 936 3194 licet,
962 3163 1025 3195 pro
1050 3153 1284 3185 Cobiamacho
1309 3152 1364 3184 vel
1387 3153 1501 3193 potius
1519 3152 1730 3192 Cobiamago
1753 3152 1915 3184 restitue-

170 3208 237 3239 rim
259 3209 318 3239 aut
339 3209 580 3250 Sostomagum
606 3210 646 3250 (si
669 3210 811 3250 quidem
836 3210 1022 3242 emendate
1049 3210 1098 3241 sic
1122 3208 1286 3240 scribitur
1310 3209 1343 3240 in
1366 3209 1438 3240 itin.
1465 3207 1632 3240 Hierosol.
1652 3217 1685 3248 p.
1704 3208 1793 3246 551„
1819 3206 1915 3248 quod

171 3271 280 3294 unum
308 3264 408 3297 huius
438 3266 505 3297 vici
533 3266 740 3297 memoriam
769 3267 930 3306 servarit)
963 3267 1023 3297 aut
1054 3264 1316 3305 Hebromagum
1347 3264 1420 3296 sive
1448 3263 1731 3304 Eburomagum,
1766 3263 1825 3304 qui
1846 3263 1914 3295 vici

174 3319 268 3351 eunti
289 3319 450 3354 Narbone
474 3320 634 3354 Tolosam
656 3321 714 3354 hic
735 3321 850 3363 lapide
873 3322 977 3362 LXII,
1002 3320 1056 3353 ille
1079 3319 1193 3362 lapide
1209 3321 1336 3352 LXXII.
1355 3321 1555 3353 occurrunt.
1580 3318 1664 3352 Inde
1689 3327 1759 3352 non
1777 3319 1914 3352 incom-
