2127 3708
538 219 633 259 οη.
662 215 839 257 xxvm
853 237 906 246 -
922 214 1077 256 xxm.
1113 211 1187 267 §5-
1218 212 1270 253 85
1286 235 1340 243 -
1355 210 1421 253 88.
1798 206 1852 248 25

114 335 327 376 dominum
356 332 536 387 patiatur
564 333 700 370 cetera
730 328 899 381 praedia
929 332 1092 375 tenere,
1124 326 1181 374 is,
1211 330 1258 366 ut
1288 325 1457 379 opinor,
1500 326 1737 378 praedium,
1768 338 1852 365 non

112 399 223 439 hona
252 397 438 437 videatur
466 391 636 433 alterius
666 391 895 444 possidere.

836 487 859 510 ἦ
974 456 997 479 ὴ,
1112 487 1134 510 ²ss

225 532 332 583 Quid
363 536 424 572 est
443 518 686 584 p'ossidere‘?
716 528 911 568 nimirum
931 526 975 567 in
994 527 1262 581 possessione
1284 538 1374 566 esse
1396 538 1537 566 earum
1557 538 1715 572 rerum,
1747 538 1854 578 quae

113 601 288 654 possunt
316 607 365 635 eo
396 598 581 645 tempore
612 590 834 644 possideri.

970 658 993 681 ⁹(-

831 690 853 712 ἢ
1109 690 1131 709 52

220 735 376 774 Domus
407 735 494 771 erat
522 730 697 776 Romae,
729 729 862 777 servi,
895 729 937 768 in
968 730 1059 782 ipsa
1091 728 1224 769 Gallia
1254 727 1416 782 privata
1445 728 1488 767 P.
1520 726 1707 775 Quinctii
1738 739 1855 780 prae·
1887 731 1906 762 5

112 799 198 846 dia,
230 808 336 850 quae
366 807 593 848 numquam
623 806 748 832 ausus
780 805 823 831 es
854 792 1084 845 possidere.

827 884 849 906 ῆι
966 851 989 875 ⁹⁵
1104 883 1127 906 κ

221 931 344 982 Quod
366 931 399 972 si
420 931 530 971 bona
549 931 592 970 P.
613 929 799 978 Quinctii
820 930 1080 983 possideres,
1103 930 1320 983 possidere
1338 928 1478 968 omnia
1495 940 1544 968 eo
1562 927 1652 967 iure
1670 926 1856 967 deberes.

831 1034 854 1057 ⁴15
971 1003 994 1025 κ
1110 1034 1132 1054 52

109 1082 297 1125 XXVIII.
337 1082 537 1122 Naevium
576 1094 628 1120 ne
659 1080 893 1134 appellasse
925 1080 1095 1134 quidem
1119 1079 1380 1127 Quinctium,
1412 1091 1505 1118 cum
1537 1078 1659 1117 simul
1685 1081 1794 1117 esset
1818 1081 1858 1116 et

109 1144 289 1199 experiri
332 1148 475 1197 posset
516 1143 727 1196 quotidie:
775 1142 926 1182 deinde
968 1143 1082 1195 quod
1125 1142 1265 1182 omnia
1305 1141 1459 1181 iudicia
1489 1138 1734 1180 difficillima
1764 1152 1857 1178 cum

109 1220 269 1249 summa
298 1220 372 1246 sua
401 1206 559 1245 invidia
589 1205 857 1258 maximoque
888 1204 1076 1258 periculo
1118 1205 1162 1243 P.
1196 1204 1381 1252 Quinctii
1413 1201 1502 1242 fieri
1532 1202 1693 1249 mallet,
1733 1214 1857 1255 quam
1873 1212 1908 1242 to

108 1270 213 1310 illud
243 1269 528 1323 pecuniarium
558 1268 785 1314 iudicium,
818 1268 932 1320 quod
961 1280 1046 1306 uno
1078 1267 1144 1307 die
1175 1267 1349 1320 transigi
1380 1271 1543 1319 posset:
1576 1279 1628 1306 ex
1658 1278 1741 1319 quo
1772 1276 1856 1303 uno

107 1334 209 1374 haec
247 1332 388 1372 omnia
426 1337 524 1371 nata
555 1336 596 1371 et
638 1330 825 1383 profecta
856 1343 947 1370 esse
980 1330 1184 1370 concedit.
1245 1330 1338 1378 Quo
1370 1330 1413 1368 in
1443 1329 1536 1369 loco
1569 1328 1858 1369 condicionem

108 1396 198 1443 tuli,
228 1396 263 1436 si
293 1394 419 1434 vellet
448 1393 669 1447 pecuniam
700 1398 855 1446 petere,
886 1394 928 1433 P.
953 1392 1197 1441 Quinctium
1222 1392 1450 1432 iudicatum
1481 1392 1587 1432 solvi
1619 1391 1718 1432 satis
1742 1391 1859 1430 datu-

108 1473 222 1506 rum,
257 1458 354 1497 dum
385 1457 496 1509 ipse,
528 1457 561 1496 si
594 1456 695 1509 quid
726 1460 908 1509 peteret,
939 1456 1029 1509 pari
1052 1455 1300 1495 condicione
1327 1460 1527 1495 uteretur.
1572 1453 1638 1494 86.
1670 1452 1859 1498 Ostendi,

110 1534 233 1576 quam
265 1519 394 1559 multa
424 1524 518 1559 ante
550 1517 639 1558 fieri
671 1519 935 1567 convenerit,
967 1532 1093 1572 quam
1122 1518 1306 1557 hominis
1336 1518 1564 1572 propinqui
1594 1518 1706 1557 bona
1726 1515 1909 1568 possi-⁴5

111 1582 198 1623 deri
240 1581 572 1634 postularentur,
614 1582 859 1634 praesertim
898 1595 991 1621 cum
1031 1582 1187 1620 Romae
1230 1581 1379 1620 domus
1419 1581 1530 1628 eius,
1572 1593 1699 1627 uxor,
1740 1577 1860 1618 liberi

109 1650 247 1686 essent
277 1649 318 1684 et
354 1650 600 1697 procurator
629 1658 763 1698 aeque
793 1645 1013 1698 utriusque
1035 1643 1309 1683 necessarius.
1351 1643 1505 1690 Docui,
1537 1657 1630 1683 cum
1651 1642 1861 1681 desertum

110 1721 199 1748 esse
242 1707 352 1746 dicat
395 1707 706 1754 vadimonium,
754 1707 924 1747 omnino
968 1705 1256 1746 vadimonium
1294 1705 1456 1745 nullum
1485 1705 1636 1753 fuisse3
1678 1716 1762 1758 quo
1793 1702 1860 1741 die

108 1770 219 1811 hunc
261 1769 341 1808 sibi
384 1770 626 1823 promisisse
668 1770 801 1817 dicat,
844 1783 893 1810 eo
934 1770 1001 1809 die
1032 1782 1083 1808 ne
1113 1769 1269 1808 Romae
1302 1769 1473 1822 quidem
1503 1782 1598 1808 eum
1628 1767 1779 1807 fuisse:
1819 1765 1860 1804 id

111 1833 285 1873 testibus
327 1846 391 1872 me
431 1832 643 1885 pollicitus
681 1846 772 1871 sum
813 1833 983 1885 planum
1013 1831 1242 1878 facturum,
1283 1832 1354 1884 qui
1387 1836 1427 1870 et
1457 1831 1562 1871 scire
1593 1831 1793 1871 deberent
1822 1833 1862 1869 et
1875 1843 1910 1872 20

113 1907 304 1941 causam,
336 1908 409 1934 cur
437 1895 729 1941 mentirentur,
763 1908 849 1934 non
879 1894 1093 1934 haberent.
1137 1894 1201 1932 Ex
1231 1893 1369 1933 edicto
1400 1899 1538 1933 autem
1557 1907 1643 1933 non
1671 1893 1860 1946 potuisse

111 1958 221 1997 bona
251 1956 475 2010 possideri,
508 1956 811 2004 demonstravi,
845 1957 959 2010 quod
988 1969 1128 2009 neque
1157 1955 1378 1995 fraudandi
1410 1969 1534 1996 causa
1562 1956 1767 1996 latitasset
1790 1970 1863 1995 ne-

113 2033 193 2073 que
234 2019 370 2060 exsilii
411 2032 534 2058 causa
564 2019 698 2058 solum
729 2020 902 2059 vertisse
935 2019 1157 2058 diceretur.
1216 2017 1282 2057 87.
1313 2018 1538 2072 Reliquum
1569 2023 1651 2066 est,
1690 2023 1737 2058 ut
1767 2031 1860 2058 eum

112 2095 233 2122 nemo
265 2081 419 2120 iudicio
453 2081 699 2121 defenderit.
747 2082 870 2130 Quod
903 2087 1046 2121 contra
1078 2082 1368 2135 copiosissime
1401 2082 1620 2121 defensum
1650 2094 1741 2121 esse
1764 2095 1863 2122 eon-

110 2144 249 2190 tendi,
292 2156 377 2182 non
417 2144 466 2182 ab
506 2143 674 2182 homine
706 2145 843 2183 alieno
875 2157 1013 2197 neque
1045 2145 1095 2183 ab
1127 2144 1269 2197 aliquo
1302 2144 1601 2184 calumniatore
1632 2149 1757 2197 atque
1788 2144 1912 2188 im-25

110 2205 266 2258 probo,
298 2205 370 2244 sed
398 2205 448 2244 ab
480 2206 621 2258 equite
642 2207 845 2253 Romano,
875 2207 1115 2260 propinquo
1148 2220 1194 2246 ac
1225 2207 1463 2246 necessario
1495 2220 1592 2255 suo,
1626 2221 1751 2261 quem
1772 2207 1862 2260 ipse

112 2268 205 2307 Sex.
236 2267 416 2307 Naevius
446 2274 761 2320 procuratorem
792 2270 1030 2323 relinquere
1061 2275 1185 2309 antea
1215 2275 1480 2317 consuesset3
1513 2283 1651 2323 neque
1680 2283 1796 2317 eum,
1829 2269 1862 2309 si

109 2329 297 2369 tribunos
329 2330 574 2383 appellarit,
605 2331 760 2370 ideirco
793 2331 930 2370 minus
962 2332 1165 2371 iudicium
1195 2332 1282 2385 pati
1312 2337 1502 2385 paratum
1533 2331 1687 2380 fuisse,
1723 2345 1862 2385 neque
1898 2370 1900 2373 ,

110 2391 298 2446 potentia
327 2393 610 2445 procuratoris
641 2395 798 2434 Naevio
831 2394 895 2434 ius
919 2400 1128 2447 ereptum:
1161 2400 1305 2434 contra
1323 2394 1449 2434 istum
1469 2395 1660 2448 potentia
1680 2401 1862 2436 suatum

110 2455 396 2495 tantummodo
440 2456 699 2507 superiorem
738 2456 887 2504 fuisse,
932 2471 1044 2496 nunc
1085 2457 1206 2497 nobis
1237 2458 1309 2498 vix
1348 2459 1582 2511 respirandi
1611 2464 1911 2512 potestatem30

111 2518 221 2558 dare.
269 2517 424 2556 XXIX.
456 2515 522 2556 88.
552 2518 776 2566 Quaesivi,
809 2532 916 2572 quae
948 2533 1073 2559 causa
1102 2519 1274 2567 fuisset,
1305 2534 1379 2560 cur
1397 2521 1509 2560 bona
1529 2534 1614 2560 non
1634 2522 1862 2569 venissent,

111 2593 204 2619 cum
244 2592 296 2619 ex
337 2579 470 2619 edicto
503 2580 831 2633 possiderentur.
890 2582 1050 2622 Deinde
1082 2582 1187 2622 illud
1220 2597 1391 2637 quoque
1421 2583 1645 2637 requisivi,
1687 2598 1770 2638 qua
1798 2598 1862 2625 ra-

194 2739 225 2770 02.
249 2739 400 2770 videatur
422 2739 557 2771 alterius
579 2740 670 2771 EM:
697 2741 833 2772 atterius
854 2741 1004 2773 videatur
1028 2742 1134 2784 capp.
1164 2760 1198 2766 —
1227 2743 1257 2775 3.
1285 2743 1335 2776 Cf.
1361 2744 1391 2785 g.
1419 2744 1470 2776 89.
1499 2763 1535 2767 —
1561 2745 1592 2776 5.
1620 2744 1669 2776 Cf.
1696 2744 1726 2785 ἓ.
1746 2744 1786 2776 89
1807 2753 1859 2786 sq.

112 2807 147 2812 --
173 2790 296 2820 Domus
319 2789 395 2821 Gar.
421 2790 464 2821 2:
489 2799 563 2821 cum
586 2790 699 2821 domus
723 2791 831 2832 Capp.
859 2793 893 2822 et
915 2792 997 2823 EM.
1026 2810 1061 2815 —
1088 2796 1161 2824 erat
1181 2794 1320 2832 Romae,
1356 2798 1452 2825 erant
1473 2794 1578 2833 servi,
1615 2799 1710 2826 erant
1734 2796 1767 2826 in
1789 2796 1863 2835 ipsa

110 2839 220 2871 Gallia
237 2839 375 2879 privata
397 2841 462 2872 cet.
489 2841 567 2872 Gar.
585 2841 630 2878 ⁶2..
656 2844 728 2872 erat
750 2842 887 2878 Romae,
913 2843 1034 2873 Romae
1049 2843 1149 2882 servi,
1175 2844 1210 2874 in
1229 2843 1302 2883 ipsa
1318 2844 1429 2876 Gallia
1447 2845 1585 2884 privata
1600 2847 1665 2877 cet.
1693 2843 1860 2878 Halmius.

112 2906 147 2911 —
173 2889 203 2920 6.
229 2888 270 2930 es]
295 2892 339 2920 est
354 2890 391 2921 E.
413 2908 448 2913 —-
473 2890 504 2922 7.
523 2891 634 2922 omnia
650 2892 703 2922 M:
729 2900 838 2923 amnes
855 2892 962 2932 Capp.
981 2893 1015 2923 et
1031 2892 1068 2924 E.
1090 2911 1125 2914 —
1151 2893 1279 2925 deberes
1301 2893 1394 2925 EM:
1421 2894 1533 2926 debere
1555 2895 1661 2935 Capp.
1683 2911 1718 2916 ——
1747 2894 1778 2926 8.
1805 2904 1863 2934 ap-

104 2938 275 2979 pellavisse
297 2938 331 2973 2.
359 2957 394 2962 —-
425 2943 502 2972 esset
530 2943 559 2972 et
589 2941 733 2980 experiri
765 2950 849 2973 nos:
887 2944 965 2973 esset
986 2950 1061 2973 cum
1082 2943 1229 2982 experiri
1251 2943 1291 2981 k,
1328 2946 1423 2982 esset,
1461 2944 1607 2983 experiri
1631 2952 1711 2976 cum
1735 2945 1862 2977 ceteris

109 2988 204 3021 libris
219 2991 244 3021 Α
259 2990 282 3021 L
296 2988 317 3023 8
330 2989 367 3021 O.
385 3007 421 3011 —
440 2989 471 3021 9.
490 2998 564 3020 cum
578 2998 639 3021 sua
655 2999 784 3021 summa
800 2990 924 3021 invidia
940 2989 972 3024 ἓ.
991 3008 1027 3012 -
1047 2991 1098 3023 Μ.
1114 2993 1231 3034 posset]
1243 2996 1349 3033 potest
1363 2993 1387 3024 B
1403 2995 1429 3025 G
1443 3002 1460 3025 c
1475 3002 1493 3025 e
1507 2993 1552 3025 fh
1565 2995 1586 3025 k
1599 3004 1633 3026 n.
1655 3011 1691 3017 —
1712 2995 1762 3026 42.
1780 2998 1863 3026 nata

109 3047 173 3070 esse
195 3042 224 3070 et
241 3039 390 3079 profecta
411 3039 444 3070 k.
473 3058 508 3062 —-
535 3039 586 3071 43.
607 3043 730 3079 peteret
751 3049 803 3082 pr.
831 3049 861 3072 e.
882 3058 917 3063 —
942 3042 976 3072 P.
993 3050 1062 3073 om.
1081 3043 1112 3074 k.
1140 3060 1177 3066 —
1205 3044 1257 3074 45.
1282 3044 1469 3075 conueniret
1493 3044 1556 3075 ek.
1585 3061 1621 3066 -—
1647 3043 1698 3075 ⁴8.
1718 3044 1859 3086 omnino]

110 3092 179 3120 tum
201 3090 330 3121 omnino
354 3088 511 3121 Lambini
535 3090 746 3122 coniectura.
775 3108 810 3112 ——
841 3091 894 3122 ⁶20.
921 3090 1049 3123 testibus
1075 3093 1240 3132 pollicitus
1262 3101 1333 3124 sum
1358 3093 1500 3133 planum
1521 3102 1572 3124 me
1592 3093 1761 3133 facturum
1784 3102 1802 3125 e
1827 3097 1862 3126 et

109 3139 148 3170 A.
177 3156 212 3161 -
237 3139 290 3179 22.
315 3139 473 3171 latitasset
494 3139 593 3174 ALss
618 3149 699 3172 cum
722 3140 902 3172 codicibus
926 3141 1088 3174 omnibus
1113 3142 1187 3181 (nisi
1213 3143 1308 3183 quod
1331 3152 1371 3174 c:
1399 3143 1578 3184 latuisset):
1611 3143 1755 3174 latitasse
1778 3152 1860 3176 cum

109 3188 244 3220 Iuntina
268 3191 302 3220 et
324 3189 491 3221 Lambino
516 3190 553 3221 O.
581 3209 617 3213 —
642 3190 694 3221 ⁶23.
721 3190 775 3231 est]
801 3199 864 3222 esse
879 3191 911 3222 k.
940 3209 976 3214 -
1001 3191 1084 3233 eum]
1108 3201 1182 3223 cum
1205 3191 1263 3224 lm
1288 3194 1322 3224 et
1337 3194 1376 3224 A.
1397 3211 1432 3215 —
1458 3193 1510 3224 ⁶26.
1532 3192 1719 3232 propinquo
1735 3201 1805 3224 om.
1822 3193 1856 3224 k.

113 3255 148 3260 —
173 3247 213 3269 ac
234 3239 259 3270 B
277 3238 340 3270 Gb
359 3248 377 3271 c
393 3239 416 3270 d
432 3238 582 3279 fgilm
598 3249 643 3272 n:
670 3243 768 3280 atque
790 3241 827 3277 k,
853 3244 883 3272 et
906 3249 987 3272 eum
1012 3243 1137 3273 ceteris
1161 3240 1257 3274 libris
1273 3242 1422 3277 ALsso.
1444 3260 1480 3265 —
1505 3243 1557 3274 ⁶27.
1583 3242 1662 3274 Sex.
1681 3251 1750 3275 om.
1768 3243 1800 3274 k.
1820 3261 1856 3266 —

110 3287 162 3319 28.
186 3288 353 3332 iudicium]
378 3289 498 3321 iudicio
520 3290 544 3321 B
560 3291 585 3321 G
601 3289 624 3321 b
642 3297 661 3321 c
675 3289 698 3321 d
714 3290 760 3330 fg
777 3289 903 3322 hilm
919 3300 958 3329 n,
987 3291 1023 3322 in
1044 3292 1164 3323 iudicio
1188 3300 1218 3323 a.
1261 3292 1310 3324 Cf.
1338 3292 1368 3333 5.
1388 3292 1438 3324 63.
1467 3310 1503 3314 —
1528 3293 1581 3325 29.
1607 3292 1762 3334 ereptum]
1787 3301 1859 3325 ere-

106 3339 202 3377 ptum
223 3346 288 3371 esse
310 3339 346 3371 L.
370 3357 406 3362 —
431 3338 537 3381 istum]
562 3340 668 3380 ipsum
689 3340 722 3372 k.
751 3358 787 3363 —-
813 3340 865 3372 320..
891 3349 933 3372 ex
955 3340 1039 3373 dicto
1062 3342 1087 3373 L
1112 3350 1230 3374 errore
1254 3341 1517 3385 typographica
