2175 3718
239 226 319 269 1160
725 227 780 268 ΓΝ
808 227 1029 269 VERREM
1057 226 1221 269 ACTIO
1253 225 1495 269 SECUNDA

238 340 401 395 pridem
444 344 663 381 venerunt.
723 341 804 381 Cur
847 354 932 381 non
974 339 1207 380 rettulisti?
1254 339 1423 380 Illarum
1465 339 1674 379 rationum
1719 351 1772 378 ex
1801 351 1849 379 ea
1876 338 1992 380 faece

238 403 461 455 legationis
493 403 845 457 quaestoriaeque
877 408 972 442 tuae
1002 402 1309 455 procurationis
1340 401 1412 441 illa
1433 406 1530 441 sunt
1552 401 1745 448 nomina,
1779 414 1888 454 quae
1908 403 1992 442 Do-

239 465 412 505 labellae
445 466 682 506 necessario
721 471 817 505 sunt
856 465 1085 504 aestimata.
1144 464 1208 502 Ex
1238 475 1402 504 Ll'rmvs
1433 476 1678 503 AESTIMATlS
1708 464 1991 505 DOLABELLAE

236 541 299 567 rn.
340 541 394 568 ET
432 541 575 568 rnopn.
644 525 738 567 1100.
786 527 908 575 Quod
950 526 1088 565 minus
1134 526 1351 565 Dolabella
1389 526 1506 565 Verri
1554 530 1769 578 acceptum
1818 528 1991 574 rettulit,

203 600 361 644 5quam
382 591 532 630 Verres
563 590 623 630 illi
646 602 877 642 expensum
905 588 1067 635 tulerit,
1100 587 1177 627 Hs
1201 588 1430 641 quingenta
1452 587 1622 640 triginta
1646 588 1835 642 quinque
1857 589 1992 636 milia3

236 658 275 693 et
307 652 421 707 quod
452 653 545 705 plus
576 652 674 692 secit
704 651 920 691 Dolabella
949 651 1119 690 Verrem
1151 650 1386 702 accepisse,
1419 663 1544 703 quam
1566 650 1643 689 iste
1666 650 1708 689 in
1729 651 1816 690 suis
1839 651 1992 691 tabulis

234 716 397 762 habuit,
430 716 507 755 HS
540 716 718 755 ducenta
750 713 918 766 triginta
949 713 1032 752 duo
1064 712 1201 759 milia3
1233 718 1272 752 et
1305 713 1419 765 quod
1449 713 1544 765 plus
1570 711 1768 752 frumenti
1798 712 1897 752 feeit
1927 726 1994 752 ac-

235 779 397 831 cepisse
428 778 578 825 istum,
610 777 687 816 HS
720 776 858 815 decies
891 779 932 814 et
961 776 1202 827 octingenta
1233 774 1368 821 milia,
1411 774 1524 827 quod
1556 780 1622 822 tu,
1652 775 1778 814 homo
1810 774 1994 815 castissi-

235 855 349 889 mus,
380 840 494 881 aliud
526 841 569 879 in
590 839 740 879 tabulis
761 838 957 878 habebas.
1003 838 1112 877 Hine
1133 837 1229 876 illae
1251 838 1607 877 extraordinariae
1630 837 1857 890 pecuniae,
1889 850 1993 890 quas

185 913 221 943 40
235 904 350 944 nullo
383 903 487 943 duee
518 907 656 942 tamen
688 900 829 953 aliqua
859 913 911 939 ex
949 899 1156 952 particula
1186 899 1506 951 investigamus,
1546 900 1856 939 redundarunt:
1896 898 1994 938 hinc

234 967 340 1007 ratio
372 979 465 1006 cum
497 965 547 1013 Q.
580 969 620 1004 et
651 963 723 1003 Cn.
755 962 964 1002 Postumis
998 961 1150 1002 Curtiis
1183 961 1323 1000 multis
1354 961 1614 1009 nominibus,
1645 974 1825 1015 quorum
1857 961 1899 1000 in
1935 966 1995 1000 ta·

234 1029 345 1069 bulis
390 1028 469 1067 iste
510 1027 636 1067 habet
673 1025 855 1065 nullum:
901 1025 999 1064 hine
1039 1024 1117 1064 Hs
1164 1023 1454 1077 quaterdecies
1492 1025 1534 1062 P.
1568 1024 1699 1063 Tadio
1731 1029 1993 1064 numeratum

234 1090 410 1131 Athenis
440 1089 616 1130 testibus
645 1089 818 1141 planum
847 1086 1024 1126 faciam:
1066 1087 1164 1127 hine
1197 1091 1335 1139 empta
1366 1085 1627 1138 apertissime
1659 1092 1874 1138 praetura,
1912 1086 1993 1126 nisi

233 1154 339 1193 forte
370 1153 412 1192 id
444 1152 568 1192 etiam
598 1151 771 1190 dubium
804 1155 889 1197 est,
923 1162 1006 1202 quo
1030 1149 1156 1189 modo
1187 1148 1264 1188 iste
1286 1153 1455 1201 praetor
1476 1147 1609 1187 sactus
1631 1148 1696 1188 sit.
1742 1146 1834 1188 40³1.
1856 1148 1992 1187 Homo

185 1217 393 1257 45scilicet
437 1219 508 1255 aut
552 1213 758 1253 industria
803 1218 874 1252 aut
913 1225 1039 1265 opera
1079 1211 1254 1264 probata
1293 1216 1365 1250 aut
1402 1210 1653 1263 frugalitatis
1685 1210 1993 1250 existimatione

234 1278 448 1333 praeclara
485 1282 557 1317 aut
599 1275 804 1329 denique,
847 1275 888 1314 id
921 1274 1035 1328 quod
1076 1273 1333 1314 levissimum
1365 1278 1446 1321 est,
1487 1272 1756 1321 assiduitate,
1795 1273 1867 1326 qui
1898 1277 1993 1311 ante

235 1346 503 1397 quaesturam
535 1353 629 1379 cuin
660 1337 947 1378 meretricibus
978 1336 1288 1389 lenonibusque
1310 1336 1502 1383 vixisset,
1537 1339 1805 1388 quaesturam
1826 1335 1883 1374 ita
1904 1347 1995 1386 ges-

236 1406 381 1452 sisset,
414 1401 769 1457 quemadmodum
802 1399 1077 1453 cognovistis,
1116 1399 1272 1438 Romae
1312 1403 1406 1451 post
1437 1403 1705 1450 quaesturam
1736 1398 1850 1437 illam
1880 1395 1996 1436 nefa-

235 1469 338 1508 riam
369 1466 442 1506 vix
471 1465 655 1505 triduum
687 1462 964 1508 constitisset,
996 1462 1145 1501 absens
1176 1474 1261 1500 non
1292 1460 1334 1499 in
1366 1460 1580 1500 oblivione
1606 1460 1826 1506 iacuisset,
1858 1458 1931 1498 sed
1952 1458 1995 1497 in

183 1537 220 1567 20
234 1529 403 1571 assidua
425 1526 823 1568 commemoratione
853 1525 1047 1565 omnibus
1070 1523 1257 1563 omnium
1280 1520 1531 1575 flagitiorum
1552 1521 1722 1562 fuisset:
1755 1522 1789 1561 is
1811 1525 1995 1574 repente,
2015 1524 2021 1527 ‘

234 1598 280 1633 ut
309 1593 483 1631 Romam
514 1589 646 1636 venit,
679 1588 805 1640 gratis
838 1593 1005 1641 praetor
1032 1586 1166 1626 factus
1198 1590 1272 1625 est.
1332 1585 1425 1624 Alia
1455 1598 1580 1638 porro
1613 1584 1814 1638 pecunia,
1845 1596 1898 1623 ne
1928 1596 1996 1622 ae-

235 1659 473 1700 cusaretur,
505 1653 613 1692 data.
676 1651 751 1690 Cui
784 1650 838 1690 sit
868 1651 987 1696 data,
1019 1649 1123 1689 nihil
1154 1648 1207 1688 ad
1239 1661 1324 1694 me,
1356 1647 1460 1687 nihil
1492 1647 1543 1686 ad
1575 1661 1661 1686 rem
1692 1647 1901 1700 pertinere
1932 1658 1996 1685 ar-

234 1718 392 1758 bitror:
425 1716 562 1755 datam
595 1714 764 1767 quidem
797 1726 887 1753 esse
920 1718 1006 1751 tum
1037 1711 1146 1750 inter
1177 1724 1322 1750 omnes
1358 1710 1514 1749 recenti
1545 1710 1714 1762 negotio
1745 1708 1866 1748 facile
1897 1721 1996 1748 eon-

234 1780 382 1820 stabat.
442 1775 536 1817 402.
568 1777 703 1815 Homo
736 1774 982 1815 stultissime
1022 1778 1063 1813 et
1102 1773 1405 1819 amentissime,
1453 1772 1614 1811 tabulas
1645 1785 1739 1811 cum
1770 1768 1996 1811 conficeres

184 1850 221 1881 25
235 1847 276 1882 et
307 1854 400 1881 cum
431 1837 789 1879 extraordinariae
820 1836 1023 1890 pecuniae
1055 1836 1213 1875 crimen
1241 1834 1527 1887 subterfugere
1548 1834 1698 1881 velles,
1730 1833 1829 1873 satis
1851 1837 1891 1872 te
1913 1832 1996 1872 ela-

234 1917 408 1959 psurum
439 1901 552 1942 omni
584 1900 825 1953 suspicione
856 1899 1133 1946 arbitrabare,
1170 1897 1225 1945 si,
1257 1897 1410 1951 quibus
1441 1896 1663 1949 pecuniam
1695 1894 1913 1942 credebas,
1944 1893 1995 1933 iis

235 1978 467 2020 expensum
496 1977 582 2004 non
611 1962 742 2002 ferres
774 1975 911 2015 neque
944 1961 986 2000 in
1016 1966 1109 2001 tuas
1138 1959 1300 2000 tabulas
1333 1959 1466 1998 ullum
1488 1972 1641 1998 nomen
1672 1957 1870 2005 referres,
1902 1969 1996 1996 cum

234 2035 295 2070 tot
338 2028 412 2069 tibi
454 2026 695 2067 nominibus
737 2030 954 2078 acceptum
995 2023 1128 2063 Curtii
1168 2023 1405 2063 referrent?
1465 2021 1577 2070 Quid
1614 2021 1812 2074 proderat
1850 2018 1925 2058 tibi
1958 2023 1996 2058 te

234 2104 468 2145 expensum
507 2089 591 2129 illis
634 2101 719 2128 non
751 2087 932 2128 tulisse?
991 2087 1055 2126 An
1086 2086 1169 2126 tuis
1201 2085 1302 2126 solis
1334 2085 1487 2125 tabulis
1518 2089 1559 2125 te
1590 2097 1759 2124 causam
1790 2082 1995 2123 dicturum

185 2165 221 2194 30
236 2153 488 2196 existimasti
504 2154 522 2192 ‘2

347 2217 435 2256 XL.
466 2212 561 2254 1103.
593 2215 748 2255 Verum
779 2214 831 2253 ad
862 2213 976 2252 illam
1006 2213 1089 2251 iam
1120 2211 1335 2251 veniamus
1366 2208 1620 2263 praeclaram
1651 2213 1887 2262 praeturam
1918 2206 1997 2247 cri-

237 2279 434 2331 minaque
466 2290 537 2325 ea,
580 2290 687 2330 quae
719 2276 886 2316 notiora
916 2279 1013 2315 sunt
1041 2273 1107 2313 his
1139 2272 1211 2326 qui
1243 2271 1416 2318 adsunt,
1460 2284 1586 2324 quam
1616 2270 1763 2317 nobis,
1807 2269 1880 2322 qui
1911 2282 1996 2308 me-

236 2341 354 2382 ditati
386 2340 438 2380 ad
459 2340 681 2379 dicendum
704 2339 927 2391 paratique
948 2336 1162 2382 venimus3
1192 2335 1236 2374 in
1258 2334 1411 2388 quibus
1441 2346 1525 2372 non
1554 2332 1700 2371 dubito
1733 2332 1835 2385 quin
1866 2332 1997 2372 ossen-

236 2405 398 2444 sionem
438 2401 720 2454 negligentiae
758 2401 889 2440 vitare
927 2404 1053 2452 atque
1085 2399 1267 2450 effugere
1299 2410 1382 2435 non
1414 2395 1586 2448 possim.
1645 2394 1766 2434 Multi
1798 2394 1909 2434 enim
1939 2394 1997 2433 ita

184 2475 222 2507 35
237 2467 400 2507 dicent:
444 2466 528 2503 «De
568 2464 640 2504 illo
684 2462 789 2503 nihil
822 2462 952 2509 dixit,
992 2462 1036 2500 in
1076 2474 1160 2514 quo
1193 2473 1270 2513 ego
1302 2458 1500 2498 interfui:
1540 2457 1652 2496 illam
1684 2456 1880 2496 iniuriam
1910 2469 1996 2495 non

235 2528 393 2581 attigit,
425 2540 534 2581 quae
564 2526 666 2566 mihi
698 2531 771 2566 aut
800 2538 909 2579 quae
940 2524 1076 2563 amieo
1107 2536 1200 2562 meo
1231 2522 1339 2562 facta
1369 2526 1451 2567 est,
1495 2520 1646 2573 quibus
1679 2532 1756 2572 ego
1798 2519 1840 2558 in
1870 2518 1996 2558 rebus

235 2590 447 2633 interfui.»
503 2590 578 2630 His
610 2589 824 2635 omnibus,
859 2587 932 2640 qui
962 2587 1083 2626 istius
1115 2585 1288 2625 iniurias
1311 2587 1487 2629 norunt,
1518 2582 1599 2622 hoc
1622 2587 1703 2628 est,
1734 2580 1893 2633 populo
1915 2581 1996 2619 Ro-

237 2667 360 2695 mano
398 2652 620 2700 universo,
662 2665 726 2691 me
766 2650 1037 2691 vehementer
1066 2652 1311 2688 excusatum
1342 2645 1462 2691 volo,
1504 2658 1589 2683 non
1618 2642 1875 2696 negligentia
1904 2653 1996 2681 mea

236 2718 348 2765 fore,
377 2721 425 2756 ut
454 2716 585 2755 multa
615 2718 898 2768 praeteream,
931 2712 1005 2752 sed
1037 2711 1151 2764 quod
1181 2710 1264 2750 alia
1293 2707 1469 2747 testibus
1500 2706 1663 2758 integra
1692 2703 1896 2745 reservari
1927 2716 1997 2744 ve-

187 2789 223 2819 40
237 2780 331 2828 lim,
371 2778 504 2819 multa
541 2782 681 2818 autem
724 2780 898 2830 propter
938 2774 1143 2814 rationem
1182 2770 1396 2812 brevitatis
1427 2782 1474 2809 ae
1504 2768 1706 2821 temporis
1736 2765 1996 2820 praetermit-

238 2877 1992 2901 „.—.-.—-—.—--—-——-———--—-—-——-——-——-—-—--

323 2958 354 2991 4.
380 2958 436 2991 ΕΤ
455 2957 596 2990 PROPR.
623 2956 673 2987 sie
698 2955 744 2986 Ge
770 2954 872 2986 codd.
899 2953 1037 2995 pleriq,
1064 2953 1097 2983 in
1121 2952 1162 2983 Gt
1185 2951 1241 2982 hic
1263 2948 1379 2982 titulus
1400 2948 1520 2980 deest:
1545 2947 1631 2979 POP.
1655 2946 1755 2978 ROM.
1782 2946 1901 2978 Franc.
1926 2952 1993 2985 pin:

235 3009 381 3043 POPULI
404 3008 468 3040 ΒΟ,
493 3005 703 3039 PECUNIAE
726 3003 948 3036 REDACTAE
971 3003 1007 3034 O.
1031 3020 1065 3025 —
1092 3002 1123 3033 8.
1150 3001 1268 3041 occiny.
1288 2999 1351 3030 duo
1374 2998 1466 3029 milia
1484 2997 1530 3028 (12
1548 2996 1608 3028 Ld.
1631 3014 1666 3018 —
1693 2994 1919 3027 callidissimus
1933 2994 1993 3031 Gt3

235 3060 442 3092 cautissimus
475 3058 550 3090 aliis
582 3057 617 3087 in
651 3059 673 3087 t.
705 3056 794 3087 coni.
821 3053 1003 3095 Wyttenb.
1040 3053 1079 3083 At
1112 3051 1155 3083 cf.
1187 3050 1301 3083 Madv.
1327 3050 1351 3081 1.
1379 3057 1411 3089 p.
1439 3047 1511 3079 33²2.
1540 3045 1650 3078 llalm.
1677 3045 1721 3077 ad
1745 3045 1833 3076 Sest.
1858 3052 1892 3084 p.
1917 3043 1992 3074 234.

236 3108 407 3141 Osiander
430 3107 531 3140 colon
553 3107 651 3148 ponit
674 3106 753 3146 post
775 3104 926 3136 habebas.
955 3121 990 3126 —
1017 3103 1048 3134 9.
1075 3101 1178 3142 aliud]
1203 3100 1278 3132 aliis
1300 3098 1388 3130 coni.
1409 3096 1590 3137 Wyttenb.
1611 3114 1646 3117 —
1673 3095 1725 3126 44.
1743 3093 1901 3125 Postumis
1916 3092 1996 3124 Cur—

236 3160 289 3190 tiis
312 3159 401 3190 coni.
435 3159 508 3191 Urs.
541 3156 585 3188 ct.
611 3154 757 3187 Ellendt.
785 3154 829 3185 ad
861 3154 931 3185 Cic.
959 3152 1002 3184 de
1027 3152 1119 3184 Orat.
1146 3152 1169 3181 Ι.
1197 3159 1230 3191 p.
1257 3149 1313 3180 294
1335 3157 1341 3178 :
1375 3147 1546 3179 Postumus
1569 3145 1690 3178 Curtiis
1712 3144 1751 3175 Α.
1786 3144 1825 3174 ln
1849 3142 1896 3173 (32
1921 3142 1991 3174 est:

235 3209 323 3240 ratio
347 3209 384 3248 Q.
409 3208 578 3239 Postumus
601 3204 737 3241 Cur-tux
775 3204 808 3235 in
833 3204 875 3235 Gst
896 3213 903 3234 z
934 3201 1022 3233 ratio
1045 3203 1242 3239 quaesturae
1265 3199 1302 3237 Q.
1327 3197 1508 3229 Postumius
1532 3195 1674 3226 Curtius.
1710 3191 1772 3225 Alii
1796 3191 1894 3223 aliter
1918 3192 1995 3221 tur-

236 3258 331 3290 bant.
361 3274 396 3280 —
423 3257 476 3289 42,
501 3258 712 3287 numeratum
737 3255 826 3285 coni.
851 3253 880 3284 J.
908 3253 960 3284 Fr.
979 3252 1127 3283 Gronov.
1155 3248 1198 3281 de
1223 3256 1300 3289 pec.
1326 3248 1407 3278 vett.
1429 3245 1517 3277 11.3.
1545 3245 1599 3276 111.
1619 3245 1663 3275 4.:
1689 3245 1865 3273 numerata
1888 3239 1991 3272 codd.

238 3325 274 3331 —
299 3308 354 3339 25.
379 3306 655 3340 extraordinaria
679 3304 821 3344 pecunia
852 3303 915 3334 dtt.
945 3319 980 3324 —
1017 3301 1070 3333 26.
1103 3298 1270 3331 arbitrare
1293 3296 1334 3327 Gt
1366 3296 1404 3327 ut
1429 3294 1459 3335 g.
1485 3295 1538 3326 88.
1573 3309 1609 3316 -
1647 3291 1699 3324 34.
1731 3291 1951 3332 ηεῃίθρωιιὶαθ
1972 3298 1994 3328 ς

236 3357 338 3398 Lg29.
368 3374 403 3381 —-
429 3356 483 3389 36.
507 3358 567 3389 auc
590 3354 684 3397 quae]
711 3362 795 3395 quae
816 3352 888 3394 Ld,
914 3351 976 3385 dtt.
1006 3368 1042 3375 -
1066 3350 1102 3384 in
1124 3358 1195 3383 om.
1221 3349 1281 3381 Gt.
1309 3364 1345 3372 —
1369 3345 1423 3379 40.
1449 3344 1562 3379 brevit.
1586 3343 1752 3376 rationem
1775 3341 1834 3373 Gt.
