2175 3718
525 252 614 292 Lm.
643 249 676 291 1.
717 248 815 290 οη.
845 246 1123 289 xv1-x1X.
1160 243 1236 300 §§·
1266 243 1458 286 42-49.
1800 241 1881 286 445

122 365 293 405 ditatem
333 360 698 405 demonstrandam
737 365 965 414 separatus.
1024 357 1201 399 Athenis
1240 356 1416 398 audistis
1447 368 1500 395 ex
1534 357 1637 397 aede
1667 357 1879 398 Minervae

121 426 277 479 grande
307 426 396 468 auri
426 425 593 479 pondus
622 424 834 464 ablatum:
866 422 1024 462 dictum
1053 426 1117 461 est
1147 419 1227 460 hoc
1258 420 1302 460 in
1334 419 1407 460 Cn.
1432 418 1676 459 Dolabellae
1707 420 1878 460 iudicio.

121 490 321 531 Dictum?
367 489 491 530 etiam
525 486 801 527 aestimatum.
860 485 997 525 Huius
1029 483 1193 525 consilii
1225 496 1310 523 non
1340 481 1589 536 participem
1621 482 1664 522 C.
1693 484 1879 530 Verrem,

123 552 196 592 sed
227 552 459 606 principem
489 549 620 590 fuisse
650 548 885 602 reperietis.
944 545 1011 587 46.
1050 546 1200 586 Delum
1232 545 1360 587 venit.
1418 544 1479 584 Ibi
1511 557 1562 584 ex
1592 543 1690 584 fano
1721 545 1881 598 Apolli-

123 615 188 655 nis
218 612 533 668 religiosissimo
564 616 691 651 noctu
721 611 827 650 clam
858 609 1029 651 sustulit
1058 609 1176 661 signa
1206 607 1488 661 pulcherrima
1516 612 1644 660 atque
1675 607 1880 659 antiquis-
1910 616 1929 644 5

123 677 228 717 sima
272 688 404 730 eaque
448 674 491 713 in
533 673 767 713 onerariam
807 685 955 712 navem
996 684 1114 711 suam
1145 670 1408 710 coniicienda
1439 669 1611 709 curavit.
1671 668 1879 708 Postridie

123 752 217 778 cum
244 738 387 778 fanum
417 735 642 789 spoliatum
672 735 863 775 viderent
891 734 942 781 ii,
984 733 1057 787 qui
1087 733 1235 773 Delum
1267 732 1526 780 incolebant,
1565 731 1746 784 graviter
1774 729 1881 770 ferc-

121 800 235 840 bant.
291 800 365 839 Est
393 797 504 838 enim
534 802 649 837 tanta
677 797 790 850 apud
821 810 894 837 eos
924 797 1015 836 eius
1044 795 1130 836 fani
1160 795 1309 848 religio
1340 799 1466 848 atque
1487 793 1738 847 antiquitas,
1769 797 1815 832 ut
1837 793 1880 831 in

123 875 173 901 eo
203 861 295 901 loco
327 861 464 913 ipsum
493 859 733 912 Apollinem
765 864 907 899 natum
939 872 1029 899 esse
1061 858 1329 898 arbitrentur.
1367 857 1552 897 Verbum
1583 862 1722 896 tamen
1743 854 1880 895 facere

122 937 208 963 non
235 922 463 970 audebant,
494 935 546 962 ne
576 921 684 962 forte
714 935 763 962 ea
793 936 859 962 res
889 922 941 961 ad
969 919 1230 961 Dolabellam
1261 919 1401 973 ipsum
1430 919 1672 972 pertineret.
1730 917 1930 957 XV111.40

122 986 228 1025 Tum
265 984 404 1025 subito
443 990 713 1038 tempestates
746 991 914 1025 coortae
946 988 1043 1024 sunt
1073 983 1299 1030 maximae,
1342 982 1525 1030 iudices,
1563 986 1611 1021 ut
1640 994 1726 1022 non
1756 979 1881 1020 modo

121 1044 329 1100 proficisci
370 1060 464 1087 cum
503 1053 675 1101 cuperet
704 1047 922 1087 Dolabella
952 1059 1037 1086 non
1068 1051 1236 1098 posset,
1275 1045 1350 1085 sed
1379 1044 1452 1084 vix
1482 1045 1525 1085 in
1556 1045 1714 1098 oppido
1746 1043 1884 1083 consi-

123 1114 273 1150 steret:
313 1109 371 1150 ita
407 1111 546 1163 magni
585 1112 734 1151 ssuctus
775 1109 1062 1151 eiiciebantur.
1120 1108 1198 1147 Hic
1239 1107 1359 1147 navis
1389 1107 1463 1147 illa
1492 1107 1718 1160 praedonis
1749 1106 1883 1154 istius,

124 1175 274 1212 onusta
303 1172 433 1225 signis
462 1172 694 1225 religiosis,
727 1172 903 1225 expulsa
931 1177 1057 1225 atque
1091 1170 1225 1210 eiecta
1255 1171 1384 1210 ssuctu
1418 1168 1638 1222 frangitur.
1683 1170 1730 1209 In
1760 1169 1884 1209 litore

124 1234 243 1287 signa
271 1233 343 1274 illa
371 1234 579 1287 Apollinis
609 1235 898 1288 reperiuntur:
930 1234 1048 1273 iussu
1074 1232 1318 1272 Dolabellae
1338 1237 1627 1285 reponuntur:
1657 1235 1884 1284 tempestas
1897 1239 1935 1270 45

125 1297 316 1338 sedatur:
357 1297 574 1337 Dolabella
612 1297 716 1337 Delo
757 1294 1048 1350 proficiscitur.
1115 1292 1185 1335 47.
1224 1296 1318 1335 Non
1355 1294 1501 1334 dubito
1549 1293 1676 1348 quin,
1721 1292 1886 1334 tametsi

124 1360 264 1400 nullus
295 1360 340 1399 in
369 1364 410 1400 te
435 1373 582 1400 sensus
602 1359 889 1406 humanitatis,
920 1357 1036 1398 nulla
1055 1357 1162 1397 ratio
1186 1369 1387 1411 umquam
1406 1356 1487 1397 fuit
1505 1356 1744 1410 religionis,
1774 1368 1887 1396 nunc

126 1427 263 1462 tamen
293 1421 337 1461 in
366 1427 479 1462 metu
509 1421 785 1475 periculoque
815 1426 888 1461 tuo
920 1425 1088 1461 tuorum
1118 1420 1193 1460 tibi
1225 1420 1431 1460 scelerum
1451 1419 1595 1461 veniat
1622 1418 1668 1458 in
1689 1424 1887 1459 mentem.

124 1485 322 1524 Potestne
350 1484 428 1524 tibi
456 1485 544 1525 ulla
574 1498 669 1538 spes
691 1484 838 1524 salutis
860 1483 1081 1523 commoda
1102 1483 1289 1531 ostendi,
1319 1496 1414 1523 cum
1434 1481 1689 1529 recordaris,
1720 1481 1766 1521 in
1786 1481 1888 1520 deos

125 1547 381 1588 immortales
411 1560 538 1601 quam
567 1547 746 1600 impius,
780 1559 906 1600 quam
927 1546 1180 1593 sceleratus,
1212 1559 1338 1600 quam
1359 1544 1544 1585 nefarius
1565 1543 1730 1585 fueris?
1759 1542 1889 1597 Apol·
1901 1552 1940 1584 20

125 1609 307 1650 linemne
344 1614 388 1649 tu
429 1609 814 1663 Deliumspoliare
855 1622 981 1649 ausus
1020 1610 1098 1648 es?
1143 1608 1261 1649 illine
1299 1613 1346 1648 tu
1388 1607 1545 1661 templo
1576 1612 1661 1648 tam
1691 1607 1889 1661 antiquo,

127 1676 211 1712 tam
241 1677 407 1720 sancto,
439 1678 523 1712 tam
551 1672 751 1725 religioso
782 1684 930 1712 manus
961 1671 1112 1725 impias
1137 1684 1185 1711 ac
1207 1671 1430 1724 sacrilegas
1451 1671 1599 1711 afferre
1620 1676 1794 1711 conatus
1816 1670 1890 1709 es‘?

128 1735 171 1774 Si
202 1735 246 1774 in
275 1735 455 1788 pueritia
483 1748 571 1775 non
599 1735 652 1775 iis
682 1735 840 1775 artibus
871 1748 918 1774 ac
949 1734 1185 1788 disciplinis
1215 1734 1433 1775 institutus
1455 1747 1570 1782 eras,
1601 1738 1649 1774 ut
1678 1746 1748 1782 ea,
1780 1743 1890 1786 quae

128 1797 277 1838 litteris
320 1797 517 1838 mandata
553 1803 670 1845 sunt,
715 1797 897 1837 disceres
935 1802 1061 1851 atque
1092 1810 1389 1851 cognosceres:
1434 1811 1487 1838 ne
1517 1802 1667 1850 postea
1697 1795 1891 1850 quidem,

130 1873 225 1899 cum
263 1859 307 1900 in
346 1873 394 1900 ea
435 1860 527 1913 ipsa
565 1860 658 1900 loca
694 1860 867 1906 venisti,
907 1859 1082 1913 potuisti
1111 1860 1303 1913 accipere
1332 1859 1398 1908 id,
1438 1860 1554 1914 quod
1584 1863 1648 1899 est
1676 1857 1943 1912 proditum25

131 1923 331 1962 memoria
368 1935 417 1962 ac
454 1922 639 1962 litteris?
698 1920 764 1962 48.
804 1922 1007 1962 Latonam
1047 1935 1099 1962 ex
1136 1921 1263 1974 longo
1305 1934 1446 1962 errore
1478 1926 1519 1961 et
1546 1920 1647 1973 fuga
1676 1917 1891 1973 gravidam

132 1989 174 2024 et
210 1985 295 2024 iam
329 1985 382 2025 ad
425 1985 672 2037 pariendum
711 1984 971 2037 temporibus
1013 1984 1169 2024 exactis
1208 1983 1447 2037 confugisse
1485 1983 1639 2023 Delum
1675 1988 1802 2036 atque
1831 1980 1892 2021 ibi

131 2046 371 2100 Apollinem
399 2047 660 2101 Dianamque
690 2047 927 2100 peperisse,
969 2061 1051 2102 qua
1088 2060 1141 2087 ex
1171 2047 1371 2100 opinione
1400 2047 1621 2087 hominum
1651 2045 1726 2085 illa
1753 2043 1894 2084 insula

132 2122 277 2150 eorum
307 2110 483 2151 deorum
512 2122 629 2150 sacra
658 2114 851 2163 putatur;
889 2114 1089 2162 tantaque
1131 2108 1223 2148 eius
1253 2108 1481 2148 auctoritas
1511 2108 1728 2161 religionis
1760 2112 1802 2148 et
1831 2111 1894 2147 est

131 2176 173 2211 et
202 2185 369 2225 semper
396 2171 499 2220 fuit,
542 2177 590 2212 ut
626 2185 678 2212 ne
721 2173 870 2212 Persae
902 2172 1096 2225 quidem,
1136 2185 1231 2211 cum
1269 2170 1429 2211 bellum
1457 2171 1536 2211 toti
1567 2170 1789 2218 Graeciae,
1829 2169 1943 2210 disao

129 2233 456 2288 hominibusque
494 2235 750 2275 indixissent
788 2239 830 2274 et
867 2234 982 2274 mille
1020 2247 1197 2274 numero
1237 2234 1408 2274 navium
1446 2233 1622 2274 classem
1659 2232 1714 2272 ad
1740 2231 1894 2272 Delum

129 2295 412 2348 appulissent,
443 2297 676 2351 quidquam
707 2302 959 2337 conarentur
988 2301 1060 2337 aut
1089 2296 1247 2337 violare
1278 2301 1351 2336 aut
1380 2296 1599 2350 attingere.
1645 2295 1738 2335 Hoc
1768 2299 1814 2335 tu
1833 2293 1895 2334 fa-

129 2371 231 2399 num
259 2359 532 2413 depopulari,
562 2360 689 2400 homo
720 2359 1030 2414 improbissime
1061 2364 1190 2413 atque
1219 2359 1526 2407 amentissime,
1556 2357 1770 2398 audebas?
1814 2356 1895 2396 fuit

128 2421 217 2462 ulla
255 2421 464 2476 cupiditas
502 2428 641 2471 tanta,
686 2436 795 2477 quae
834 2428 992 2463 tantam
1030 2423 1319 2475 exstingueret
1346 2422 1631 2475 religionem?
1669 2425 1711 2461 et
1739 2420 1775 2460 si
1804 2424 1895 2460 tum

128 2483 233 2525 haec
261 2497 348 2524 non
378 2485 612 2538 cogitabas,
643 2499 697 2525 ne
727 2499 840 2525 nunc
871 2484 1042 2538 quidem
1070 2484 1306 2525 recordaris
1327 2484 1491 2524 nullum
1512 2497 1603 2524 esse
1625 2488 1788 2524 tantum
1807 2487 1944 2522 ma-35

128 2544 238 2594 lum,
270 2546 385 2600 quod
414 2560 500 2587 non
530 2547 606 2587 tibi
634 2560 712 2601 pro
743 2547 971 2587 sceleribus
1002 2547 1086 2587 tuis
1107 2547 1192 2588 iam
1212 2547 1285 2587 diu
1307 2547 1542 2588 debeatur?
1601 2546 1716 2586 XIX.
1747 2543 1814 2585 49.
1845 2545 1894 2584 In

128 2607 272 2649 Asiam
299 2621 399 2650 vero
429 2613 656 2663 postquam
685 2610 822 2657 venit,
854 2609 956 2664 quid
986 2623 1063 2663 ego
1095 2610 1298 2650 adventus
1329 2609 1473 2657 istius,
1513 2608 1711 2661 prandia,
1754 2619 1894 2653 cenas,

130 2683 262 2726 equos
302 2684 560 2726 muneraque
599 2674 950 2713 commemorem?
995 2671 1109 2713 Nihil
1149 2686 1241 2713 cum
1272 2673 1402 2713 Verre
1442 2671 1493 2711 de
1525 2669 1784 2724 quotidianis
1815 2668 1894 2709 cri-

215 2826 248 2858 4.
272 2829 446 2867 separatus
468 2826 550 2867 G3g
572 2828 636 2867 PT,
662 2827 681 2859 3
705 2827 808 2860 codd.
834 2826 932 2859 Lbi.:
963 2830 1112 2859 servatus
1134 2826 1197 2858 dtt.
1223 2827 1261 2858 Ο.
1289 2844 1325 2849 —
1352 2827 1382 2858 2.
1410 2829 1456 2858 est
1477 2825 1537 2857 hoc
1560 2825 1645 2857 PT.:
1679 2824 1738 2856 hoc
1765 2827 1809 2855 est
1833 2824 1892 2854 ctt.

131 2875 168 2907 Ο.
189 2893 226 2899 -
252 2876 375 2908 dictum
397 2879 442 2909 est
463 2876 521 2908 hoc
536 2894 585 2901 --
601 2878 812 2910 aestimatum
835 2885 906 2909 om.
933 2877 991 2909 G3.
1022 2895 1057 2899 —
1083 2877 1113 2908 3.
1140 2886 1205 2908 non
1224 2879 1317 2916 part.
1343 2877 1428 2908 PT.:
1455 2885 1521 2907 non
1542 2876 1638 2907 modo
1657 2878 1749 2915 part.
1776 2875 1834 2906 ctt.
1854 2875 1893 2905 O.

131 2941 170 2948 —
195 2925 247 2958 48.
273 2926 417 2968 tuorum]
440 2927 559 2959 hor-um
581 2929 641 2960 Gi.
669 2944 705 2950 —
731 2928 784 2960 ⁶2⁴.
810 2927 858 2958 illi
883 2926 975 2958 (3102.
998 2944 1034 2950 -
1059 2926 1112 2958 23.
1138 2926 1179 2958 iis
1201 2927 1247 2958 L:
1274 2926 1377 2959 hiso.
1399 2942 1435 2947 -
1461 2926 1559 2957 acGi
1578 2925 1757 2965 23Lg29:
1783 2923 1892 2955 etdtt.

131 2974 169 3006 Ο.
195 2992 233 2999 -·
257 2976 311 3009 26.
336 2977 499 3010 memoria
523 2978 570 3010 G2
585 2977 699 3019 Lg295
732 2977 911 3010 memoriae
935 2976 976 3007 Gl
1006 2975 1070 3008 dtt.
1096 2977 1133 3008 O.
1162 2994 1198 2999 —-
1231 2976 1285 3008 ³27.
1311 2977 1355 3008 ad
1381 2975 1582 3015 pariendum
1606 2975 1648 3006 Gi
1667 2973 1822 3014 33ng29
1847 2973 1893 3005 C:

129 3024 176 3056 ad
192 3027 393 3066 pariendum
413 3027 559 3060 vicinam
581 3027 644 3060 dtt.
670 3027 837 3069 [vicinam]
863 3027 900 3058 O.
928 3043 966 3049 —
993 3025 1046 3058 34.
1072 3026 1318 3065 hominibusque
1341 3026 1382 3057 Gi
1411 3027 1449 3057 A.
1469 3025 1568 3057 Serv.
1586 3024 1632 3056 ad
1646 3026 1732 3056 Aen.
1750 3023 1805 3054 111.
1824 3021 1894 3054 84.:

129 3074 311 3110 hominibus
326 3078 374 3110 (32
386 3087 420 3117 ς.
445 3077 548 3119 Apud
571 3079 668 3110 Serv.
693 3077 715 3110 l.
733 3077 756 3110 l.
774 3079 810 3110 in
834 3077 890 3109 ed.
907 3075 1097 3109 Nivelliana
1120 3086 1151 3109 a.
1178 3077 1273 3109 4600.
1300 3075 1390 3108 haec
1412 3074 1576 3116 leguntur
1598 3076 1687 3106 teste
1705 3073 1819 3105 Garat.
1838 3072 1892 3104 11.:

130 3127 287 3167 tantaque
306 3128 356 3159 vis
376 3127 474 3160 huius
493 3128 662 3170 religionis
683 3132 729 3161 est
751 3132 781 3161 et
803 3137 829 3160 s.
855 3128 894 3168 f.,
918 3130 954 3158 uc
976 3135 1017 3158 ne
1037 3127 1073 3158 P.
1098 3134 1146 3167 q„
1171 3136 1203 3167 q.
1222 3125 1252 3157 b.
1271 3128 1358 3157 totae
1379 3125 1476 3157 Asiae
1498 3125 1531 3156 d.
1556 3123 1802 3162 hominibusque
1823 3121 1892 3153 ind.

130 3178 162 3207 et
181 3176 270 3209 mille
290 3178 428 3210 navium
449 3177 489 3210 cl.
515 3179 558 3211 D.
584 3187 654 3219 ap„
679 3187 709 3218 q.
737 3188 765 3210 c.
791 3187 825 3210 a.
850 3188 880 3210 v.
907 3185 940 3208 α.
966 3177 1145 3218 αίίὶηῃθνες
1171 3175 1236 3209 sed
1258 3175 1388 3208 desunt
1403 3176 1439 3208 in
1455 3174 1538 3207 edit.
1555 3175 1649 3215 Virg.
1668 3172 1777 3214 Lugd.
1797 3171 1893 3204 4527.

132 3226 224 3258 etin
246 3226 324 3260 cod.
350 3227 543 3261 Barberino
568 3229 688 3261 Servii.
717 3246 753 3252 —
779 3228 832 3260 33.
858 3227 1058 3268 depopulare
1081 3228 1123 3259 Gi
1142 3227 1180 3265 2;
1212 3226 1400 3267 depeculari
1423 3226 1460 3257 L.
1496 3224 1541 3257 cf.
1565 3225 1642 3256 Act.
1667 3224 1692 3255 Ι.
1719 3222 1750 3264 5.
1777 3222 1829 3254 44.
1857 3238 1894 3244 -

132 3272 186 3306 34.
209 3275 280 3308 ulla
308 3277 350 3310 Gt
371 3277 462 3318 Lg42
486 3277 555 3311 Pal.
581 3287 668 3319 sec.‚
703 3277 780 3310 cod.
807 3278 904 3310 Hot.:
935 3277 995 3308 illa
1023 3277 1071 3309 GP.
1086 3276 1189 3317 Lg29.
1228 3294 1264 3299 —
1301 3276 1354 3308 36.
1380 3278 1450 3307 tam
1476 3275 1534 3307 diu
1557 3273 1604 3306 G3
1615 3283 1648 3312 ς.
1677 3290 1714 3297 -
1739 3271 1792 3304 37.
1816 3271 1893 3302 adv.

129 3323 241 3365 istius,
262 3327 422 3367 prandia.
447 3328 502 3360 Sic
526 3328 680 3363 distinxit
699 3327 814 3362 Madv.
831 3329 921 3370 App.
946 3335 980 3368 p.
1000 3326 1067 3360 39.:
1092 3326 1170 3359 adv.
1187 3325 1282 3359 istius
1298 3325 1467 3366 prandia,
1491 3331 1611 3357 coenas
1625 3323 1662 3354 Ο.
1683 3338 1720 3345 -
1747 3320 1800 3354 38.
1819 3328 1896 3352 mu-

131 3381 218 3408 nera
237 3376 317 3409 Asc.
343 3376 424 3411 edd.
448 3378 532 3413 vett.

188 3434 306 3471 Cimo
324 3436 358 3472 T.
370 3437 408 3470 11.
1554 3432 1608 3476 ’10
