2127 3708
289 206 342 249 28
514 208 711 249 ORATIO
742 208 844 250 PRO
875 210 917 249 P.
946 207 1199 256 QUINCTIO
1232 206 1330 248 CAP.
1350 207 1503 248 xxxi.
1533 205 1605 260 §§-
1628 204 1804 247 96-99.

290 325 465 375 quaestu
505 320 711 373 prostitit3
750 320 966 372 indignum
1006 323 1068 359 est
1104 332 1128 358 a
1171 319 1259 371 pari
1300 319 1408 359 vinci
1438 323 1509 358 aut
1539 319 1776 371 superiore,
1816 317 2027 371 indignius

289 383 339 423 ab
381 383 575 424 inferiore
619 388 744 436 atque
787 382 1030 429 humiliore3
1078 380 1314 421 luctuosum
1353 385 1414 421 est
1458 381 1564 421 tradi
1602 380 1720 420 alteri
1761 395 1853 420 cum
1883 380 2028 428 bonis,

287 443 519 485 luctuosius
570 445 761 492 inimico;
808 443 1006 483 horribile
1057 448 1120 483 est
1167 455 1332 482 causam
1380 443 1526 496 capitis
1582 443 1740 490 dicere,
1788 442 2029 483 horribilius

287 507 426 559 priore
455 507 548 548 loco
581 507 730 546 dicere.
788 504 853 544 96.
886 505 1035 545 Omnia
1066 505 1361 557 circumspexit
1387 506 1629 553 Quinctius,
1662 506 1801 545 omnia
1822 505 2030 559 periclita-

257 574 354 609 5tus
385 574 463 617 est,
497 570 538 610 C.
568 568 732 622 Aquili:
763 581 847 607 non
879 573 1112 620 praetorem
1139 568 1282 614 modo,
1313 580 1337 606 a
1358 580 1440 620 quo
1463 567 1527 607 ius
1549 568 1809 621 impetraret,
1842 568 2029 607 invenire

286 644 371 671 non
393 632 549 684 potuit,
581 637 705 685 atque
736 631 838 670 adeo
871 644 922 670 ne
946 631 1055 669 unde
1077 630 1273 670 arbitratu
1296 629 1460 682 quidem
1485 643 1559 669 suo
1591 631 1841 682 postularet,
1874 630 1946 669 sed
1978 643 2029 671 ne

287 694 443 735 amicos
476 694 644 747 quidem
676 694 770 733 Sex.
801 693 969 739 Naevii,
1002 706 1177 746 quorum
1210 706 1334 744 saepe
1368 697 1408 731 et
1439 692 1508 731 diu
1540 693 1589 732 ad
1621 694 1748 745 pedes
1778 693 1905 732 iacuit
1927 697 2029 732 stra-

289 762 374 803 tus,
406 757 626 796 obsecrans
656 769 731 808 per
761 756 861 794 deos
892 755 1168 802 immortales,
1200 760 1246 794 ut
1276 758 1347 793 aut
1367 767 1506 793 secum
1528 755 1616 794 iure
1639 754 1939 794 contenderent
1960 758 2031 795 aut

288 819 481 858 iniuriam
525 819 614 858 sine
660 817 889 870 ignominia
929 817 1005 856 sihi
1046 818 1320 870 imponerent.
1380 814 1446 855 97.
1487 817 1677 869 Denique
1710 817 1840 869 ipsius
1872 817 2029 857 inimici

239 888 274 919 4ο
288 881 448 921 vultum
480 881 823 934 superbissimum
855 880 1001 927 subiit,
1032 880 1164 933 ipsius
1198 881 1292 919 Sex.
1315 880 1458 919 Naevii
1490 880 1709 919 lacrimans
1742 894 1907 920 manum
1939 894 2031 933 pre-

287 943 433 983 hendit
462 944 503 982 in
534 943 868 996 propinquorum
899 942 1020 982 bonis
1051 942 1359 995 proscribendis
1389 942 1676 989 exercitatam,
1708 943 1939 982 obsecravit
1958 956 2032 995 per

287 1004 423 1046 fratris
455 1005 518 1045 sui
550 1005 700 1045 mortui
733 1005 934 1052 cinerem,
965 1019 1039 1058 per
1069 1019 1221 1045 nomen
1252 1005 1600 1058 propinquitatis,
1633 1019 1706 1057 per
1733 1005 1866 1058 ipsius
1888 1005 2032 1045 coniu-

289 1081 379 1119 gem
411 1073 451 1107 et
480 1068 653 1114 liberos,
686 1067 837 1120 quibus
868 1067 1040 1120 propior
1068 1069 1110 1107 P.
1143 1068 1339 1116 Quinctio
1372 1080 1492 1106 nemo
1525 1071 1606 1114 est,
1638 1072 1683 1106 ut
1709 1067 1935 1121 aliquando
1958 1068 2032 1107 mi-

289 1130 557 1170 sericordiam
588 1134 776 1183 caperet,
807 1129 1013 1182 aliquam,
1045 1130 1077 1169 si
1110 1143 1193 1169 non
1225 1129 1572 1183 propinquitatis,
1605 1134 1646 1169 at
1675 1130 1821 1169 aetatis
1845 1142 1966 1176 suae,
1998 1130 2031 1168 si

240 1200 275 1230 45
289 1206 372 1232 non
402 1192 604 1240 hominis,
635 1197 677 1232 at
695 1191 963 1231 humanitatis
984 1192 1185 1231 rationem
1214 1192 1403 1239 haberet3
1435 1198 1480 1231 ut
1512 1205 1651 1231 secum
1683 1192 1844 1245 aliquid
1874 1193 2033 1245 integra

289 1269 363 1295 sua
401 1255 510 1295 fama
548 1255 754 1308 qualibet,
786 1255 1010 1294 dummodo
1042 1255 1248 1295 tolerabili
1288 1255 1534 1295 condicione
1568 1255 1825 1307 transigeret.
1874 1253 1940 1294 98.
1970 1255 2032 1294 Ab

289 1318 380 1371 ipso
412 1319 674 1372 repudiatus,
707 1318 757 1357 ab
789 1317 930 1357 amicis
963 1317 1051 1356 eius
1082 1330 1165 1355 non
1188 1317 1446 1364 sublevatus,
1477 1317 1527 1356 ab
1550 1317 1661 1355 omni
1686 1317 1926 1369 magistratu
1947 1318 2033 1370 agi-

289 1385 397 1421 tatus
428 1386 552 1434 atque
584 1381 847 1434 perterritus,
880 1393 1003 1434 quem
1035 1384 1198 1433 praeter
1228 1385 1266 1419 te
1297 1380 1499 1432 appellet,
1530 1380 1655 1419 habet
1684 1380 1916 1419 neminem:
1958 1380 2032 1420 tibi

290 1458 354 1491 se,
387 1444 459 1484 tibi
493 1457 587 1484 suas
620 1456 762 1483 omnes
793 1457 894 1496 opes
925 1442 1198 1496 fortunasque
1231 1443 1513 1490 commendat,
1545 1443 1618 1482 tibi
1642 1443 1861 1483 committit
1891 1443 2033 1483 existi-

239 1512 276 1542 20
290 1507 514 1546 mationem
545 1519 591 1546 ac
623 1519 739 1559 spem
769 1506 957 1558 reliquae
988 1505 1111 1545 vitae.
1154 1505 1295 1544 Multis
1325 1511 1498 1546 vexatus
1530 1505 1811 1552 contumeliis,
1844 1506 2032 1559 plurimis

289 1569 464 1608 iactatus
494 1569 679 1616 iniuriis,
717 1582 799 1608 non
833 1569 966 1621 turpis
997 1568 1047 1607 ad
1079 1574 1144 1615 tc,
1184 1569 1254 1607 sed
1296 1568 1420 1607 miser
1450 1568 1658 1619 confugit:
1700 1582 1720 1607 e
1750 1567 1881 1608 fundo
1913 1582 2034 1608 orna-

288 1630 450 1670 tissimo
482 1630 660 1678 eiectus,
691 1631 933 1683 ignominiis
967 1630 1158 1671 omnibus
1189 1631 1422 1684 appetitus,
1455 1644 1547 1670 cum
1578 1631 1694 1669 illum
1727 1631 1770 1669 in
1792 1631 1876 1670 suis
1899 1637 2034 1684 pater-

288 1692 353 1733 nis
383 1693 504 1732 bonis
535 1693 741 1734 dominari
770 1694 950 1741 videret,
982 1694 1071 1746 ipse
1101 1691 1208 1733 filiae
1232 1694 1361 1732 nubili
1385 1695 1523 1733 dotem
1551 1692 1753 1733 conficere
1775 1707 1859 1733 non
1879 1699 2033 1747 posset,

289 1755 395 1794 nihil
424 1756 606 1796 alienum
638 1761 775 1796 tamen
806 1757 890 1796 vita
921 1756 1135 1809 superiore
1168 1756 1387 1795 commisit.
1447 1754 1512 1794 99.
1554 1756 1702 1809 Itaque
1733 1756 1813 1795 hoc
1845 1762 1883 1795 te
1916 1756 2034 1795 obsc—

240 1823 276 1853 95
290 1824 394 1866 crat,
429 1819 470 1858 C.
500 1819 666 1873 Aquili,
696 1825 759 1867 ut,
793 1832 916 1873 quam
938 1819 1308 1865 existimationem,
1341 1832 1463 1871 quam
1485 1818 1747 1858 honestatem
1769 1819 1812 1858 in
1833 1819 2032 1858 iudicium

288 1887 405 1920 tuum
435 1894 566 1934 prope
596 1887 688 1922 acta
717 1882 798 1921 iam
830 1887 963 1921 aetate
995 1881 1253 1934 decursaque
1284 1882 1440 1929 attulit,
1473 1896 1561 1921 eam
1592 1882 1715 1921 liceat
1745 1882 1781 1921 ei
1811 1894 1951 1921 secum
1982 1895 2034 1921 ex

286 1943 366 1984 hoc
396 1943 489 1983 loco
521 1945 680 1991 efferre,
712 1958 764 1984 ne
794 1944 848 1991 is,
880 1945 930 1983 de
961 1945 1078 1983 cuius
1109 1941 1246 1983 officio
1276 1958 1398 1984 nemo
1431 1958 1628 1998 umquam
1659 1944 1884 1990 dubitavit,
1916 1957 2035 1983 sexa-

288 2005 446 2058 gesimo
478 2006 660 2059 denique
684 2019 793 2046 anno
816 2006 1041 2054 dedecore,
1073 2006 1235 2046 macula
1256 2008 1580 2061 turpissimaque
1603 2007 1831 2059 ignominia
1853 2010 2033 2053 notetur,

288 2081 339 2106 ne
371 2069 622 2109 ornamentis
655 2070 744 2109 eius
776 2070 968 2109 omnibus
1000 2070 1094 2109 Sex.
1125 2069 1306 2108 Naevius
1338 2082 1412 2121 pro
1445 2070 1590 2122 spoliis
1621 2069 1835 2115 abutatur,
1879 2080 1930 2106 ne
1961 2081 2034 2120 per

239 2135 275 2165 :30
289 2136 328 2170 te
359 2130 484 2177 ferat,
517 2144 600 2184 quo
632 2132 791 2179 minus,
824 2145 931 2185 quae
963 2132 1215 2171 existimatio
1247 2132 1290 2170 P.
1323 2132 1565 2180 Quinctium
1596 2145 1730 2185 usque
1762 2132 1812 2171 ad
1844 2135 2033 2170 senectu—

291 2198 372 2234 tem
403 2194 622 2247 produxit,
654 2194 796 2233 eadem
829 2208 962 2247 usque
994 2194 1045 2233 ad
1075 2207 1221 2246 rogum
1251 2200 1543 2248 prosequatur.

374 2331 405 2362 4.
431 2333 599 2369 quaestum
616 2330 779 2369 praestitit
795 2331 821 2361 Α
839 2338 918 2361 cum
942 2330 962 2360 k
976 2338 1010 2361 m
1035 2330 1069 2360 ct
1091 2338 1143 2370 pr.
1163 2339 1200 2366 e,
1227 2332 1395 2368 quaestum
1412 2329 1556 2368 prostitit
1580 2331 1623 2366 G,
1651 2332 1785 2367 quaestu
1801 2329 1941 2359 constitit
1963 2328 1985 2359 b
2000 2337 2031 2366 c,

288 2384 422 2420 quaestu
440 2380 604 2420 praestitit
627 2380 647 2411 i.
680 2379 729 2411 Cf.
756 2379 786 2419 ἓ.
814 2380 846 2410 44
879 2381 912 2410 et
936 2379 987 2409 43.
1016 2396 1050 2401 -
1077 2382 1121 2409 est
1145 2387 1213 2410 om.
1240 2379 1271 2409 k.
1302 2396 1332 2401 -
1363 2378 1392 2410 4.
1420 2380 1500 2409 Post
1524 2387 1556 2410 v,
1582 2379 1812 2418 circumspecte
1835 2377 1957 2409 lacuna
1982 2380 2034 2410 est

287 2430 437 2461 (luorum
467 2429 658 2461 verborum
682 2430 714 2461 in
740 2429 848 2460 tribus
873 2428 1052 2460 codicibus
1077 2427 1254 2465 Palatinis,
1286 2430 1363 2459 ante
1389 2437 1421 2458 v.
1447 2429 1541 2458 mocio
1565 2429 1714 2468 spatium
1739 2436 1888 2459 vacuum
1914 2428 1932 2459 6
1950 2446 1982 2449 —
2000 2427 2030 2459 8.

286 2478 479 2511 litterarum
504 2480 536 2511 in
561 2480 627 2520 dg.
658 2497 691 2502 —
717 2481 748 2511 5.
775 2480 918 2510 invenire
939 2489 1003 2510 non
1027 2479 1132 2518 potuit
1154 2479 1187 2515 k,
1214 2479 1236 2509 L
1252 2478 1271 2512 8
1297 2479 1331 2509 et
1347 2486 1414 2517 mg.
1434 2479 1483 2509 A:
1509 2479 1652 2509 invenire
1673 2479 1779 2518 potuit
1802 2487 1882 2509 cum
1908 2477 2033 2509 ceteris

289 2528 468 2561 codicibus
492 2530 567 2560 Ao.
606 2530 709 2569 (Haec
732 2528 840 2560 verba
864 2529 1072 2570 transposita
1096 2530 1175 2559 sunt
1198 2530 1278 2568 post
1300 2537 1332 2558 v.
1348 2528 1514 2567 postulare
1540 2529 1571 2559 in
1591 2529 1639 2567 L.)
1668 2546 1702 2550 m
1730 2529 1780 2560 40.
1807 2529 1885 2559 Sex.
1911 2536 1980 2559 om.
1998 2528 2030 2558 k.

291 2595 326 2602 —
352 2588 488 2609 manum
511 2579 721 2618 apprehendit
742 2581 769 2610 A
782 2578 815 2612 Q.
844 2596 878 2600 —
910 2579 962 2610 42.
988 2579 1138 2619 cinerem]
1168 2587 1318 2609 cru-orem
1340 2578 1370 2608 k.
1401 2595 1434 2599 —
1467 2578 1518 2609 43,
1544 2579 1770 2609 misericordia
1797 2581 1969 2617 caperetur
1995 2578 2030 2608 L.

289 2629 435 2660 Grutero
459 2630 493 2659 et
509 2629 665 2660 Ernestio
689 2629 776 2660 haec
792 2628 899 2659 verba
924 2637 942 2659 0
967 2627 1173 2669 glossemate
1199 2629 1276 2658 nata
1300 2627 1471 2658 videntur.
1493 2646 1527 2649 —
1556 2628 1606 2659 48.
1630 2630 1828 2668 proterritus
1846 2627 2033 2668 legendum

287 2681 410 2721 putant
433 2678 575 2720 quidam
599 2687 652 2719 ap.
680 2677 898 2709 Lambinum.
936 2678 984 2709 Cf.
1011 2677 1133 2708 Jordan
1164 2676 1207 2707 ad
1231 2685 1280 2707 or.
1311 2686 1345 2717 p.
1373 2677 1518 2708 Caecina
1550 2686 1582 2718 p.
1611 2677 1671 2709 443
1695 2687 1748 2718 sq.
1777 2695 1813 2700 —
1847 2677 1897 2708 49.
1927 2685 2034 2708 omnes

287 2738 364 2760 suas
391 2737 465 2768 opes
491 2728 705 2768 fortunasque
728 2729 770 2767 G,
808 2736 914 2758 omnes
941 2728 1092 2767 fortunas
1120 2736 1197 2757 suas
1227 2735 1362 2766 opesque
1384 2727 1416 2757 k.
1446 2743 1480 2749 -
1517 2727 1569 2758 ⁶20.
1596 2726 1692 2768 vilae]
1724 2728 1810 2758 vitae
1832 2735 1910 2757 suae
1932 2726 1965 2757 k.
1995 2744 2030 2747 —-

287 2780 341 2811 ⁶22.
367 2779 483 2810 eiectus
505 2787 523 2809 e
540 2787 576 2818 g:
604 2778 741 2809 deiectus
764 2786 844 2809 cum
868 2778 994 2809 ceteris
1019 2776 1196 2809 codicibus
1221 2776 1369 2811 ALsso.
1411 2777 1460 2809 Cs.
1495 2778 1524 2817 g.
1551 2777 1602 2809 ⁶28.
1634 2796 1667 2800 —
1700 2778 1751 2808 23.
1776 2777 1875 2816 possit
1897 2777 1961 2808 BG
1978 2775 2031 2807 ab

289 2838 307 2861 c
325 2829 345 2860 d
364 2837 382 2860 e
400 2828 446 2869 fg
461 2828 482 2859 h
500 2828 509 2858 i
525 2826 533 2858 l
552 2836 583 2859 n.
613 2845 646 2850 —
676 2826 727 2859 24.
754 2828 942 2859 Arusianus
968 2828 1112 2859 Messius
1137 2836 1169 2868 p.
1196 2828 1269 2858 ⁵213.
1297 2827 1472 2858 Lindem.:
1502 2828 1582 2858 nihil
1605 2832 1711 2859 tamen.
1737 2828 1879 2858 alienum
1900 2836 1931 2858 v.
1957 2835 1981 2857 s.
2002 2835 2029 2857 c.

291 2898 325 2903 —
351 2880 464 2917 ltaque
486 2878 544 2909 hoc
567 2881 596 2909 te
618 2877 762 2909 obsecrat
786 2879 811 2908 G
827 2877 849 2908 b
869 2886 886 2908 c
904 2886 922 2907 e
942 2876 986 2917 fg
1004 2877 1024 2907 h
1042 2877 1049 2907 i
1068 2885 1089 2907 n
1114 2878 1147 2907 et
1170 2878 1215 2907 A:
1250 2877 1359 2914 itaque
1381 2876 1438 2907 hoc
1463 2876 1603 2915 (omisso
1629 2876 1669 2916 tc)
1694 2877 1837 2908 obsecrat
1860 2877 1898 2915 k,
1924 2877 2034 2915 itaque

288 2931 317 2959 te
338 2929 396 2959 hoc
419 2927 563 2959 obsecrat
586 2936 664 2959 cum
689 2929 814 2959 ceteris
837 2927 932 2959 libris
957 2926 1065 2961 [ΒΟ.
1094 2944 1128 2949 -
1155 2927 1206 2957 27.
1227 2927 1346 2966 afferre
1366 2926 1386 2957 k
1406 2927 1439 2957 et
1453 2935 1504 2966 pr.
1530 2936 1559 2964 c,
1586 2927 1717 2966 auferre
1734 2926 1899 2958 Halmius.
1921 2943 1955 2948 -
1983 2934 2033 2956 se-

287 2978 520 3019 oeaqesirnoque
543 2986 629 3008 armo
646 2986 675 3009 e.
705 2993 739 3000 —
766 2978 819 3008 ⁶28.
844 2977 1006 3009 dedecoris
1029 2977 1061 3007 k.
1084 2994 1118 2998 -
1144 2976 1196 3006 ⁵29.
1223 2976 1300 3007 San.
1326 2984 1394 3006 om.
1414 2976 1444 3006 k.
1465 2993 1502 2999 —
1529 2976 1581 3008 34.
1603 2977 1765 3017 produnt
1781 2976 1904 3009 Bbce
1920 2974 2030 3008 ihil:

285 3028 441 3069 perduxit
457 3029 482 3060 A
497 3028 520 3058 L
535 3026 555 3062 8
569 3027 606 3058 Ο.
634 3044 671 3050 —-
693 3026 924 3068 prosequatur]
951 3025 1012 3058 «al.
1025 3029 1264 3066 persequatur»
1290 3034 1357 3066 mg.
1383 3024 1416 3059 2.
