2143 3713
187 242 269 284 750
742 242 942 284 ORATIO
972 243 1075 284 PRO
1107 243 1152 284 L.
1181 243 1401 285 MURENA

187 362 324 397 autem
363 356 405 395 in
448 355 545 396 sede
586 369 633 396 ac
673 355 765 396 loco
794 355 948 396 ferrum
979 357 1267 409 flammamque
1297 361 1541 396 metuemus.
1601 356 1719 404 Quae
1750 357 1831 397 iam
1862 357 1931 397 diu

188 422 497 472 comparantur,
529 416 674 457 eadem
706 417 785 457 ista
805 418 962 465 onmia,
992 419 1027 457 si
1052 424 1195 458 ornata
1217 419 1302 458 suis
1323 418 1543 471 praesidiis
1566 419 1642 459 erit
1663 432 1728 459 res
1750 419 1930 472 publica,

186 480 305 520 facile
337 485 378 519 et
407 480 718 533 magistratuum
749 479 931 519 consiliis
963 485 1003 519 et
1032 479 1280 532 privatorum
1313 480 1526 533 diligentia
1556 481 1892 533 comprimentur.

299 543 386 582 XL.
417 540 482 580 86.
524 541 639 589 Quae
684 554 776 580 cum
817 541 875 580 ita
914 541 1012 587 sint,
1054 541 1230 589 iudices,
1269 542 1445 595 primum
1476 543 1535 582 rei
1575 543 1765 595 publicae
1797 556 1932 589 causa,

155 617 270 657 5qua
299 604 414 644 nulla
443 617 507 644 res
538 605 731 656 cuiquam
762 603 902 656 potior
932 603 1054 643 debet
1085 616 1200 651 esse,
1231 618 1304 643 vos
1335 618 1409 657 pro
1441 619 1532 645 mea
1563 617 1724 644 summa
1754 609 1795 644 et
1815 605 1931 644 vobis

186 667 351 719 cognita
381 667 422 706 in
453 679 497 705 re
527 665 694 718 publica
725 665 939 717 diligentia
970 679 1140 712 moneo,
1170 679 1245 718 pro
1271 667 1515 708 auctoritate
1537 667 1745 707 consulari
1774 666 1932 713 hortor,

185 742 260 781 pro
291 727 576 782 magnitudine
607 727 781 780 periculi
813 727 1018 774 obtestor,
1057 733 1103 766 ut
1133 728 1241 774 otio,
1279 733 1324 767 ut
1354 729 1468 780 paci,
1498 734 1545 768 ut
1575 728 1720 775 saluti,
1752 733 1797 767 ut
1826 729 1933 768 vitae

184 795 345 830 vestrae
377 795 418 830 et
447 794 676 830 ceterorum
707 789 856 828 civium
888 789 1134 829 consulatis:
1171 790 1320 828 deinde
1353 803 1428 842 ego
1458 791 1567 830 idem
1598 805 1670 831 vos
1702 789 1934 830 defensoris

185 857 226 892 et
255 852 374 892 amici
404 849 542 891 officio
572 851 776 891 adductus
808 863 881 890 oro
913 856 1037 904 atque
1058 852 1254 899 obsecro,
1285 851 1465 899 iudices,
1498 857 1543 892 ut
1572 866 1623 891 ne
1653 852 1835 892 hominis
1860 852 1934 891 mi-

137 927 172 957 ⁴0
185 916 266 954 seri
296 919 337 954 et
367 927 459 954 cum
489 913 676 966 corporis
706 912 848 952 morbo
878 918 965 952 tum
995 913 1122 952 animi
1154 913 1298 952 dolore
1330 913 1526 961 consecti,
1557 915 1602 952 L.
1624 915 1842 960 Murenae,
1872 926 1937 952 re-

185 981 346 1016 centem
375 975 695 1028 gratulationem
725 987 833 1014 nova
865 974 1158 1015 lamentatione
1191 975 1389 1015 obruatis.
1439 975 1566 1015 Modo
1598 976 1779 1015 maximo
1810 976 1936 1015 bene-

184 1038 279 1078 ficio
309 1037 452 1090 populi
480 1037 657 1076 Romani
688 1042 856 1076 ornatus
886 1036 1120 1077 fortunatus
1148 1038 1385 1084 videbatur,
1417 1037 1528 1091 quod
1559 1038 1717 1090 primus
1748 1038 1790 1076 in
1819 1037 1935 1076 fami-

185 1100 282 1141 liam
302 1104 504 1147 veterem,
526 1099 685 1152 primus
706 1099 748 1138 in
770 1099 1040 1152 municipium
1062 1099 1401 1152 antiquissimum
1423 1099 1685 1138 consulatum
1706 1098 1935 1138 attulisset:

186 1175 296 1202 nunc
328 1161 438 1201 idem
469 1161 663 1215 squalore
695 1166 736 1201 et
767 1160 956 1201 sordibus
988 1161 1222 1208 confectus,
1252 1160 1431 1200 lacrimis
1460 1174 1506 1200 ac
1529 1174 1714 1200 maerore
1736 1160 1937 1213 perditus,

138 1240 174 1268 45
186 1231 324 1266 vester
353 1230 417 1264 est
442 1223 644 1277 supplex,
674 1223 857 1271 iudiceS,
888 1228 1066 1263 vestram
1088 1223 1212 1262 fidem
1234 1223 1484 1270 obtestatur,
1516 1222 1844 1262 misericordiam
1866 1224 1938 1262 im-

186 1287 340 1341 plorat,
370 1291 550 1326 vestram
580 1290 827 1338 potestatem
857 1298 904 1325 ac
925 1291 1083 1325 vestras
1105 1298 1204 1338 opes
1226 1285 1421 1325 intuetur.
1467 1283 1534 1324 87.
1556 1285 1713 1332 Nolite,
1744 1298 1819 1337 per
1840 1284 1938 1324 deos

186 1348 460 1390 immortales!
491 1347 670 1395 iudices,
699 1347 777 1387 hac
799 1344 896 1387 eum
925 1361 989 1395 rc,
1022 1361 1105 1401 qua
1126 1361 1169 1387 se
1189 1347 1474 1387 honestiorem
1493 1346 1583 1387 fore
1604 1347 1785 1400 putavit,
1817 1347 1937 1386 etiam

186 1412 336 1453 ceteris
365 1416 460 1453 ante
489 1410 616 1464 partis
645 1410 933 1450 honestatibus
964 1414 1089 1462 atque
1121 1409 1235 1449 omni
1259 1409 1458 1462 dignitate
1486 1409 1737 1462 fortunaque
1760 1410 1936 1462 privare.

186 1476 323 1529 Atque
352 1474 409 1514 ita
440 1486 512 1513 vos
543 1472 784 1520 L.Murena‚
815 1472 997 1519 iudices,
1029 1478 1119 1512 orat
1148 1477 1273 1525 atque
1305 1472 1512 1519 obsecrat,
1544 1478 1600 1519 ut,
1633 1473 1665 1511 si
1694 1472 1846 1512 iniuste
1868 1486 1940 1511 ne-

138 1550 173 1581 20
188 1537 341 1577 minem
371 1535 512 1583 laesit,
544 1535 579 1575 si
608 1534 763 1575 nullius
795 1548 916 1575 aures
946 1534 1254 1574 voluntatemve
1276 1534 1467 1581 violavit,
1499 1534 1531 1573 si
1552 1534 1721 1581 nemini,
1742 1539 1788 1573 ut
1818 1534 1941 1574 levis-

188 1600 291 1640 sime
331 1599 484 1645 dicam,
526 1597 622 1637 odio
660 1610 737 1637 nec
778 1597 889 1636 domi
927 1610 1003 1636 nec
1034 1596 1208 1636 militiae
1238 1595 1340 1642 fuit,
1382 1596 1435 1635 sit
1464 1596 1575 1648 apud
1606 1609 1680 1636 vos
1711 1597 1939 1637 modestiae

188 1662 329 1709 locus,
369 1661 423 1701 sit
453 1659 644 1700 demissis
674 1660 914 1700 hominibus
945 1658 1203 1711 perfugium,
1245 1659 1297 1698 sit
1326 1658 1526 1697 auxilium
1559 1657 1722 1711 pudori.
1781 1658 1941 1698 Miseri-

189 1724 373 1764 cordiam
414 1722 608 1775 spoliatio
640 1722 878 1761 consulatus
910 1734 1100 1773 magnam
1130 1721 1284 1760 habere
1315 1721 1458 1767 debet,
1499 1720 1681 1767 iudices3
1720 1734 1802 1760 una
1832 1721 1939 1760 enim

189 1786 421 1840 eripiuntur
451 1798 544 1824 cum
576 1784 792 1824 consulatu
823 1784 974 1823 omnia.
1034 1783 1240 1823 Invidiam
1270 1796 1368 1822 vero
1404 1783 1470 1822 his
1501 1783 1757 1836 temporibus
1787 1783 1940 1822 habere

139 1861 176 1892 25
189 1848 429 1889 consulatus
468 1848 559 1900 ipse
589 1846 746 1886 nullam
783 1850 943 1899 potest:
981 1845 1176 1886 obiicitur
1206 1846 1315 1884 enim
1347 1845 1607 1885 contionibus
1638 1845 1941 1891 seditiosorum,

276 2064 307 2095 2.
333 2063 444 2095 omnia
466 2063 530 2094 ista
554 2064 591 2093 G.
621 2080 655 2084 -
689 2062 720 2094 3.
747 2061 1003 2100 comprimentur
1026 2060 1094 2093 Pal.
1122 2063 1151 2093 4.
1178 2064 1212 2093 ct
1236 2063 1315 2102 Lag.
1340 2061 1404 2093 24:
1438 2063 1648 2103 confirmetur
1671 2062 1750 2102 Lag.
1777 2061 1835 2099 43,
1865 2070 1944 2092 con-

186 2115 344 2156 firmatur·
366 2115 446 2153 Lag.
466 2113 524 2150 653
551 2112 784 2153 confirmentur
808 2112 832 2141 G
848 2111 897 2149 M,
923 2111 942 2142 5
959 2112 1056 2150 (hx,
1084 2113 1192 2150 Pars„
1218 2112 1319 2151 Lagg.
1339 2110 1426 2149 rell.;
1455 2112 1681 2151 opprimentur
1696 2112 1808 2143 vL.-
1836 2111 1944 2144 4.cum

190 2173 258 2196 om.
286 2165 323 2195 G.
353 2181 388 2187 -—
414 2162 527 2203 causa]
552 2171 626 2193 cum
650 2163 687 2192 G.
717 2180 750 2183 -
785 2162 816 2192 5.
844 2161 931 2192 (lebet
954 2170 1021 2193 esse
1040 2161 1149 2200 potior
1172 2170 1203 2192 v.
1230 2179 1264 2184 -
1293 2162 1323 2191 6.
1350 2161 1383 2191 in
1406 2170 1442 2192 re
1461 2161 1593 2201 publica
1617 2161 1703 2199 mei,
1731 2161 1755 2193 C
1771 2162 1884 2193 HST:
1911 2163 1943 2192 in

189 2224 258 2246 rem
277 2214 444 2254 publicam
467 2213 491 2243 L
506 2212 542 2243 O.
569 2229 603 2232 —
627 2211 658 2242 7.
684 2214 719 2241 ul
743 2212 822 2241 ante
846 2211 935 2242 vitae
958 2220 1027 2242 om.
1055 2212 1092 2242 G.
1116 2229 1150 2233 —-
1170 2212 1201 2243 8.
1226 2215 1470 2250 ceterorumque
1492 2220 1525 2242 v.
1546 2229 1578 2233 —-
1595 2212 1730 2251 denique
1753 2212 1789 2243 E.
1808 2231 1843 2234 —
1861 2213 1942 2244 idem

186 2273 243 2295 vos
266 2262 457 2303 Madvigius
481 2262 618 2303 (Opuse
644 2262 684 2292 11.
710 2269 744 2302 p.
771 2261 877 2300 372.):
912 2261 976 2302 fide
1000 2261 1032 2292 in
1055 2270 1111 2292 vos
1136 2261 1205 2293 Pal.
1232 2262 1262 2292 2.
1289 2262 1319 2292 3.
1347 2261 1425 2301 Lag.
1455 2261 1506 2291 40.
1533 2260 1584 2292 43.
1610 2261 1663 2291 26.
1690 2260 1756 2298 65„
1783 2271 1826 2299 χ,
1849 2262 1945 2302 fidem

186 2314 222 2345 in
244 2322 300 2344 vos
323 2311 392 2344 Pal.
411 2312 441 2343 3.
461 2312 499 2349 83
524 2312 602 2352 fides
624 2311 658 2342 in
679 2320 736 2341 vos
759 2311 833 2347 Tv‘.
857 2311 997 2351 fidemne
1018 2309 1146 2347 Gucls.;
1170 2312 1267 2351 fidem
1288 2314 1431 2342 vestram
1455 2311 1534 2350 Lag.
1555 2312 1591 2347 93
1619 2311 1712 2344 fidem
1733 2315 1875 2342 vestram
1896 2311 1946 2342 vel

189 2363 279 2401 ΜΟ,
302 2363 399 2403 fidem
420 2365 563 2393 vestram
585 2364 614 2392 et
638 2361 677 2397 L3
713 2361 810 2401 fidem
837 2360 887 2391 vel
916 2360 978 2391 EG
995 2361 1055 2391 llS
1072 2366 1119 2399 ψ,
1158 2362 1233 2391 Par.
1259 2360 1304 2399 4.,
1338 2362 1439 2399 Lagg.
1467 2359 1611 2400 reliqui,
1650 2361 1713 2391 nisi
1738 2360 1831 2401 quod
1855 2370 1945 2392 unus

189 2411 319 2444 alterve
345 2412 409 2452 fide
436 2411 488 2442 uel
515 2409 631 2441 habet.
662 2428 694 2431 —
731 2411 760 2441 9.
787 2418 845 2440 oro
869 2418 938 2441 om.
966 2411 1003 2441 G.
1033 2429 1066 2431 —
1105 2410 1157 2441 Μ.
1185 2419 1305 2441 novam
1329 2410 1594 2441 lamentationem
1617 2411 1654 2441 G.
1684 2428 1718 2432 -
1745 2410 1891 2442 obruatis
1914 2411 1945 2442 M

189 2471 280 2494 corr.
307 2463 341 2493 et
358 2461 402 2492 E:
429 2460 604 2491 obstruatis
627 2469 667 2497 χ,
694 2458 712 2490 3
731 2461 838 2499 Pam,
866 2460 896 2491 M
921 2468 967 2490 m.
987 2468 1058 2500 pr.;
1079 2459 1257 2491 obseruatis
1280 2462 1303 2490 G
1319 2470 1358 2497 v,
1385 2462 1431 2491 St.
1450 2460 1551 2498 Vivt„
1578 2461 1653 2490 Par.
1672 2459 1703 2492 4.
1720 2478 1754 2482 —
1773 2460 1824 2493 44.
1843 2470 1946 2501 squa-

188 2512 256 2543 lore
277 2514 307 2542 el
329 2510 477 2541 sordibus
500 2511 524 2541 E
539 2511 608 2541 GM
622 2511 645 2541 (ἰ
662 2510 701 2548 ΙΙ,
727 2511 803 2540 Par.
830 2510 860 2540 7.
887 2510 918 2541 8.
945 2510 989 2547 9.,
1016 2510 1095 2549 Lag.
1122 2510 1153 2541 9.
1180 2510 1231 2541 20.
1251 2511 1304 2541 25.
1333 2509 1407 2549 (sed
1431 2509 1493 2541 25:
1521 2509 1593 2548 acl:
1619 2510 1772 2549 squalore
1794 2520 1816 2541 a
1838 2511 1945 2542 sordi-

189 2561 246 2592 bus
269 2562 348 2601 Lag.
374 2559 433 2598 243
468 2560 620 2599 squalore
650 2559 798 2591 sordibus
827 2560 905 2599 Lag.
932 2559 989 2597 1133
1026 2560 1179 2599 squalore
1207 2563 1236 2591 el
1270 2560 1421 2591 sordidus
1447 2561 1527 2600 Lag.
1555 2560 1583 2590 4.
1611 2560 1641 2590 3.
1667 2560 1698 2591 7.
1723 2560 1760 2596 8;
1797 2561 1946 2599 squalore

189 2611 339 2642 sordidus
361 2609 452 2647 rell.‚
476 2611 585 2642 LOv.
622 2628 655 2631 —
690 2610 852 2650 confectus
875 2610 977 2641 EGC
995 2610 1075 2648 HS,
1112 2612 1188 2641 Par.
1215 2611 1246 2641 7.
1273 2611 1304 2642 8.
1331 2610 1376 2649 9.,
1414 2611 1494 2650 Lag.
1523 2611 1551 2641 4.
1578 2609 1609 2640 3.
1635 2610 1666 2640 7.
1692 2609 1722 2640 8.
1749 2610 1778 2640 9.
1804 2610 1857 2641 20.
1883 2611 1942 2641 25:

190 2661 352 2701 confectus
373 2661 457 2691 idem
481 2660 529 2697 M;
556 2660 717 2700 confes-tus
738 2659 851 2691 ‘morbo
876 2658 963 2697 rell.‚
991 2660 1013 2690 1.
1028 2660 1052 2690 O
1067 2668 1098 2690 v.
1128 2677 1162 2680 —
1185 2660 1357 2699 praeditus
1378 2669 1411 2691 v.
1437 2678 1470 2681 —
1498 2660 1548 2691 45.
1573 2658 1688 2699 vesler]
1712 2660 1811 2690 vestri
1834 2670 1876 2699 χ,
1900 2660 1947 2690 υἱ-

192 2711 286 2741 detur
308 2710 333 2741 E
348 2710 371 2741 C
388 2710 432 2747 ΙΙ,
459 2709 477 2740 3
501 2711 596 2741 Parr.
623 2728 658 2732 —
687 2711 738 2742 46.
764 2711 910 2741 intuetur
933 2718 1002 2740 om.
1031 2711 1074 2747 G;
1101 2713 1209 2742 tuetur
1232 2710 1284 2741 Tx
1304 2720 1338 2747 χ.
1360 2727 1395 2731 —
1424 2710 1475 2740 47.
1501 2710 1562 2740 hac
1585 2717 1658 2740 eum
1681 2717 1715 2740 re
1738 2709 1762 2740 F.
1777 2708 1808 2741 M
1821 2718 1859 2740 v:
1885 2710 1947 2740 hac.-

191 2760 276 2792 enim
298 2768 334 2790 re
357 2760 401 2797 G;
427 2759 488 2790 hac
511 2768 584 2791 cum
606 2768 643 2791 re
666 2759 721 2791 cd.
748 2760 836 2790 Ven.
862 2760 874 2790 11
884 2759 961 2798 483,
988 2760 1080 2791 unde
1106 2762 1184 2801 post
1209 2760 1450 2798 Garatonium,
1477 2760 1534 2799 qui
1558 2768 1631 2790 curm
1652 2759 1715 2789 hae
1739 2767 1811 2790 eum
1834 2767 1869 2790 re
1892 2767 1947 2790 su-

192 2809 345 2850 spicatus
370 2811 462 2847 erat,
488 2808 634 2841 Orellius
652 2809 822 2840 coniecit:
848 2809 909 2840 hac
935 2819 1008 2840 eum
1031 2819 1105 2841 cum
1126 2819 1174 2841 re.
1196 2828 1230 2832 -
1257 2818 1288 2841 sc
1305 2818 1373 2841 om.
1393 2819 1424 2840 v.
1448 2826 1481 2831 —
1507 2811 1536 2840 et
1553 2809 1666 2839 celeris
1681 2817 1712 2838 v.
1736 2826 1769 2830 —
1789 2808 1840 2839 48.
1859 2807 1947 2838 omni

192 2867 261 2890 om.
288 2869 322 2897 χ.
353 2875 386 2880 -
409 2859 541 2898 privari
566 2867 662 2900 susp.
690 2859 847 2890 Bcckius.
871 2876 905 2880 —
933 2859 984 2890 49.
1009 2859 1112 2899 Atque
1135 2860 1181 2890 ila
1204 2868 1260 2890 vos
1283 2868 1351 2890 om.
1372 2860 1410 2890 G.
1434 2876 1466 2881 —
1491 2858 1527 2889 L.
1546 2859 1687 2889 Murena
1711 2858 1787 2894 Tv.
1814 2858 1871 2897 Lg.
1890 2855 1944 2888 24.

194 2909 284 2948 (Lag.
310 2907 362 2940 24.
390 2909 424 2940 et
447 2909 490 2939 T:
518 2908 609 2947 Lu.):
636 2909 778 2940 Murena
802 2909 832 2940 M
857 2916 902 2938 m.
930 2916 995 2948 pr..
1021 2909 1048 2939 sl
1071 2910 1212 2940 Murena
1235 2911 1316 2947 (ἰχ,
1343 2910 1418 2939 Par.
1444 2906 1489 2944 4.,
1516 2908 1594 2947 Lag.
1621 2908 1651 2938 9.
1674 2908 1723 2939 ⁴0.
1744 2908 1794 2938 43.
1813 2907 1867 2938 26.
1886 2907 1944 2938 65:

191 2958 236 2988 sic
258 2958 399 2989 Murena
416 2957 452 2995 E,
479 2958 511 2989 M
535 2966 581 2989 m.
601 2966 672 2989 sec.
693 2957 765 2988 rell.
787 2958 888 2997 Lagg.
908 2958 1001 2988 Parr.
1021 2959 1117 2995 ()xx.;
1142 2959 1169 2989 sl
1184 2959 1219 2989 L.
1239 2959 1381 2989 Murena
1405 2955 1563 2987 Klotzius.
1582 2975 1616 2979 —-
1643 2961 1678 2988 ul.
1702 2958 1781 2997 post
1803 2956 1947 2988 obsecra!

193 3006 320 3037 addidi.
340 3024 373 3028 —
393 3007 509 3038 iniuste
531 3007 691 3038 neminem
707 3015 777 3038 om.
797 3008 822 3037 G
848 3007 881 3038 in
906 3005 1040 3038 lacuna.
1059 3027 1092 3030 —
1119 3008 1172 3039 20.
1192 3008 1284 3039 auris
1299 3007 1499 3039 E(}ix1v.—
1519 3007 1718 3038 voluntatem
1736 3008 1759 3039 C
1775 3008 1811 3045 E,
1834 3006 1947 3038 volun-

192 3059 353 3095 talemque
377 3057 404 3088 11
418 3058 450 3087 S.
480 3073 514 3078 —
541 3057 578 3096 si]
603 3057 657 3088 secl
681 3060 717 3088 (j.
747 3075 781 3079 ——
807 3057 860 3088 2¹.
887 3057 920 3087 in
944 3057 1016 3087 odio
1040 3057 1187 3087 coniecit
1210 3058 1247 3088 Α.
1268 3057 1323 3088 W.
1342 3054 1519 3095 Zumptius
1544 3054 1587 3086 dc
1613 3055 1715 3087 Cicer.
1734 3056 1778 3086 ad
1799 3056 1844 3086 M.
1863 3055 1947 3085 Bru-

193 3109 261 3136 tum
284 3107 373 3145 epist.
403 3105 525 3145 (Berol.
552 3106 648 3138 4845.
674 3106 718 3146 4.)
744 3116 778 3147 p.
804 3105 856 3137 43.
885 3107 954 3137 not.
975 3107 1011 3143 ⁴2,
1039 3108 1073 3137 at
1097 3116 1127 3137 v.
1155 3106 1191 3137 C.
1220 3106 1271 3137 Fr.
1290 3104 1478 3136 llermanni
1503 3104 1624 3136 I'lnslic.
1644 3105 1736 3136 Brut.
1756 3105 1947 3144 openetrum

193 3164 226 3195 p.
251 3156 304 3187 28.
331 3158 366 3188 et
389 3157 440 3187 Fr.
467 3157 723 3188 Schneiderum
748 3157 781 3187 in
804 3157 911 3187 Iahnii
933 3156 1017 3187 Anu.
1038 3156 1152 3195 philol.
1178 3156 1269 3187 novis
1291 3153 1365 3185 Vol.
1391 3153 1444 3185 43.
1470 3163 1504 3195 p.
1531 3154 1604 3185 395.
1632 3172 1666 3176 —
1694 3156 1771 3186 ante
1795 3154 1835 3185 sil
1859 3154 1947 3193 apud

192 3214 248 3236 vos
271 3207 398 3246 puncto
423 3206 639 3245 distinguunt
662 3206 742 3237 ΕΓΗ.
762 3206 797 3237 et
812 3206 971 3237 Beckius.
1001 3206 1080 3238 Mihi
1103 3204 1323 3237 verisimilius
1345 3203 1459 3234 visum
1484 3204 1537 3235 cst
1559 3207 1594 3234 ul
1617 3205 1696 3244 post
1719 3203 1863 3235 obsecrat
1888 3203 1947 3234 ob-

194 3253 381 3287 litteratum
399 3264 490 3288 csse.
513 3273 548 3278 —
574 3255 628 3286 22.
655 3255 808 3296 demissis]
833 3255 871 3286 de
894 3255 919 3286 E
941 3256 974 3287 in
997 3257 1154 3286 extremo
1171 3263 1287 3286 versu.
1308 3270 1342 3274 ——
1367 3253 1558 3294 profugium
1576 3253 1599 3283 C
1614 3253 1720 3284 ETv.
1742 3270 1776 3274 —
1803 3252 1856 3284 23.
1876 3260 1947 3291 spo-

194 3304 274 3336 liato
297 3305 334 3336 E.
364 3323 398 3328 —
432 3305 520 3337 debet
549 3304 668 3336 habere
690 3314 722 3336 v.
751 3322 784 3327 —
822 3306 874 3337 25.
901 3304 1040 3336 obicilw*
1062 3304 1124 3336 EG
1140 3305 1183 3337 M.
1212 3321 1246 3325 -
1281 3303 1483 3335 contionibus
1506 3303 1627 3335 GMv:
1659 3311 1748 3334 cone.
1775 3302 1811 3333 O.
1842 3319 1874 3323 —-
1903 3309 1948 3332 se—

196 3354 353 3387 ditionum
375 3355 400 3388 E
414 3356 456 3395 G,
481 3355 675 3388 seditionwn
698 3355 735 3386 C.
