2143 3713
697 227 791 267 CAP.
822 228 1018 268 1v-V1.
1057 226 1130 281 §§·
1162 225 1360 267 40-217.
1815 224 1895 266 605

158 340 319 380 referat.
365 340 441 379 llic
473 345 605 379 tamen
635 338 789 390 excipit
810 340 1073 392 Pompeium,
1105 338 1336 384 simillime,
1368 343 1413 377 ut
1433 337 1532 376 mihi
1555 338 1738 387 videtur,
1771 345 1895 392 atque

160 402 227 441 illa
269 403 380 454 lege,
421 415 502 455 qua
540 400 746 453 peregrini
787 401 913 439 Roma
961 402 1201 448 ejiciuntur,
1247 400 1497 452 Glaucippus
1536 402 1751 454 excipitur.
1806 404 1895 442 Non

159 465 268 503 enim
299 464 375 503 hae
405 463 647 515 exceptione
676 475 782 501 unus
813 462 992 501 aflicitur
1021 462 1244 509 benelicio,
1277 462 1349 501 sed
1380 475 1487 500 unus
1519 463 1703 515 privatur
1731 463 1896 504 iniuria.

161 526 240 564 Sed
273 527 337 565 cui
369 525 581 564 manubias
611 523 803 570 remittit,
837 525 876 562 in
909 525 1031 563 liuius
1062 525 1277 577 vectigalia
1307 525 1479 564 invadit.
1540 526 1657 566 Iubet
1687 529 1795 567 enim
1827 542 1897 580 pe-

160 590 342 636 cuniam,
383 589 415 627 si
447 600 529 640 qua
558 591 653 638 post
682 598 756 624 nos
789 587 981 625 consules
1014 600 1065 626 ex
1096 587 1212 626 novis
1244 587 1510 639 vectigalibus
1541 589 1786 641 recipiatur,
1822 589 1929 630 haer,

161 653 218 691 uti
251 651 514 691 decemviros.
565 649 692 696 Quasi
725 661 820 687 vero
853 664 936 688 non
968 649 1271 701 intelligamus,
1302 649 1402 688 haec
1434 662 1503 689 eos
1522 651 1757 703 vectigalia,
1790 666 1897 705 quae

161 716 232 753 (In.
263 713 478 766 Pompeius
507 710 762 757 adiunxerit,
794 712 972 751 vendere
1004 712 1194 763 cogitare.
1639 748 1652 767 u

269 777 316 815 V.
348 772 411 813 M.
441 773 599 813 Videtis
630 773 734 819 iam,
766 779 902 825 patres
934 773 1180 826 conscripti,
1212 773 1402 813 omnibus
1433 775 1556 814 rebus
1583 782 1622 815 et
1645 777 1778 817 modis
1801 791 1898 817 con-

160 842 354 877 structam
393 841 434 875 et
472 840 753 874 coacervatam
795 837 1014 887 pecuniam
1055 835 1383 875 decemviralem.
1433 837 1645 877 Minuetur
1672 839 1797 878 huius
1828 854 1899 892 pe-

160 900 304 939 cuniae
334 898 507 945 invidia;
539 902 806 936 consumetur
837 898 945 937 enim
978 899 1018 937 in
1042 911 1232 950 agrorum
1255 898 1545 951 emptionibus.
1584 899 1762 952 Optime.
1794 901 1898 949 Quis
1918 913 1948 942 ιο

159 963 281 1014 igitur
309 964 415 1000 emet
444 973 563 1013 agros
594 959 724 999 istos?
755 959 885 999 Iidem
918 960 1163 999 decemviri:
1196 965 1254 1007 tu,
1285 960 1468 1000 Rulle—
1490 961 1639 1001 missos
1663 963 1771 1002 enim
1792 963 1899 1003 facio

159 1030 315 1063 ceteros
344 1045 396 1053 -—
427 1035 538 1062 emes
559 1021 671 1075 quod
698 1022 834 1069 voles;
865 1023 1020 1062 vendes
1044 1021 1155 1075 quod
1177 1022 1314 1070 voles;
1345 1028 1566 1076 utrumque
1596 1023 1745 1064 horum
1774 1024 1899 1066 facies

161 1085 303 1138 quanti
333 1085 461 1124 voles.
517 1084 642 1124 Cavet
671 1084 779 1122 enim
811 1085 872 1123 vii·
902 1085 1104 1137 optimus,
1144 1098 1196 1124 ne
1229 1089 1336 1124 emat
1366 1085 1416 1124 ab
1447 1085 1587 1125 invito.
1644 1086 1772 1135 Quasi
1802 1102 1899 1128 vero

160 1161 241 1186 non
270 1147 569 1199 intelligamus,
599 1145 648 1184 ab
679 1146 808 1184 invito
841 1159 976 1185 emere
1006 1146 1254 1185 iniuriosum
1285 1159 1396 1193 esse,
1427 1147 1480 1186 ab
1511 1161 1594 1188 non
1621 1148 1750 1189 invito
1774 1164 1900 1203 quae-

161 1215 358 1249 stuosum.
409 1208 619 1256 Quantum
647 1208 722 1247 tibi
753 1208 838 1259 agri
870 1209 1039 1254 vendet,
1070 1213 1116 1247 ut
1145 1208 1248 1247 alios
1279 1210 1485 1256 omittam,
1527 1223 1646 1249 socer
1674 1214 1800 1251 tuus?
1840 1217 1950 1261 et,1.=·.

161 1272 192 1310 51
223 1284 298 1324 ego
330 1271 419 1310 eius
449 1270 697 1322 aequitatem
730 1271 855 1310 animi
885 1270 1013 1323 probe
1043 1270 1162 1316 novi,
1202 1270 1353 1309 vendet
1392 1284 1475 1310 11011
1506 1271 1692 1313 invitus?
1735 1275 1903 1315 Facient

158 1333 268 1372 idem
299 1332 420 1372 ceteri
451 1332 648 1379 libenter,
679 1336 726 1371 ut
755 1333 1028 1384 possessionis
1058 1332 1257 1371 invidiam
1287 1333 1466 1385 pecunia
1487 1340 1763 1384 commutent,
1796 1339 1903 1377 acci-

158 1395 271 1446 piant
301 1394 413 1447 quod
445 1394 637 1446 cupiunt,
669 1393 767 1433 dent
798 1395 911 1447 quod
942 1394 1119 1434 retinere
1150 1394 1220 1433 vix
1250 1400 1438 1447 possunt.
1498 1393 1563 1436 45.
1594 1398 1711 1438 Nunc
1742 1400 1902 1452 perspi-

158 1456 237 1495 cite
282 1456 466 1495 omnium
511 1469 648 1495 rerum
692 1454 894 1495 infinitam
935 1461 1060 1510 atque
1098 1456 1399 1497 intolerandam
1439 1457 1659 1499 licentiam.
1722 1462 1903 1501 Pecunia

158 1522 300 1557 coacta
329 1522 391 1558 est
420 1518 472 1558 ad
503 1531 623 1570 agros
656 1518 879 1558 emendos:
911 1519 937 1558 ii
970 1532 1094 1572 porro
1126 1519 1176 1558 ab
1207 1520 1345 1560 invitis
1376 1534 1460 1560 non
1483 1527 1684 1563 ementur.
1730 1524 1772 1564 Si
1804 1538 1902 1565 con·
1916 1534 1952 1563 ΞΟ

157 1581 359 1620 senserint
388 1594 648 1633 possessores
669 1594 754 1620 non
775 1580 979 1629 vendere,
1012 1582 1111 1635 quid
1133 1581 1316 1622 futurum
1338 1586 1430 1623 est?
1460 1584 1677 1624 Referetur
1695 1588 1902 1639 pecunia?

158 1643 247 1681 Non
278 1643 388 1682 licet.
437 1644 665 1695 Exigetur‘?
697 1644 830 1683 Vetat.
874 1645 1025 1682 Verum
1058 1649 1168 1682 esto:
1199 1644 1303 1683 nihil
1336 1650 1414 1692 est,
1449 1646 1561 1699 quod
1591 1660 1675 1686 non
1698 1649 1777 1688 emi
1807 1663 1904 1702 pos-

159 1705 232 1751 sit,
264 1705 296 1744 si
328 1710 487 1744 tantum
519 1705 613 1751 des,
645 1710 845 1758 quantum
877 1703 976 1745 velit
1003 1705 1205 1745 venditor.
1249 1706 1484 1759 Spoliemus
1515 1708 1657 1755 orbem
1687 1714 1903 1760 terrarum,

158 1767 385 1807 vendamus
415 1767 655 1819 vectigalia,
697 1768 955 1807 effundamus
994 1768 1216 1815 aerarium,
1256 1774 1302 1808 ut
1331 1769 1593 1823 locupletatis
1623 1778 1693 1813 aut
1721 1773 1902 1815 invidiae

159 1835 229 1869 aut
258 1830 521 1882 pestilentiae
552 1830 863 1882 possessoribus
895 1831 979 1883 agri
1012 1835 1148 1870 tamen
1179 1836 1378 1870 emantur.
1916 1848 1955 1878 95

270 1889 334 1931 «16.
369 1891 480 1939 Quid
519 1894 635 1931 tum?
674 1904 781 1944 quae
813 1893 887 1931 erit
923 1892 964 1931 in
995 1891 1095 1931 istos
1125 1905 1245 1944 agros
1276 1892 1499 1933 deductio?
1542 1908 1650 1949 quae
1685 1899 1813 1938 totius
1843 1899 1902 1938 rei

161 1955 261 1994 ratio
284 1959 408 2007 atque
430 1953 681 2006 descriptio?
711 1953 1001 2001 Deducentur,
1032 1955 1188 2007 inquit,
1221 1954 1423 1995 coloniae.
1471 1956 1597 2004 Quo?
1630 1972 1808 2012 quorum
1828 1961 1904 2001 ho-

160 2017 347 2055 minum?
378 2016 421 2055 in
451 2028 558 2068 quae
579 2015 698 2055 loca?
740 2015 843 2064 Quis
865 2017 973 2056 enim
995 2029 1079 2056 non
1099 2017 1232 2065 videt,
1263 2017 1305 2056 in
1328 2018 1504 2059 coloniis
1526 2033 1616 2060 esse
1640 2020 1743 2062 haec
1765 2024 1904 2063 omnia

160 2077 489 2118 consideranda?
527 2078 617 2117 Tibi
648 2092 745 2126 nos,
786 2079 925 2126 Rulle,
958 2083 998 2119 et
1028 2080 1118 2118 istis
1148 2079 1230 2118 tuis
1260 2079 1405 2119 harum
1437 2082 1622 2122 omnium
1652 2097 1787 2125 rerum
1819 2099 1905 2125 ma-

160 2141 439 2181 chinatoribus
471 2145 598 2180 totam
629 2141 787 2180 Italiam
817 2142 1015 2181 inermem
1047 2140 1269 2181 tradituros
1293 2143 1561 2192 existimasti,
1593 2158 1718 2199 quam
1747 2147 1905 2200 praesi-
1918 2159 1954 2188 3ο

160 2202 238 2241 diis
275 2203 591 2250 confirmaretis,
632 2203 808 2243 coloniis
850 2201 1128 2256 occuparetis,
1177 2204 1369 2244 omnibus
1407 2206 1554 2246 vinclis
1595 2207 1825 2249 devinctam
1866 2215 1906 2249 et

161 2265 423 2305 constrictam
453 2265 683 2305 teneretis?
730 2266 804 2306 Ubi
835 2267 944 2305 enim
977 2272 1166 2314 cavetur,
1196 2280 1249 2306 ne
1278 2267 1321 2306 in
1352 2267 1538 2308 Ianiculo
1569 2269 1776 2310 coloniam
1807 2285 1905 2312 con-

160 2326 360 2374 stituatis,
391 2340 443 2366 ne
472 2327 615 2366 urbem
645 2327 750 2366 hanc
780 2328 880 2367 urbe
911 2329 992 2368 alia
1021 2343 1210 2382 premere
1241 2334 1367 2383 atque
1397 2344 1544 2383 urgere
1574 2332 1775 2384 possitis?
1813 2335 1903 2374 Non

160 2386 381 2435 faciemus,
411 2388 559 2441 inquit.
602 2388 783 2428 Primum
815 2391 979 2438 nescio,
1011 2391 1160 2431 deinde
1190 2392 1339 2439 timeo,
1369 2398 1578 2445 postremo
1608 2407 1691 2433 non
1719 2397 1905 2435 commit-

160 2454 264 2497 tam,
293 2454 339 2489 ut
369 2455 505 2491 vestro
535 2449 735 2491 beneficio
765 2452 904 2505 potius
936 2466 1060 2506 quam
1081 2458 1224 2493 nostro
1245 2454 1417 2494 consilio
1438 2455 1541 2495 salvi
1563 2468 1652 2496 esse
1680 2457 1903 2509 possimus.
1918 2469 1954 2498 35

160 2512 228 2551 VI.
260 2509 325 2552 47,
357 2512 479 2560 Quod
518 2526 614 2553 vero
653 2518 777 2553 totam
814 2514 975 2553 Italiam
1005 2515 1152 2555 vestris
1183 2516 1342 2556 colonis
1373 2518 1581 2570 complere
1611 2518 1822 2567 voluistis,
1861 2519 1902 2559 id

162 2574 279 2614 cuius
309 2575 420 2615 modi
441 2580 570 2623 esset,
600 2577 862 2616 neminemne
883 2581 1068 2617 nostrum
1097 2577 1405 2619 intellecturum
1426 2579 1766 2621 existimavistis?
1797 2582 1903 2622 Scri-

247 2753 277 2784 11.
304 2753 425 2793 referat
447 2754 487 2786 F:
519 2755 642 2795 deferat
670 2755 770 2787 EAL
786 2755 856 2789 80.
895 2755 943 2787 (Is.
972 2755 1002 2796 g.
1030 2756 1081 2787 1¹2.
1107 2757 1147 2787 Il.
1173 2756 1204 2797 g.
1229 2756 1283 2788 59.
1309 2756 1360 2788 60.
1390 2774 1426 2780 --
1457 2758 1627 2801 simillime]
1651 2759 1762 2799 similij
1783 2768 1835 2792 me
1857 2761 1899 2797 P;

160 2838 307 2870 similiter
328 2848 378 2871 me
400 2841 437 2872 E.
466 2858 501 2862 —-
526 2844 624 2881 atque
646 2850 724 2873 nos:
752 2846 848 2881 alque
870 2846 905 2874 ut
929 2844 981 2882 (ex
1005 2842 1213 2883 glossemate
1238 2804 1351 2884 alyne,
1378 2844 1419 2876 cs.
1445 2854 1478 2886 p.
1507 2846 1609 2878 Caec.
1636 2845 1666 2887 g.
1694 2846 1758 2887 98.)
1783 2847 1900 2885 FPT;

161 2890 254 2929 alqui
274 2893 310 2921 ut
326 2890 368 2927 F.;
394 2893 491 2928 atque
513 2890 543 2921 in
563 2892 626 2922 AL
642 2890 661 2925 Β
675 2892 711 2923 O.
732 2910 765 2914 —
793 2892 823 2924 3.
841 2891 1004 2933 sedunus]
1028 2893 1081 2923 sed
1096 2902 1179 2924 unus
1201 2894 1305 2933 quisq.
1326 2896 1361 2925 P.
1383 2912 1417 2916 —
1439 2895 1606 2937 privatur]
1629 2896 1817 2936 prohibetur
1831 2904 1900 2936 mg·

162 2937 195 2971 ἓ.
223 2955 258 2960 -
288 2938 319 2970 4.
346 2939 379 2969 in
402 2947 471 2970 om.
496 2938 569 2972 Lss.
597 2958 632 2962 —
658 2941 689 2972 5.
714 2942 883 2982 reficiatur
906 2943 941 2973 L.
969 2959 1004 2963 —
1030 2943 1060 2973 8.
1079 2942 1183 2983 rebus]
1207 2942 1389 2974 rationibus
1410 2944 1447 2975 L.
1476 2961 1511 2966 -
1538 2945 1589 2976 40.
1615 2949 1744 2985 optume
1767 2946 1836 2977 FP.
1865 2963 1900 2968 —-

164 2987 215 3018 Η.
231 2987 335 3028 iyitur
357 2988 404 3019 E:
430 2997 506 3028 erqo
530 2990 648 3020 ceteri.
666 3007 700 3011 —
726 2991 828 3022 eidem
852 2992 918 3022 FP.
934 3008 968 3012 —
994 2992 1094 3031 facito
1117 2993 1231 3024 EF.—
1259 2993 1310 3024 ⁴2.
1337 2994 1422 3032 quod
1437 3010 1483 3016 -—
1499 2995 1585 3034 quod
1607 2995 1800 3027 EFPTA:
1827 3003 1905 3035 quos

163 3051 181 3058 -
200 3053 218 3058 -
240 3044 319 3075 quos
349 3046 429 3069 eum
453 3037 508 3069 ed.
533 3037 653 3070 Aldina
676 3039 785 3074 Lsso.
814 3058 848 3063 —
876 3041 928 3072 43.
955 3045 1113 3081 quantum
1134 3042 1171 3074 E.
1203 3060 1237 3064 —
1277 3043 1329 3073 45.
1354 3042 1421 3084 tibi]
1455 3043 1558 3084 igitur
1580 3044 1617 3076 E.
1650 3063 1684 3068 —
1721 3044 1761 3087 et]
1790 3046 1906 3076 etenim

165 3085 200 3115 L.
227 3102 261 3107 —
291 3087 343 3118 116.
368 3088 565 3127 aequitatem
587 3089 654 3120 eius
676 3090 712 3121 E.
741 3108 775 3113 —-
809 3091 861 3122 «¹7.
889 3090 980 3132 idem]
1005 3092 1038 3122 ist
1060 3092 1104 3129 T}
1137 3100 1206 3123 om.
1233 3093 1266 3123 F.
1296 3109 1328 3115 -
1358 3092 1409 3124 48.
1432 3094 1604 3133 perspicite
1626 3094 1706 3126 EF:
1730 3093 1906 3134 prospicite

165 3133 310 3168 ALQO,
339 3151 374 3158 —
400 3136 452 3168 ⁶23.
479 3138 542 3179 des]
567 3139 633 3170 dies
665 3138 791 3180 (littera
816 3141 828 3171 i
852 3142 1037 3181 expuncta)
1065 3142 1101 3173 E.
1131 3160 1166 3164 —
1197 3142 1250 3173 ⁶27.
1278 3141 1357 3182 Quo]
1385 3142 1468 3180 Quot
1497 3151 1578 3175 eum
1600 3142 1803 3175 Lauredano
1827 3144 1903 3175 Lo.

167 3181 216 3213 Cf.
242 3182 285 3214 de
308 3183 383 3224 lege
407 3194 478 3226 agr.
503 3188 543 3218 11.
570 3187 599 3228 ἓ.
623 3187 675 3219 74.
704 3207 739 3212 —-
765 3191 817 3222 28.
844 3190 954 3221 onmia
975 3190 1054 3221 haec
1076 3191 1110 3222 F.
1140 3209 1174 3214 —
1207 3190 1259 3222 34.
1284 3190 1422 3222 vinculis
1445 3191 1479 3224 F.
1507 3209 1543 3213 —
1568 3192 1621 3224 32.
1646 3201 1686 3224 nc
1709 3200 1778 3224 om.
1803 3193 1839 3224 F.
1868 3211 1904 3216 —

167 3230 219 3262 33.
244 3232 327 3275 Non]
350 3243 408 3265 nos
430 3236 465 3267 F.
494 3254 528 3259 —
555 3236 608 3268 36.
635 3238 719 3278 Quid
741 3240 853 3273 EFA.
886 3240 1089 3272 Eincndavit
1112 3240 1302 3281 Naugerius
1326 3241 1359 3272 in
1384 3240 1438 3272 ed.
1457 3240 1590 3275 Aldina.
1619 3261 1653 3264 —
1679 3242 1800 3274 colonis
1821 3243 1906 3274 Lau-

166 3279 336 3313 redanus:
361 3284 492 3316 coloniis
513 3286 538 3318 E
552 3286 574 3318 F
586 3288 614 3319 A
627 3287 662 3319 L.
683 3305 716 3310 —
744 3289 796 3322 37.
820 3298 860 3323 ne
882 3293 1029 3322 nostrum
1052 3298 1121 3323 0111.
1146 3290 1184 3322 T.
1213 3308 1247 3313 —
1272 3290 1515 3323 existimavistis
1535 3292 1614 3324 EF:
1641 3291 1834 3324 existimatis
1855 3293 1901 3330 A3

102 3357 105 3359 ,
166 3329 374 3364 existimastis
395 3334 418 3365 L
430 3334 452 3369 Β
465 3335 503 3367 O.
