2143 3713
673 230 768 271 ομ».
798 229 1050 270 XL-xu.
1088 227 1162 282 §§·
1191 227 1388 269 86-90.
1825 228 1898 271 751

163 344 324 385 insidiis
355 343 684 387 coniuratorum,
715 340 806 381 telis
839 341 1061 382 Catilinae:
1093 340 1144 381 ad
1176 354 1296 381 omne
1319 340 1500 394 denique
1531 340 1760 394 periculum
1781 349 1906 395 atque

164 405 215 445 ad
247 418 410 445 omnem
441 404 636 443 invidiam
667 402 781 443 solus
822 404 1058 456 opponitur.
1117 401 1182 442 88.
1215 402 1352 450 Quare
1386 403 1487 456 quid
1519 403 1786 444 invidendum
1818 406 1908 444 Mu-

163 481 286 507 renae
324 472 394 507 aut
433 466 625 519 cuiquam
657 471 841 505 nostrum
875 466 927 505 sit
957 465 999 504 in
1028 464 1108 504 hoc
1138 464 1348 518 praeclaro
1380 465 1619 513 consulatu,
1660 480 1743 506 non
1775 468 1906 515 video,

163 530 341 569 iudices:
374 541 478 582 quae
509 539 607 566 vero
639 527 871 566 miseranda
901 534 1018 574 sunt,
1051 540 1099 566 ea
1130 531 1169 566 et
1199 526 1298 565 mihi
1329 532 1424 566 ante
1456 527 1600 567 oculos
1631 534 1847 569 versantur
1868 535 1908 569 et

161 604 236 630 vos
266 590 407 630 videre
439 594 479 629 et
508 588 743 641 perspicere
775 590 962 641 potestis.
1021 589 1126 627 XLI.
1150 588 1216 634 Si,
1250 588 1361 639 quod
1385 589 1568 641 luppiter
1588 602 1709 630 omen
1732 591 1940 631 avertatis

161 652 272 692 huuc
302 652 449 692 vestris
479 650 697 690 sententiis
729 648 979 696 afflixeritis,
1019 663 1101 702 quo
1133 662 1176 689 se
1209 649 1333 688 miser
1364 653 1526 689 vertet?
1567 651 1820 693 domumne?
1864 660 1911 694 ut

164 727 254 753 eam
292 713 511 766 imaginem
549 711 766 751 clarissimi
806 712 903 758 viri,
948 711 1132 764 parentis
1172 711 1258 757 sui,
1302 723 1425 764 quam
1467 714 1606 764 paucis
1637 719 1731 753 ante
1762 714 1909 755 diebus

162 776 388 815 laureatam
419 775 461 814 in
493 786 566 813 sua
597 773 869 826 gratulatione
901 773 1137 826 conspexit,
1177 774 1352 813 eandem
1385 773 1652 814 deformatam
1684 775 1910 828 ignominia

164 837 456 890 lugentemque
486 836 656 875 videat?
687 849 740 875 an
770 835 819 876 ad
853 841 1046 882 matrem,
1078 848 1184 888 quae
1210 835 1380 883 misera,
1410 835 1535 875 modo
1557 838 1769 878 consulem
1791 853 1910 881 oscu-

163 898 247 939 lata
274 899 405 938 filium
438 912 581 945 suum,
613 911 723 937 nunc
755 898 958 937 cruciatur
988 903 1028 937 et
1057 897 1232 937 sollicita
1262 903 1347 944 est,
1378 912 1429 938 ne
1451 898 1629 939 eundem
1660 901 1786 953 paulo
1817 909 1961 955 posito

163 960 386 1014 spoliatum
416 960 527 999 omni
560 960 759 1012 dignitate
791 959 1055 1012 conspiciat?
1114 958 1179 999 89.
1213 959 1294 999 Sed
1327 960 1426 1012 quid
1458 974 1533 1014 ego
1556 967 1726 1002 matrem
1747 969 1818 1003 aut
1839 964 1911 1004 do·

164 1037 273 1062 mum
313 1022 502 1075 appello,
544 1036 668 1075 quem
706 1035 812 1061 nova
851 1034 986 1074 poena
1026 1022 1128 1074 legis
1160 1027 1200 1061 et
1229 1021 1351 1061 domo
1383 1027 1423 1062 et
1452 1029 1623 1076 parente
1654 1030 1695 1064 et
1725 1026 1907 1066 omnium

164 1098 331 1125 suorum
363 1083 661 1124 consuetudine
693 1089 1002 1137 conspectuque
1033 1083 1200 1136 privat?
1239 1083 1319 1123 Ibit
1349 1085 1473 1137 igitur
1502 1086 1544 1125 in
1567 1085 1737 1126 exilium
1759 1088 1910 1128 miser?

165 1146 288 1194 Quo?
319 1145 370 1186 ad
402 1145 639 1185 Orientisne
672 1151 831 1198 partes,
863 1146 904 1184 in
935 1145 1088 1198 quibus
1118 1159 1249 1185 annos
1278 1146 1428 1186 multos
1450 1147 1610 1200 legatus
1630 1147 1709 1189 fuit
1731 1155 1772 1190 et
1793 1164 1912 1190 exer-

164 1209 269 1249 citus
309 1208 427 1248 duxit
466 1213 506 1247 et
545 1222 609 1247 res
649 1207 849 1246 maximas
886 1208 1042 1259 gessit?
1093 1208 1144 1246 At
1173 1208 1297 1247 habet
1326 1221 1520 1269 magnum
1553 1209 1759 1259 dolorem,
1803 1213 1963 1252 undem

164 1284 258 1310 cum
286 1270 443 1310 honore
474 1270 721 1316 decesseris,
754 1268 901 1308 eodem
932 1282 1024 1308 cum
1055 1269 1282 1321 ignominia
1312 1272 1474 1311 reverti.
1509 1273 1572 1312 An
1603 1285 1646 1312 se
1677 1273 1721 1312 in
1751 1280 1913 1314 contra-

163 1334 266 1373 riam
294 1338 452 1386 partem
482 1337 683 1371 terrarum
715 1331 859 1377 abdet,
891 1335 936 1369 ut
956 1330 1088 1370 Gallia
1110 1332 1406 1384 Transalpina,
1437 1347 1561 1386 quem
1588 1347 1721 1388 nuper
1750 1349 1911 1376 summo

166 1407 258 1434 cum
288 1394 462 1447 imperio
483 1393 756 1432 libentissime
776 1392 945 1439 viderit,
977 1392 1155 1433 eundem
1176 1394 1408 1447 lugentem,
1440 1401 1714 1444 maerentem,
1746 1397 1912 1439 exulem

166 1457 332 1496 videat?
378 1456 425 1494 In
464 1468 512 1495 ea
551 1468 674 1508 porro
709 1455 923 1508 provincia
955 1469 1036 1508 quo
1067 1455 1205 1495 animo
1239 1456 1280 1496 C.
1311 1458 1547 1506 Murenam,
1577 1458 1747 1500 fratrem
1777 1474 1912 1509 suum,

165 1518 370 1571 aspiciet?
403 1518 474 1570 qui
503 1517 628 1557 huius
660 1517 799 1564 dolor,
831 1518 900 1570 qui
931 1517 1044 1557 illius
1069 1530 1231 1558 maeror
1251 1519 1360 1559 erit?
1392 1533 1499 1573 quae
1519 1519 1737 1576 utriusque
1758 1523 1913 1564 lamen·
1927 1531 1963 1559 90

167 1580 294 1620 tatio?
335 1585 488 1632 quanta
526 1585 663 1619 autem
704 1579 955 1632 perturbatio
985 1579 1175 1620 fortunae
1205 1586 1330 1635 atque
1361 1583 1586 1630 sermonis,
1620 1585 1732 1637 quod
1763 1587 1913 1640 quihus

166 1643 209 1682 in
250 1642 350 1682 locis
380 1642 523 1694 paucis
554 1647 649 1681 ante
681 1641 825 1681 diebus
854 1641 1008 1682 factum
1039 1655 1130 1682 esse
1161 1644 1373 1684 consulem
1402 1645 1614 1685 Murenam
1645 1648 1777 1687 nuntii
1806 1648 1915 1690 litte-

166 1716 320 1756 raeque
360 1703 655 1751 celebrassent,
698 1710 739 1744 et
775 1704 885 1743 unde
923 1703 1109 1757 hospites
1151 1711 1280 1759 atque
1311 1706 1433 1745 amici
1465 1707 1712 1759 gratulatum
1743 1711 1912 1752 Romam

166 1766 470 1814 concurrerint,
512 1772 684 1819 repente
725 1767 875 1806 existet
912 1767 1000 1819 ipse
1031 1768 1201 1807 nuntius
1233 1781 1331 1808 suae
1363 1768 1642 1810 calamitatis?
1700 1769 1766 1812 90.
1799 1773 1914 1823 Quae

167 1829 201 1868 si
231 1828 400 1875 acerba,
431 1828 466 1867 si
497 1830 664 1875 misera,
695 1829 727 1868 si
758 1829 947 1869 luctuosa
978 1834 1095 1877 sunt,
1127 1830 1161 1869 si
1192 1830 1446 1871 alienissima
1475 1844 1499 1870 a
1529 1835 1848 1876 mansuetudine
1874 1841 1962 1876 et25

167 1890 450 1930 misericordia
479 1896 636 1939 vestra,
666 1890 846 1938 iudices,
878 1897 1120 1932 conservate
1150 1893 1295 1945 populi
1325 1893 1500 1932 Romani
1521 1893 1792 1945 beneficium,
1822 1899 1915 1938 red-

167 1952 251 1993 dite
281 1954 342 1993 rei
371 1952 561 2006 publicae
592 1953 830 2000 consulem3
870 1954 964 1994 date
993 1953 1073 1993 hoc
1102 1954 1235 2007 ipsius
1264 1955 1434 2008 pudori,
1475 1956 1569 1996 date
1598 1958 1706 2010 patri
1737 1964 1914 2009 mortuo,

167 2014 259 2054 date
301 2015 444 2067 generi
485 2020 525 2055 et
563 2015 766 2063 familiae,
808 2015 902 2056 date
941 2016 1065 2056 etiam
1095 2017 1306 2065 Lanuvio,
1346 2018 1574 2072 municipio
1604 2020 1914 2070 honestissimo,

167 2076 279 2130 quod
318 2076 362 2116 in
399 2076 477 2117 hac
515 2090 638 2117 causa
669 2083 755 2117 tota
787 2077 984 2132 frequens
1015 2084 1302 2133 maestumque
1334 2080 1509 2121 vidistis.
1567 2082 1706 2123 Nolite
1736 2096 1758 2124 a
1789 2085 1915 2126 sacris

165 2138 311 2191 patriis
341 2139 513 2179 Iunonis
545 2140 755 2192 Sospitae,
787 2140 852 2180 cui
884 2154 1027 2181 omnes
1058 2141 1251 2181 consules
1280 2141 1418 2182 facere
1447 2156 1618 2184 necesse
1648 2151 1731 2193 est,
1774 2146 1916 2188 dome·
1928 2155 1964 2185 30

166 2201 315 2241 sticum
346 2207 386 2241 et
415 2215 534 2242 suum
564 2202 777 2242 consulem
808 2202 1067 2256 potissimum
1098 2203 1289 2244 avellere.
1333 2204 1468 2253 Quem
1490 2219 1565 2260 ego
1585 2207 1726 2256 vohis,
1759 2209 1915 2264 siquid

253 2444 283 2474 l.
308 2443 439 2474 iniuriis
463 2445 486 2476 C
502 2445 575 2476 HS.
604 2462 638 2466 —
675 2448 772 2483 alque
795 2454 920 2477 omnem
943 2446 986 2477 M.
1015 2464 1048 2467 —
1082 2447 1113 2478 Ξ.
1139 2447 1218 2486 quid
1241 2455 1310 2478 om.
1339 2448 1382 2485 G,
1409 2447 1464 2487 qui
1487 2448 1518 2479 M
1534 2452 1577 2489 ψ.
1606 2466 1642 2472 -
1677 2449 1709 2482 4.
1736 2455 1916 2487 miserenda

166 2494 203 2523 G.
233 2510 267 2514 ἡ
293 2493 355 2524 sint
385 2502 417 2525 v.
441 2510 476 2515 -—
503 2502 542 2524 ea
565 2502 635 2524 om.
662 2494 699 2524 G.
724 2512 759 2516 —
793 2495 824 2525 5.
845 2496 1030 2534 perspicere
1059 2496 1148 2527 EM:
1178 2497 1366 2536 prospicere
1389 2498 1460 2528 GV.
1490 2513 1525 2519 —
1552 2498 1579 2529 si
1603 2500 1688 2538 quod
1710 2501 1737 2532 si
1761 2504 1846 2542 quod
1869 2505 1913 2543 E,

166 2542 252 2580 quod
274 2543 301 2573 si
325 2544 362 2574 G.
390 2560 424 2564 —
462 2543 607 2583 Iuppiter
630 2542 673 2574 E:
702 2544 826 2583 Jupiter
849 2545 1002 2576 GMOV.
1030 2563 1064 2567 —
1103 2545 1133 2577 6.
1160 2546 1277 2586 adsum.
1304 2547 1341 2577 G.
1370 2563 1404 2568 —
1428 2549 1579 2578 vertatur
1600 2556 1633 2579 v.
1662 2567 1697 2572 —
1721 2554 1757 2581 ut
1781 2560 1850 2584 om.
1876 2555 1915 2593 G,

167 2594 226 2622 aut
249 2592 286 2623 C.
316 2610 350 2614 —-
378 2593 407 2623 9.
433 2593 528 2624 modo
551 2601 614 2624 cos.
641 2593 786 2624 osculata
810 2594 861 2631 M,
886 2595 1027 2626 modicos
1048 2595 1194 2627 osculata
1217 2597 1254 2627 G.
1284 2613 1318 2618 —
1345 2596 1397 2628 40.
1423 2597 1590 2628 cruciatus
1611 2598 1654 2636 E,
1680 2608 1776 2633 cruce
1796 2603 1845 2642 M,
1883 2605 1917 2636 in

167 2647 236 2679 quo
264 2641 390 2673 deinde
421 2650 476 2673 vv.
503 2646 531 2673 et
561 2642 661 2674 sollic.
680 2659 726 2665 —-
743 2642 900 2683 dignitate
923 2643 1066 2684 desunt,
1098 2645 1162 2677 sed
1191 2646 1225 2677 in
1249 2654 1357 2686 marg.
1382 2655 1467 2678 vera
1489 2646 1592 2679 lectio
1616 2647 1681 2680 alia
1703 2658 1810 2684 manu
1833 2661 1918 2695 sup-

167 2687 257 2729 pleta
284 2692 346 2722 est.
375 2709 410 2714 —
431 2695 505 2730 post
524 2691 624 2730 paulo
647 2701 678 2722 v.
709 2707 743 2713 —
773 2693 823 2724 Μ.
849 2693 981 2725 domum
1003 2694 1130 2734 appello
1151 2695 1185 2726 in
1209 2704 1265 2735 eo,
1291 2705 1386 2736 quem
1407 2695 1537 2729 malim.
1566 2716 1601 2720 —
1628 2699 1680 2731 112.
1705 2702 1864 2741 appellem
1879 2705 1916 2737 G.

172 2755 206 2761 —
235 2739 516 2780 qui—-privetur
538 2750 571 2772 v.
601 2759 635 2764 —
655 2750 765 2780 poena
787 2750 855 2773 om.
883 2744 920 2774 G.
950 2761 984 2764 —
1011 2747 1040 2774 et
1063 2744 1208 2776 omnium
1230 2753 1300 2776 om.
1328 2746 1365 2776 G.
1394 2763 1429 2768 --
1457 2745 1508 2777 ⁴3.
1533 2752 1704 2786 conspectu
1726 2759 1796 2783 om.
1824 2754 1861 2784 G.
1880 2771 1915 2775 -

167 2786 219 2819 ⁴4.
245 2788 288 2818 ad
311 2797 380 2820 om.
407 2792 444 2821 G.
471 2808 506 2812 —-
527 2791 638 2830 partis
660 2791 781 2823 EGM.
810 2809 844 2812 —
871 2792 994 2833 legatos
1017 2793 1053 2824 E.
1082 2811 1117 2815 —
1143 2794 1196 2825 45.
1223 2796 1252 2825 et
1273 2802 1326 2825 res
1348 2794 1429 2834 Lag.
1454 2793 1507 2826 24.
1535 2796 1569 2827 et
1591 2805 1632 2827 v:
1659 2802 1687 2829 et
1711 2807 1780 2831 om.
1806 2801 1918 2834 EGM

168 2837 192 2868 C
207 2837 323 2875 st,
351 2839 451 2879 Lagg.
476 2839 611 2880 reliqui.
647 2841 731 2872 l‘linc
755 2840 833 2872 vide
858 2850 901 2872 ne
918 2841 1146 2874 scribendum
1162 2843 1226 2874 sit:
1252 2843 1286 2873 in
1310 2842 1425 2881 quibus
1447 2852 1480 2874 a.
1504 2853 1548 2875 m.
1575 2844 1700 2885 legatus
1719 2848 1799 2888 suit,
1824 2859 1919 2883 exer-

166 2885 248 2916 citus
270 2887 383 2921 duaeit.
409 2897 460 2919 res
482 2891 648 2921 maximas
669 2891 776 2931 [jessit.
806 2909 840 2912 —
868 2900 1008 2931 magnas
1030 2896 1075 2922 ψ.
1098 2910 1132 2913 —
1160 2895 1194 2922 a!
1217 2893 1299 2924 Mv:
1326 2901 1366 2923 ac
1389 2893 1414 2923 E
1428 2893 1464 2924 G.
1486 2911 1520 2915 -—
1548 2903 1668 2935 magno
1691 2897 1801 2930 dolore
1824 2900 1860 2931 G.
1879 2918 1913 2922 —

168 2935 219 2966 46.
245 2936 414 2968 decesseris
437 2940 524 2978 GM,
550 2941 665 2971 Pari-,t
703 2940 867 2972 decesserit
898 2941 973 2979 Ev,
1005 2940 1023 2972 4
1048 2941 1130 2973 Oxx.
1166 2959 1200 2963 —
1239 2943 1291 2973 47.
1317 2942 1454 2973 abdetur
1476 2952 1508 2974 v.
1542 2961 1577 2965 —
1615 2945 1667 2976 ⁴9.
1694 2946 1743 2988 0]
1769 2947 1792 2979 E
1813 2949 1851 2981 G.
1879 2967 1914 2972 —-

166 2984 219 3016 20.
246 2987 379 3026 aspiciet
401 2989 492 3019 mei:
519 2990 609 3030 adsp.
637 2992 672 3022 O.
703 3008 737 3012 -—
764 2989 866 3030 dolor]
890 2991 998 3021 vultus
1020 2991 1056 3021 E.
1086 3008 1121 3012 —
1150 2991 1202 3022 2¹.
1229 2994 1326 3030 atque
1349 2999 1417 3022 om.
1444 2992 1495 3031 M,
1522 3001 1562 3024 ac
1585 3001 1661 3034 sup.
1687 2994 1744 3028 lin.
1769 3005 1817 3029 m.
1843 3007 1914 3031 see.

170 3051 204 3056 —
230 3035 282 3067 ⁶23.
307 3037 438 3076 sospites
459 3039 503 3070 M.
532 3054 567 3060 —
599 3039 651 3071 ⁶24.
677 3043 909 3071 concurrerent
932 3040 1056 3079 ECaeym
1091 3058 1125 3062 —
1157 3040 1271 3072 existet
1295 3040 1513 3072 Gulielmius:
1544 3043 1669 3075 eaecidet
1692 3046 1779 3084 mei,
1812 3047 1914 3088 Lagg.

168 3091 308 3125 omnes,
336 3088 415 3125 CT,
442 3088 516 3119 Par.
536 3087 566 3120 4.
592 3089 630 3127 73
657 3089 816 3120 acciderit
838 3090 865 3120 H
881 3090 920 3127 S,
946 3090 1021 3120 Par.
1047 3089 1078 3120 8.
1106 3090 1150 3127 9.,
1176 3090 1209 3121 M
1232 3098 1279 3121 m.
1299 3098 1390 3127 sec.;
1417 3091 1579 3122 eaecideret
1600 3101 1644 3129 χ;
1669 3102 1705 3125 eo
1728 3096 1857 3128 accedet
1879 3098 1915 3136 1,y

167 3141 203 3164 eo
231 3137 364 3168 accedat
393 3137 430 3168 Ο.
466 3138 503 3168 In
533 3138 776 3170 emendatione
808 3141 950 3180 recepta
980 3148 1022 3171 ex
1052 3139 1291 3180 superioribus
1313 3141 1348 3171 in
1371 3141 1410 3171 iis
1432 3141 1510 3172 locis
1531 3142 1763 3183 repetendum
1787 3146 1851 3176 est.
1878 3163 1912 3167 —

166 3182 233 3222 ipse
255 3194 325 3218 om.
351 3196 389 3225 χ,
416 3185 468 3217 ille
492 3187 529 3218 C.
563 3205 599 3211 -
634 3196 719 3227 quae
743 3196 811 3219 om.
836 3197 869 3219 v.
907 3206 941 3210 —
978 3188 1032 3220 ⁶25.
1057 3192 1132 3220 sunt
1160 3197 1230 3221 om.
1256 3199 1292 3227 χ.
1328 3208 1363 3212 -
1399 3199 1421 3221 ιι
1443 3190 1490 3222 E:
1524 3199 1594 3222 om.
1621 3192 1850 3226 GMHSLv.
1878 3212 1912 3216 —

166 3231 220 3264 26.
245 3242 440 3266 conservare
461 3235 498 3267 E.
520 3254 554 3258 —
576 3245 655 3275 pop.
679 3237 730 3279 R.]
750 3233 795 3278 ᾗ·
818 3240 855 3269 G.
877 3256 912 3260 —
937 3238 991 3270 28.
1016 3239 1164 3270 Lanuvio
1187 3239 1220 3270 M
1243 3248 1290 3271 m.
1315 3248 1387 3280 pr.:
1414 3240 1526 3271 lanuto
1549 3241 1594 3279 G,
1619 3241 1744 3273 lavinio
1765 3251 1798 3278 v„
1824 3243 1918 3276 lanu-

166 3282 244 3314 uino
267 3284 453 3324 ECHSw
478 3286 513 3316 et
535 3285 568 3317 M
591 3294 680 3317 corr.
705 3294 753 3319 m.
780 3296 851 3319 sec.
874 3306 908 3310 —
928 3288 981 3319 29.
1006 3296 1110 3319 causa
1133 3297 1202 3320 om.
1228 3289 1253 3320 E
1268 3289 1331 3321 GC
1346 3290 1390 3327 T;
1417 3289 1497 3322 edd.
1524 3289 1656 3323 habent
1675 3292 1756 3332 post
1778 3295 1857 3325 tota.
1879 3310 1914 3315 -

167 3334 235 3363 tota
265 3340 334 3365 om.
361 3334 389 3365 H
405 3334 474 3372 εχ.
512 3352 545 3357 -
572 3334 624 3366 30.
647 3336 755 3375 patris
777 3338 802 3370 C
817 3338 854 3369 E.
883 3356 917 3360 —
942 3338 1084 3377 Iunonis]
1108 3338 1143 3370 in
1165 3338 1306 3370 vonzinis
1327 3347 1362 3372 v.
