<?xml version="1.0" encoding="UTF-8"?>
<!DOCTYPE html PUBLIC "-//W3C//DTD XHTML 1.0 Transitional//EN"
    "http://www.w3.org/TR/xhtml1/DTD/xhtml1-transitional.dtd">
<html xmlns="http://www.w3.org/1999/xhtml" xml:lang="en" lang="en">
 <head>
  <title>
</title>
<meta http-equiv="Content-Type" content="text/html;charset=utf-8" />
  <meta name='ocr-system' content='tesseract 3.04.00' />
  <meta name='ocr-capabilities' content='ocr_page ocr_carea ocr_par ocr_line ocrx_word'/>
</head>
<body>
  <div class='ocr_page' id='page_1' title='image "./p1operaquaesupersu02ciceuoft_0707.png"; bbox 0 0 2143 3713; ppageno 0'>
   <div class='ocr_carea' id='block_1_1' title="bbox 705 222 1879 279">
    <p class='ocr_par' dir='ltr' id='par_1_1' title="bbox 705 222 1879 279">
     <span class='ocr_line' id='line_1_1' title="bbox 705 222 1879 279; baseline 0 -14"><span class='ocrx_word' id='word_1_1' title='bbox 705 225 801 265; x_wconf 60' lang='grc' dir='ltr'>οη.</span> <span class='ocrx_word' id='word_1_2' title='bbox 833 226 1010 266; x_wconf 89' lang='lat' dir='ltr'>1v-v.</span> <span class='ocrx_word' id='word_1_3' title='bbox 1049 223 1122 279; x_wconf 78' lang='lat'>§§.</span> <span class='ocrx_word' id='word_1_4' title='bbox 1152 222 1318 265; x_wconf 71' lang='lat'>8—41.</span> <span class='ocrx_word' id='word_1_5' title='bbox 1807 224 1879 266; x_wconf 78' lang='grc'>691</span> 
     </span>
    </p>
   </div>
   <div class='ocr_carea' id='block_1_2' title="bbox 130 337 1941 1874">
    <p class='ocr_par' dir='ltr' id='par_1_2' title="bbox 130 337 1941 1874">
     <span class='ocr_line' id='line_1_2' title="bbox 134 337 1887 391; baseline 0 -13"><span class='ocrx_word' id='word_1_6' title='bbox 134 338 303 390; x_wconf 90' lang='lat' dir='ltr'>longum</span> <span class='ocrx_word' id='word_1_7' title='bbox 343 337 564 377; x_wconf 86' lang='lat' dir='ltr'>videretur.</span> <span class='ocrx_word' id='word_1_8' title='bbox 633 338 679 376; x_wconf 92' lang='lat' dir='ltr'>V.</span> <span class='ocrx_word' id='word_1_9' title='bbox 721 338 777 375; x_wconf 76' lang='lat' dir='ltr'>Ac</span> <span class='ocrx_word' id='word_1_10' title='bbox 815 350 866 376; x_wconf 92' lang='lat' dir='ltr'>ne</span> <span class='ocrx_word' id='word_1_11' title='bbox 906 337 1074 390; x_wconf 89' lang='lat' dir='ltr'>longum</span> <span class='ocrx_word' id='word_1_12' title='bbox 1117 338 1190 383; x_wconf 89' lang='lat' dir='ltr'>sit,</span> <span class='ocrx_word' id='word_1_13' title='bbox 1241 337 1448 385; x_wconf 80' lang='lat' dir='ltr'><strong>Quirites,</strong></span> <span class='ocrx_word' id='word_1_14' title='bbox 1499 338 1673 378; x_wconf 85' lang='lat' dir='ltr'>tabellas</span> <span class='ocrx_word' id='word_1_15' title='bbox 1710 338 1887 391; x_wconf 79' lang='lat' dir='ltr'>proferri</span> 
     </span>
     <span class='ocr_line' id='line_1_3' title="bbox 133 398 1886 453; baseline 0 -13"><span class='ocrx_word' id='word_1_16' title='bbox 133 401 353 446; x_wconf 90' lang='lat' dir='ltr'>iussimus,</span> <span class='ocrx_word' id='word_1_17' title='bbox 385 412 492 452; x_wconf 89' lang='lat' dir='ltr'>quae</span> <span class='ocrx_word' id='word_1_18' title='bbox 523 412 546 438; x_wconf 87' lang='lat' dir='ltr'>a</span> <span class='ocrx_word' id='word_1_19' title='bbox 575 410 746 451; x_wconf 88' lang='lat' dir='ltr'>quoque</span> <span class='ocrx_word' id='word_1_20' title='bbox 777 398 1023 439; x_wconf 80' lang='lat' dir='ltr'>dicebantur</span> <span class='ocrx_word' id='word_1_21' title='bbox 1043 399 1175 438; x_wconf 86' lang='lat' dir='ltr'>datae.</span> <span class='ocrx_word' id='word_1_22' title='bbox 1220 399 1401 438; x_wconf 88' lang='lat' dir='ltr'>Primum</span> <span class='ocrx_word' id='word_1_23' title='bbox 1424 400 1680 439; x_wconf 84' lang='lat' dir='ltr'><strong>ostendimus</strong></span> <span class='ocrx_word' id='word_1_24' title='bbox 1704 400 1886 453; x_wconf 81' lang='lat' dir='ltr'>Cethego</span> 
     </span>
     <span class='ocr_line' id='line_1_4' title="bbox 134 459 1888 516; baseline 0.001 -15"><span class='ocrx_word' id='word_1_25' title='bbox 134 463 319 515; x_wconf 79' lang='lat' dir='ltr'>signum3</span> <span class='ocrx_word' id='word_1_26' title='bbox 361 461 572 513; x_wconf 83' lang='lat' dir='ltr'>cognovit:</span> <span class='ocrx_word' id='word_1_27' title='bbox 616 472 691 498; x_wconf 88' lang='lat' dir='ltr'>nos</span> <span class='ocrx_word' id='word_1_28' title='bbox 723 459 849 499; x_wconf 92' lang='lat' dir='ltr'>linum</span> <span class='ocrx_word' id='word_1_29' title='bbox 882 460 1124 505; x_wconf 81' lang='lat' dir='ltr'>incidimus,</span> <span class='ocrx_word' id='word_1_30' title='bbox 1156 460 1344 513; x_wconf 90' lang='lat' dir='ltr'>legimus.</span> <span class='ocrx_word' id='word_1_31' title='bbox 1404 462 1500 501; x_wconf 87' lang='lat' dir='ltr'>Erat</span> <span class='ocrx_word' id='word_1_32' title='bbox 1530 462 1727 514; x_wconf 80' lang='lat' dir='ltr'>scriptum</span> <span class='ocrx_word' id='word_1_33' title='bbox 1758 464 1888 516; x_wconf 90' lang='lat' dir='ltr'>ipsius</span> 
     </span>
     <span class='ocr_line' id='line_1_5' title="bbox 134 521 1889 576; baseline 0.001 -13"><span class='ocrx_word' id='word_1_34' title='bbox 134 537 258 563; x_wconf 89' lang='lat' dir='ltr'>manu</span> <span class='ocrx_word' id='word_1_35' title='bbox 288 523 555 575; x_wconf 84' lang='lat' dir='ltr'>Allobrogum</span> <span class='ocrx_word' id='word_1_36' title='bbox 597 522 756 560; x_wconf 87' lang='lat' dir='ltr'>senatui</span> <span class='ocrx_word' id='word_1_37' title='bbox 790 528 829 561; x_wconf 93' lang='lat' dir='ltr'>et</span> <span class='ocrx_word' id='word_1_38' title='bbox 870 521 1048 576; x_wconf 65' lang='lat' dir='ltr'>popum,</span> <span class='ocrx_word' id='word_1_39' title='bbox 1093 535 1185 561; x_wconf 89' lang='lat' dir='ltr'>sese</span> <span class='ocrx_word' id='word_1_40' title='bbox 1227 535 1334 575; x_wconf 87' lang='lat' dir='ltr'>quae</span> <span class='ocrx_word' id='word_1_41' title='bbox 1375 535 1515 561; x_wconf 89' lang='lat' dir='ltr'>eorum</span> <span class='ocrx_word' id='word_1_42' title='bbox 1555 523 1702 575; x_wconf 89' lang='lat' dir='ltr'>legatis</span> <span class='ocrx_word' id='word_1_43' title='bbox 1742 523 1889 564; x_wconf 77' lang='lat' dir='ltr'>confir-</span> 
     </span>
     <span class='ocr_line' id='line_1_6' title="bbox 135 583 1920 639; baseline -0.001 -15"><span class='ocrx_word' id='word_1_44' title='bbox 135 590 289 624; x_wconf 88' lang='lat' dir='ltr'>masset</span> <span class='ocrx_word' id='word_1_45' title='bbox 318 585 523 624; x_wconf 85' lang='lat' dir='ltr'>facturum</span> <span class='ocrx_word' id='word_1_46' title='bbox 555 595 668 629; x_wconf 92' lang='lat' dir='ltr'>esse;</span> <span class='ocrx_word' id='word_1_47' title='bbox 701 596 818 622; x_wconf 87' lang='lat' dir='ltr'>orare</span> <span class='ocrx_word' id='word_1_48' title='bbox 849 591 891 624; x_wconf 85' lang='lat' dir='ltr'>ut</span> <span class='ocrx_word' id='word_1_49' title='bbox 923 586 1018 623; x_wconf 89' lang='lat' dir='ltr'>item</span> <span class='ocrx_word' id='word_1_50' title='bbox 1050 583 1108 622; x_wconf 91' lang='lat' dir='ltr'>illi</span> <span class='ocrx_word' id='word_1_51' title='bbox 1140 583 1323 623; x_wconf 83' lang='lat' dir='ltr'>facerent</span> <span class='ocrx_word' id='word_1_52' title='bbox 1356 596 1464 636; x_wconf 89' lang='lat' dir='ltr'>quae</span> <span class='ocrx_word' id='word_1_53' title='bbox 1495 584 1570 624; x_wconf 89' lang='lat' dir='ltr'>sibi</span> <span class='ocrx_word' id='word_1_54' title='bbox 1597 598 1740 625; x_wconf 89' lang='lat' dir='ltr'>eorum</span> <span class='ocrx_word' id='word_1_55' title='bbox 1761 586 1920 639; x_wconf 60' lang='lat' dir='ltr'>legatis</span> 
     </span>
     <span class='ocr_line' id='line_1_7' title="bbox 132 644 1888 700; baseline 0 -14"><span class='ocrx_word' id='word_1_56' title='bbox 132 648 400 700; x_wconf 78' lang='lat' dir='ltr'>recepissent.</span> <span class='ocrx_word' id='word_1_57' title='bbox 458 647 561 684; x_wconf 92' lang='lat' dir='ltr'>Tum</span> <span class='ocrx_word' id='word_1_58' title='bbox 599 645 827 694; x_wconf 78' lang='lat' dir='ltr'>Cethegus,</span> <span class='ocrx_word' id='word_1_59' title='bbox 868 646 938 699; x_wconf 87' lang='lat' dir='ltr'>qui</span> <span class='ocrx_word' id='word_1_60' title='bbox 978 644 1102 697; x_wconf 92' lang='lat' dir='ltr'>paulo</span> <span class='ocrx_word' id='word_1_61' title='bbox 1139 650 1232 683; x_wconf 88' lang='lat' dir='ltr'>ante</span> <span class='ocrx_word' id='word_1_62' title='bbox 1273 644 1429 697; x_wconf 88' lang='lat' dir='ltr'>aliquid</span> <span class='ocrx_word' id='word_1_63' title='bbox 1469 651 1605 685; x_wconf 87' lang='lat' dir='ltr'>tamen</span> <span class='ocrx_word' id='word_1_64' title='bbox 1645 646 1694 685; x_wconf 88' lang='lat' dir='ltr'>de</span> <span class='ocrx_word' id='word_1_65' title='bbox 1740 647 1888 699; x_wconf 82' lang='lat' dir='ltr'>gladiis</span> 
     </span>
     <span class='ocr_line' id='line_1_8' title="bbox 132 706 1888 763; baseline -0.001 -14"><span class='ocrx_word' id='word_1_66' title='bbox 132 723 179 749; x_wconf 88' lang='lat' dir='ltr'>ac</span> <span class='ocrx_word' id='word_1_67' title='bbox 211 710 324 756; x_wconf 88' lang='lat' dir='ltr'>sicis,</span> <span class='ocrx_word' id='word_1_68' title='bbox 366 720 473 763; x_wconf 85' lang='lat' dir='ltr'>quae</span> <span class='ocrx_word' id='word_1_69' title='bbox 508 708 615 760; x_wconf 89' lang='lat' dir='ltr'>apud</span> <span class='ocrx_word' id='word_1_70' title='bbox 659 707 792 759; x_wconf 83' lang='lat' dir='ltr'>ipsum</span> <span class='ocrx_word' id='word_1_71' title='bbox 833 713 949 747; x_wconf 82' lang='lat' dir='ltr'>erant</span> <span class='ocrx_word' id='word_1_72' title='bbox 987 706 1267 758; x_wconf 88' lang='lat' dir='ltr'>deprehensa,</span> <span class='ocrx_word' id='word_1_73' title='bbox 1308 706 1593 759; x_wconf 88' lang='lat' dir='ltr'>respondisset</span> <span class='ocrx_word' id='word_1_74' title='bbox 1631 708 1888 762; x_wconf 67' lang='lat' dir='ltr'>dixissetqun¹</span> 
     </span>
     <span class='ocr_line' id='line_1_9' title="bbox 132 767 1888 825; baseline -0.001 -14"><span class='ocrx_word' id='word_1_75' title='bbox 132 785 175 810; x_wconf 88' lang='lat' dir='ltr'>se</span> <span class='ocrx_word' id='word_1_76' title='bbox 215 784 379 825; x_wconf 84' lang='lat' dir='ltr'>semper</span> <span class='ocrx_word' id='word_1_77' title='bbox 415 769 619 808; x_wconf 90' lang='lat' dir='ltr'>bonorum</span> <span class='ocrx_word' id='word_1_78' title='bbox 660 769 1004 808; x_wconf 77' lang='lat' dir='ltr'>ferramentorum</span> <span class='ocrx_word' id='word_1_79' title='bbox 1046 767 1280 807; x_wconf 87' lang='lat' dir='ltr'>studiosum</span> <span class='ocrx_word' id='word_1_80' title='bbox 1321 768 1475 816; x_wconf 88' lang='lat' dir='ltr'>fuisse,</span> <span class='ocrx_word' id='word_1_81' title='bbox 1523 769 1701 809; x_wconf 87' lang='lat' dir='ltr'>recitatis</span> <span class='ocrx_word' id='word_1_82' title='bbox 1740 770 1888 810; x_wconf 81' lang='lat' dir='ltr'>litteris</span> 
     </span>
     <span class='ocr_line' id='line_1_10' title="bbox 132 830 1890 883; baseline 0.001 -12"><span class='ocrx_word' id='word_1_83' title='bbox 132 832 371 872; x_wconf 80' lang='lat' dir='ltr'>debilitatus</span> <span class='ocrx_word' id='word_1_84' title='bbox 401 836 526 883; x_wconf 84' lang='lat' dir='ltr'>atque</span> <span class='ocrx_word' id='word_1_85' title='bbox 558 831 741 870; x_wconf 85' lang='lat' dir='ltr'>abiectus</span> <span class='ocrx_word' id='word_1_86' title='bbox 773 830 1025 870; x_wconf 85' lang='lat' dir='ltr'>conscientia</span> <span class='ocrx_word' id='word_1_87' title='bbox 1056 835 1227 881; x_wconf 84' lang='lat' dir='ltr'>repente</span> <span class='ocrx_word' id='word_1_88' title='bbox 1258 830 1471 870; x_wconf 86' lang='lat' dir='ltr'>conticuit.</span> <span class='ocrx_word' id='word_1_89' title='bbox 1531 830 1797 871; x_wconf 83' lang='lat' dir='ltr'>Introductus</span> <span class='ocrx_word' id='word_1_90' title='bbox 1829 840 1890 872; x_wconf 89' lang='lat' dir='ltr'>est</span> 
     </span>
     <span class='ocr_line' id='line_1_11' title="bbox 133 893 1941 945; baseline 0.002 -14"><span class='ocrx_word' id='word_1_91' title='bbox 133 893 343 940; x_wconf 86' lang='lat' dir='ltr'>Statilius;</span> <span class='ocrx_word' id='word_1_92' title='bbox 383 893 578 944; x_wconf 90' lang='lat' dir='ltr'>cognovit</span> <span class='ocrx_word' id='word_1_93' title='bbox 615 898 655 932; x_wconf 91' lang='lat' dir='ltr'>et</span> <span class='ocrx_word' id='word_1_94' title='bbox 696 894 858 945; x_wconf 91' lang='lat' dir='ltr'>signum</span> <span class='ocrx_word' id='word_1_95' title='bbox 898 899 937 933; x_wconf 88' lang='lat' dir='ltr'>et</span> <span class='ocrx_word' id='word_1_96' title='bbox 978 904 1145 931; x_wconf 90' lang='lat' dir='ltr'>manum</span> <span class='ocrx_word' id='word_1_97' title='bbox 1178 904 1315 930; x_wconf 88' lang='lat' dir='ltr'>suam:</span> <span class='ocrx_word' id='word_1_98' title='bbox 1361 893 1556 932; x_wconf 83' lang='lat' dir='ltr'>recitatae</span> <span class='ocrx_word' id='word_1_99' title='bbox 1587 898 1683 932; x_wconf 90' lang='lat' dir='ltr'>sunt</span> <span class='ocrx_word' id='word_1_100' title='bbox 1713 893 1941 934; x_wconf 71' lang='lat' dir='ltr'>tabellaeto</span> 
     </span>
     <span class='ocr_line' id='line_1_12' title="bbox 133 953 1888 1000; baseline 0.001 -7"><span class='ocrx_word' id='word_1_101' title='bbox 133 955 174 994; x_wconf 89' lang='lat' dir='ltr'>in</span> <span class='ocrx_word' id='word_1_102' title='bbox 206 955 378 995; x_wconf 90' lang='lat' dir='ltr'>eandem</span> <span class='ocrx_word' id='word_1_103' title='bbox 408 953 494 992; x_wconf 85' lang='lat' dir='ltr'>fere</span> <span class='ocrx_word' id='word_1_104' title='bbox 526 955 800 1000; x_wconf 89' lang='lat' dir='ltr'>sententiam;</span> <span class='ocrx_word' id='word_1_105' title='bbox 833 955 1046 995; x_wconf 83' lang='lat' dir='ltr'>confessus</span> <span class='ocrx_word' id='word_1_106' title='bbox 1077 959 1152 993; x_wconf 88' lang='lat' dir='ltr'>est.</span> <span class='ocrx_word' id='word_1_107' title='bbox 1203 954 1307 992; x_wconf 90' lang='lat' dir='ltr'>Tum</span> <span class='ocrx_word' id='word_1_108' title='bbox 1331 954 1495 993; x_wconf 89' lang='lat' dir='ltr'>ostendi</span> <span class='ocrx_word' id='word_1_109' title='bbox 1517 954 1689 995; x_wconf 86' lang='lat' dir='ltr'>tabellas</span> <span class='ocrx_word' id='word_1_110' title='bbox 1711 957 1888 997; x_wconf 84' lang='lat' dir='ltr'>Lentulo</span> 
     </span>
     <span class='ocr_line' id='line_1_13' title="bbox 132 1015 1887 1070; baseline 0.002 -15"><span class='ocrx_word' id='word_1_111' title='bbox 132 1022 173 1055; x_wconf 90' lang='lat' dir='ltr'>et</span> <span class='ocrx_word' id='word_1_112' title='bbox 202 1015 411 1068; x_wconf 80' lang='lat' dir='ltr'>quaesivi,</span> <span class='ocrx_word' id='word_1_113' title='bbox 443 1021 765 1068; x_wconf 84' lang='lat' dir='ltr'>cognosceretne</span> <span class='ocrx_word' id='word_1_114' title='bbox 797 1017 973 1069; x_wconf 91' lang='lat' dir='ltr'>signum.</span> <span class='ocrx_word' id='word_1_115' title='bbox 1023 1015 1193 1055; x_wconf 82' lang='lat' dir='ltr'>Adnuit.</span> <span class='ocrx_word' id='word_1_116' title='bbox 1239 1015 1336 1055; x_wconf 83' lang='lat' dir='ltr'>«Est</span> <span class='ocrx_word' id='word_1_117' title='bbox 1365 1029 1484 1064; x_wconf 81' lang='lat' dir='ltr'>vero,</span> <span class='ocrx_word' id='word_1_118' title='bbox 1519 1016 1714 1070; x_wconf 87' lang='lat' dir='ltr'>inquam,</span> <span class='ocrx_word' id='word_1_119' title='bbox 1745 1024 1887 1059; x_wconf 89' lang='lat' dir='ltr'>notum</span> 
     </span>
     <span class='ocr_line' id='line_1_14' title="bbox 132 1077 1888 1133; baseline 0.002 -16"><span class='ocrx_word' id='word_1_120' title='bbox 132 1078 303 1131; x_wconf 88' lang='lat' dir='ltr'>quidem</span> <span class='ocrx_word' id='word_1_121' title='bbox 333 1077 520 1130; x_wconf 88' lang='lat' dir='ltr'>signum,</span> <span class='ocrx_word' id='word_1_122' title='bbox 550 1078 684 1130; x_wconf 81' lang='lat' dir='ltr'>imago</span> <span class='ocrx_word' id='word_1_123' title='bbox 717 1079 780 1117; x_wconf 83' lang='lat' dir='ltr'>avi</span> <span class='ocrx_word' id='word_1_124' title='bbox 808 1079 889 1125; x_wconf 87' lang='lat' dir='ltr'>tui,</span> <span class='ocrx_word' id='word_1_125' title='bbox 921 1078 1138 1118; x_wconf 87' lang='lat' dir='ltr'>clarissimi</span> <span class='ocrx_word' id='word_1_126' title='bbox 1170 1077 1268 1124; x_wconf 85' lang='lat' dir='ltr'>viri,</span> <span class='ocrx_word' id='word_1_127' title='bbox 1302 1078 1374 1131; x_wconf 89' lang='lat' dir='ltr'>qui</span> <span class='ocrx_word' id='word_1_128' title='bbox 1395 1078 1548 1118; x_wconf 85' lang='lat' dir='ltr'>amavit</span> <span class='ocrx_word' id='word_1_129' title='bbox 1568 1080 1690 1119; x_wconf 90' lang='lat' dir='ltr'>unice</span> <span class='ocrx_word' id='word_1_130' title='bbox 1713 1082 1888 1133; x_wconf 90' lang='lat' dir='ltr'>patriam</span> 
     </span>
     <span class='ocr_line' id='line_1_15' title="bbox 132 1139 1890 1193; baseline 0.002 -14"><span class='ocrx_word' id='word_1_131' title='bbox 132 1146 173 1180; x_wconf 86' lang='lat' dir='ltr'>et</span> <span class='ocrx_word' id='word_1_132' title='bbox 203 1140 312 1179; x_wconf 89' lang='lat' dir='ltr'>cives</span> <span class='ocrx_word' id='word_1_133' title='bbox 345 1152 464 1179; x_wconf 91' lang='lat' dir='ltr'>suos:</span> <span class='ocrx_word' id='word_1_134' title='bbox 501 1152 608 1192; x_wconf 90' lang='lat' dir='ltr'>quae</span> <span class='ocrx_word' id='word_1_135' title='bbox 640 1141 807 1193; x_wconf 91' lang='lat' dir='ltr'>quidem</span> <span class='ocrx_word' id='word_1_136' title='bbox 840 1146 880 1180; x_wconf 88' lang='lat' dir='ltr'>te</span> <span class='ocrx_word' id='word_1_137' title='bbox 911 1154 933 1180; x_wconf 94' lang='lat' dir='ltr'>a</span> <span class='ocrx_word' id='word_1_138' title='bbox 965 1145 1077 1180; x_wconf 86' lang='lat' dir='ltr'>tanto</span> <span class='ocrx_word' id='word_1_139' title='bbox 1108 1139 1264 1178; x_wconf 88' lang='lat' dir='ltr'>scelere</span> <span class='ocrx_word' id='word_1_140' title='bbox 1297 1139 1420 1178; x_wconf 88' lang='lat' dir='ltr'>etiam</span> <span class='ocrx_word' id='word_1_141' title='bbox 1452 1145 1564 1180; x_wconf 87' lang='lat' dir='ltr'>muta</span> <span class='ocrx_word' id='word_1_142' title='bbox 1593 1154 1787 1182; x_wconf 88' lang='lat' dir='ltr'>revocare</span> <span class='ocrx_word' id='word_1_143' title='bbox 1820 1143 1890 1183; x_wconf 90' lang='lat' dir='ltr'>de-</span> 
     </span>
     <span class='ocr_line' id='line_1_16' title="bbox 132 1198 1940 1258; baseline 0.001 -17"><span class='ocrx_word' id='word_1_144' title='bbox 132 1203 256 1242; x_wconf 87' lang='lat' dir='ltr'>buit.»</span> <span class='ocrx_word' id='word_1_145' title='bbox 325 1198 384 1240; x_wconf 81' lang='lat' dir='ltr'>ll.</span> <span class='ocrx_word' id='word_1_146' title='bbox 425 1202 638 1254; x_wconf 85' lang='lat' dir='ltr'>Leguntur</span> <span class='ocrx_word' id='word_1_147' title='bbox 676 1202 820 1241; x_wconf 88' lang='lat' dir='ltr'>eadem</span> <span class='ocrx_word' id='word_1_148' title='bbox 864 1203 1024 1242; x_wconf 89' lang='lat' dir='ltr'>ratione</span> <span class='ocrx_word' id='word_1_149' title='bbox 1055 1200 1107 1240; x_wconf 91' lang='lat' dir='ltr'>ad</span> <span class='ocrx_word' id='word_1_150' title='bbox 1148 1206 1336 1240; x_wconf 87' lang='lat' dir='ltr'>senatum</span> <span class='ocrx_word' id='word_1_151' title='bbox 1367 1201 1639 1255; x_wconf 85' lang='lat' dir='ltr'>Allobrogum</span> <span class='ocrx_word' id='word_1_152' title='bbox 1668 1205 1940 1258; x_wconf 70' lang='lat' dir='ltr'>populum-45</span> 
     </span>
     <span class='ocr_line' id='line_1_17' title="bbox 131 1262 1888 1321; baseline 0.003 -19"><span class='ocrx_word' id='word_1_153' title='bbox 131 1276 213 1317; x_wconf 90' lang='lat' dir='ltr'>que</span> <span class='ocrx_word' id='word_1_154' title='bbox 242 1263 430 1302; x_wconf 90' lang='lat' dir='ltr'>litterae:</span> <span class='ocrx_word' id='word_1_155' title='bbox 462 1263 495 1302; x_wconf 93' lang='lat' dir='ltr'>si</span> <span class='ocrx_word' id='word_1_156' title='bbox 527 1262 627 1316; x_wconf 90' lang='lat' dir='ltr'>quid</span> <span class='ocrx_word' id='word_1_157' title='bbox 659 1264 709 1302; x_wconf 89' lang='lat' dir='ltr'>de</span> <span class='ocrx_word' id='word_1_158' title='bbox 741 1263 803 1302; x_wconf 89' lang='lat' dir='ltr'>his</span> <span class='ocrx_word' id='word_1_159' title='bbox 834 1264 956 1303; x_wconf 89' lang='lat' dir='ltr'>rebus</span> <span class='ocrx_word' id='word_1_160' title='bbox 989 1263 1125 1302; x_wconf 88' lang='lat' dir='ltr'>dicere</span> <span class='ocrx_word' id='word_1_161' title='bbox 1157 1262 1304 1310; x_wconf 86' lang='lat' dir='ltr'>vellet,</span> <span class='ocrx_word' id='word_1_162' title='bbox 1334 1262 1415 1302; x_wconf 81' lang='lat' dir='ltr'>feci</span> <span class='ocrx_word' id='word_1_163' title='bbox 1444 1269 1705 1316; x_wconf 86' lang='lat' dir='ltr'>potestatem.</span> <span class='ocrx_word' id='word_1_164' title='bbox 1752 1268 1888 1321; x_wconf 84' lang='lat' dir='ltr'>Atque</span> 
     </span>
     <span class='ocr_line' id='line_1_18' title="bbox 131 1324 1890 1379; baseline 0.003 -15"><span class='ocrx_word' id='word_1_165' title='bbox 131 1325 199 1364; x_wconf 88' lang='lat' dir='ltr'>ille</span> <span class='ocrx_word' id='word_1_166' title='bbox 228 1325 361 1379; x_wconf 89' lang='lat' dir='ltr'>primo</span> <span class='ocrx_word' id='word_1_167' title='bbox 391 1324 560 1378; x_wconf 89' lang='lat' dir='ltr'>quidem</span> <span class='ocrx_word' id='word_1_168' title='bbox 592 1326 779 1377; x_wconf 76' lang='lat' dir='ltr'>negavit3</span> <span class='ocrx_word' id='word_1_169' title='bbox 826 1330 921 1378; x_wconf 91' lang='lat' dir='ltr'>post</span> <span class='ocrx_word' id='word_1_170' title='bbox 955 1329 1093 1364; x_wconf 88' lang='lat' dir='ltr'>autem</span> <span class='ocrx_word' id='word_1_171' title='bbox 1134 1324 1367 1377; x_wconf 87' lang='lat' dir='ltr'>aliquanto,</span> <span class='ocrx_word' id='word_1_172' title='bbox 1405 1330 1492 1365; x_wconf 90' lang='lat' dir='ltr'>toto</span> <span class='ocrx_word' id='word_1_173' title='bbox 1522 1326 1604 1366; x_wconf 87' lang='lat' dir='ltr'>iam</span> <span class='ocrx_word' id='word_1_174' title='bbox 1633 1327 1787 1368; x_wconf 91' lang='lat' dir='ltr'>indicio</span> <span class='ocrx_word' id='word_1_175' title='bbox 1819 1343 1890 1369; x_wconf 87' lang='lat' dir='ltr'>ex-</span> 
     </span>
     <span class='ocr_line' id='line_1_19' title="bbox 133 1386 1889 1440; baseline 0.003 -15"><span class='ocrx_word' id='word_1_176' title='bbox 133 1387 264 1440; x_wconf 87' lang='lat' dir='ltr'>posito</span> <span class='ocrx_word' id='word_1_177' title='bbox 294 1391 419 1439; x_wconf 89' lang='lat' dir='ltr'>atque</span> <span class='ocrx_word' id='word_1_178' title='bbox 451 1386 584 1433; x_wconf 90' lang='lat' dir='ltr'>edito,</span> <span class='ocrx_word' id='word_1_179' title='bbox 616 1387 814 1433; x_wconf 84' lang='lat' dir='ltr'>surrexit,</span> <span class='ocrx_word' id='word_1_180' title='bbox 847 1386 1052 1440; x_wconf 68' lang='lat' dir='ltr'>quaesivit</span> <span class='ocrx_word' id='word_1_181' title='bbox 1081 1399 1104 1425; x_wconf 92' lang='lat' dir='ltr'>a</span> <span class='ocrx_word' id='word_1_182' title='bbox 1136 1386 1284 1433; x_wconf 90' lang='lat' dir='ltr'>Gallis,</span> <span class='ocrx_word' id='word_1_183' title='bbox 1322 1386 1423 1439; x_wconf 90' lang='lat' dir='ltr'>quid</span> <span class='ocrx_word' id='word_1_184' title='bbox 1455 1387 1530 1429; x_wconf 86' lang='lat' dir='ltr'>sibi</span> <span class='ocrx_word' id='word_1_185' title='bbox 1564 1394 1674 1429; x_wconf 90' lang='lat' dir='ltr'>esset</span> <span class='ocrx_word' id='word_1_186' title='bbox 1704 1403 1796 1430; x_wconf 92' lang='lat' dir='ltr'>cum</span> <span class='ocrx_word' id='word_1_187' title='bbox 1825 1392 1889 1439; x_wconf 90' lang='lat' dir='ltr'>iis,</span> 
     </span>
     <span class='ocr_line' id='line_1_20' title="bbox 131 1448 1888 1502; baseline 0.003 -15"><span class='ocrx_word' id='word_1_188' title='bbox 131 1460 256 1501; x_wconf 87' lang='lat' dir='ltr'>quam</span> <span class='ocrx_word' id='word_1_189' title='bbox 286 1448 339 1487; x_wconf 93' lang='lat' dir='ltr'>ob</span> <span class='ocrx_word' id='word_1_190' title='bbox 370 1461 456 1487; x_wconf 91' lang='lat' dir='ltr'>rem</span> <span class='ocrx_word' id='word_1_191' title='bbox 487 1448 656 1487; x_wconf 91' lang='lat' dir='ltr'>domum</span> <span class='ocrx_word' id='word_1_192' title='bbox 688 1461 803 1487; x_wconf 86' lang='lat' dir='ltr'>suam</span> <span class='ocrx_word' id='word_1_193' title='bbox 846 1448 1079 1495; x_wconf 63' lang='lat' dir='ltr'>venissent,</span> <span class='ocrx_word' id='word_1_194' title='bbox 1123 1449 1305 1502; x_wconf 77' lang='lat' dir='ltr'>itemque</span> <span class='ocrx_word' id='word_1_195' title='bbox 1336 1461 1361 1488; x_wconf 88' lang='lat' dir='ltr'>a</span> <span class='ocrx_word' id='word_1_196' title='bbox 1390 1449 1620 1490; x_wconf 90' lang='lat' dir='ltr'>Volturcio.</span> <span class='ocrx_word' id='word_1_197' title='bbox 1682 1451 1764 1500; x_wconf 88' lang='lat' dir='ltr'>Qui</span> <span class='ocrx_word' id='word_1_198' title='bbox 1795 1466 1888 1493; x_wconf 91' lang='lat' dir='ltr'>cum</span> 
     </span>
     <span class='ocr_line' id='line_1_21' title="bbox 131 1510 1939 1568; baseline 0.004 -20"><span class='ocrx_word' id='word_1_199' title='bbox 131 1510 193 1549; x_wconf 90' lang='lat' dir='ltr'>illi</span> <span class='ocrx_word' id='word_1_200' title='bbox 223 1510 403 1549; x_wconf 90' lang='lat' dir='ltr'>breviter</span> <span class='ocrx_word' id='word_1_201' title='bbox 423 1514 745 1563; x_wconf 87' lang='lat' dir='ltr'>constanterque</span> <span class='ocrx_word' id='word_1_202' title='bbox 776 1510 1114 1562; x_wconf 89' lang='lat' dir='ltr'>respondissent,</span> <span class='ocrx_word' id='word_1_203' title='bbox 1146 1523 1221 1562; x_wconf 88' lang='lat' dir='ltr'>per</span> <span class='ocrx_word' id='word_1_204' title='bbox 1250 1523 1375 1563; x_wconf 87' lang='lat' dir='ltr'>quem</span> <span class='ocrx_word' id='word_1_205' title='bbox 1405 1511 1457 1551; x_wconf 90' lang='lat' dir='ltr'>ad</span> <span class='ocrx_word' id='word_1_206' title='bbox 1488 1525 1583 1552; x_wconf 91' lang='lat' dir='ltr'>eum</span> <span class='ocrx_word' id='word_1_207' title='bbox 1606 1515 1889 1568; x_wconf 88' lang='lat' dir='ltr'>quotiensque</span> <span class='ocrx_word' id='word_1_208' title='bbox 1903 1528 1939 1555; x_wconf 67' lang='grc' dir='ltr'>εἰ)</span> 
     </span>
     <span class='ocr_line' id='line_1_22' title="bbox 130 1571 1888 1629; baseline 0.002 -17"><span class='ocrx_word' id='word_1_209' title='bbox 130 1571 363 1620; x_wconf 86' lang='lat' dir='ltr'>venissent,</span> <span class='ocrx_word' id='word_1_210' title='bbox 395 1571 742 1625; x_wconf 86' lang='lat' dir='ltr'>quaesissentque</span> <span class='ocrx_word' id='word_1_211' title='bbox 775 1572 824 1610; x_wconf 87' lang='lat' dir='ltr'>ab</span> <span class='ocrx_word' id='word_1_212' title='bbox 856 1584 925 1618; x_wconf 87' lang='lat' dir='ltr'>e0,</span> <span class='ocrx_word' id='word_1_213' title='bbox 967 1571 1125 1611; x_wconf 89' lang='lat' dir='ltr'>nihilne</span> <span class='ocrx_word' id='word_1_214' title='bbox 1156 1586 1297 1611; x_wconf 86' lang='lat' dir='ltr'>secum</span> <span class='ocrx_word' id='word_1_215' title='bbox 1328 1578 1438 1613; x_wconf 89' lang='lat' dir='ltr'>esset</span> <span class='ocrx_word' id='word_1_216' title='bbox 1467 1573 1518 1614; x_wconf 90' lang='lat' dir='ltr'>de</span> <span class='ocrx_word' id='word_1_217' title='bbox 1547 1574 1643 1615; x_wconf 88' lang='lat' dir='ltr'>fatis</span> <span class='ocrx_word' id='word_1_218' title='bbox 1675 1577 1888 1629; x_wconf 87' lang='lat' dir='ltr'>Sibyllinis</span> 
     </span>
     <span class='ocr_line' id='line_1_23' title="bbox 131 1633 1888 1687; baseline 0.003 -15"><span class='ocrx_word' id='word_1_219' title='bbox 131 1634 318 1680; x_wconf 89' lang='lat' dir='ltr'>locutus,</span> <span class='ocrx_word' id='word_1_220' title='bbox 360 1640 445 1673; x_wconf 86' lang='lat' dir='ltr'>tum</span> <span class='ocrx_word' id='word_1_221' title='bbox 476 1633 545 1671; x_wconf 89' lang='lat' dir='ltr'>ille</span> <span class='ocrx_word' id='word_1_222' title='bbox 577 1633 714 1672; x_wconf 91' lang='lat' dir='ltr'>subito</span> <span class='ocrx_word' id='word_1_223' title='bbox 747 1634 902 1673; x_wconf 86' lang='lat' dir='ltr'>scelere</span> <span class='ocrx_word' id='word_1_224' title='bbox 935 1634 1128 1680; x_wconf 86' lang='lat' dir='ltr'>demens,</span> <span class='ocrx_word' id='word_1_225' title='bbox 1171 1639 1325 1687; x_wconf 87' lang='lat' dir='ltr'>quanta</span> <span class='ocrx_word' id='word_1_226' title='bbox 1363 1637 1643 1677; x_wconf 87' lang='lat' dir='ltr'>conscientiae</span> <span class='ocrx_word' id='word_1_227' title='bbox 1673 1638 1735 1677; x_wconf 90' lang='lat' dir='ltr'>vis</span> <span class='ocrx_word' id='word_1_228' title='bbox 1766 1645 1888 1685; x_wconf 86' lang='lat' dir='ltr'>esset,</span> 
     </span>
     <span class='ocr_line' id='line_1_24' title="bbox 131 1693 1890 1752; baseline 0.003 -17"><span class='ocrx_word' id='word_1_229' title='bbox 131 1696 323 1735; x_wconf 90' lang='lat' dir='ltr'>ostendit.</span> <span class='ocrx_word' id='word_1_230' title='bbox 382 1696 485 1734; x_wconf 87' lang='lat' dir='ltr'>Nam</span> <span class='ocrx_word' id='word_1_231' title='bbox 516 1708 608 1733; x_wconf 87' lang='lat' dir='ltr'>cum</span> <span class='ocrx_word' id='word_1_232' title='bbox 640 1695 681 1733; x_wconf 96' lang='lat' dir='ltr'>id</span> <span class='ocrx_word' id='word_1_233' title='bbox 712 1700 854 1747; x_wconf 90' lang='lat' dir='ltr'>posset</span> <span class='ocrx_word' id='word_1_234' title='bbox 882 1693 1073 1742; x_wconf 85' lang='lat' dir='ltr'>infitiari,</span> <span class='ocrx_word' id='word_1_235' title='bbox 1119 1702 1290 1749; x_wconf 90' lang='lat' dir='ltr'>repente</span> <span class='ocrx_word' id='word_1_236' title='bbox 1329 1702 1495 1750; x_wconf 89' lang='lat' dir='ltr'>praeter</span> <span class='ocrx_word' id='word_1_237' title='bbox 1530 1699 1771 1752; x_wconf 86' lang='lat' dir='ltr'>opinionem</span> <span class='ocrx_word' id='word_1_238' title='bbox 1803 1714 1890 1740; x_wconf 87' lang='lat' dir='ltr'>om-</span> 
     </span>
     <span class='ocr_line' id='line_1_25' title="bbox 132 1755 1888 1812; baseline 0.005 -17"><span class='ocrx_word' id='word_1_239' title='bbox 132 1758 245 1797; x_wconf 91' lang='lat' dir='ltr'>nium</span> <span class='ocrx_word' id='word_1_240' title='bbox 287 1755 502 1796; x_wconf 84' lang='lat' dir='ltr'>confessus</span> <span class='ocrx_word' id='word_1_241' title='bbox 549 1763 623 1796; x_wconf 88' lang='lat' dir='ltr'>est.</span> <span class='ocrx_word' id='word_1_242' title='bbox 698 1757 758 1796; x_wconf 88' lang='lat' dir='ltr'>Ita</span> <span class='ocrx_word' id='word_1_243' title='bbox 799 1770 893 1796; x_wconf 90' lang='lat' dir='ltr'>eum</span> <span class='ocrx_word' id='word_1_244' title='bbox 936 1771 1019 1796; x_wconf 89' lang='lat' dir='ltr'>non</span> <span class='ocrx_word' id='word_1_245' title='bbox 1067 1758 1190 1797; x_wconf 91' lang='lat' dir='ltr'>modo</span> <span class='ocrx_word' id='word_1_246' title='bbox 1230 1759 1444 1812; x_wconf 86' lang='lat' dir='ltr'>ingenium</span> <span class='ocrx_word' id='word_1_247' title='bbox 1487 1760 1590 1800; x_wconf 92' lang='lat' dir='ltr'>illud</span> <span class='ocrx_word' id='word_1_248' title='bbox 1638 1767 1678 1801; x_wconf 87' lang='lat' dir='ltr'>et</span> <span class='ocrx_word' id='word_1_249' title='bbox 1723 1763 1888 1802; x_wconf 89' lang='lat' dir='ltr'>dicendi</span> 
     </span>
     <span class='ocr_line' id='line_1_26' title="bbox 131 1818 1938 1874; baseline 0.004 -16"><span class='ocrx_word' id='word_1_250' title='bbox 131 1818 395 1865; x_wconf 79' lang='lat' dir='ltr'>exercitatio,</span> <span class='ocrx_word' id='word_1_251' title='bbox 427 1831 507 1870; x_wconf 89' lang='lat' dir='ltr'>qua</span> <span class='ocrx_word' id='word_1_252' title='bbox 539 1831 701 1871; x_wconf 83' lang='lat' dir='ltr'>semper</span> <span class='ocrx_word' id='word_1_253' title='bbox 730 1818 878 1866; x_wconf 76' lang='lat' dir='ltr'>valuit,</span> <span class='ocrx_word' id='word_1_254' title='bbox 910 1819 981 1858; x_wconf 92' lang='lat' dir='ltr'>sed</span> <span class='ocrx_word' id='word_1_255' title='bbox 1014 1820 1137 1858; x_wconf 87' lang='lat' dir='ltr'>etiam</span> <span class='ocrx_word' id='word_1_256' title='bbox 1169 1825 1338 1874; x_wconf 90' lang='lat' dir='ltr'>propter</span> <span class='ocrx_word' id='word_1_257' title='bbox 1366 1822 1447 1861; x_wconf 91' lang='lat' dir='ltr'>vim</span> <span class='ocrx_word' id='word_1_258' title='bbox 1478 1822 1648 1863; x_wconf 90' lang='lat' dir='ltr'>sceleris</span> <span class='ocrx_word' id='word_1_259' title='bbox 1679 1824 1938 1868; x_wconf 63' lang='lat' dir='ltr'>manifesti-25</span> 
     </span>
    </p>
   </div>
   <div class='ocr_carea' id='block_1_3' title="bbox 123 1989 1892 3370">
    <p class='ocr_par' dir='ltr' id='par_1_3' title="bbox 123 1989 1892 3370">
     <span class='ocr_line' id='line_1_27' title="bbox 217 1989 1885 2038; baseline 0.004 -16"><span class='ocrx_word' id='word_1_260' title='bbox 217 1992 247 2022; x_wconf 72' lang='lat'>4.</span> <span class='ocrx_word' id='word_1_261' title='bbox 271 1991 442 2022; x_wconf 77' lang='lat' dir='ltr'>videretur</span> <span class='ocrx_word' id='word_1_262' title='bbox 471 1989 715 2030; x_wconf 78' lang='lat' dir='ltr'>lmqrth‚</span> <span class='ocrx_word' id='word_1_263' title='bbox 743 1990 799 2030; x_wconf 77' lang='lat' dir='ltr'>Lg.</span> <span class='ocrx_word' id='word_1_264' title='bbox 827 1991 878 2022; x_wconf 78' lang='grc'>16.</span> <span class='ocrx_word' id='word_1_265' title='bbox 907 1992 957 2022; x_wconf 70' lang='lat'>2¹.</span> <span class='ocrx_word' id='word_1_266' title='bbox 985 1990 1047 2022; x_wconf 70' lang='lat'>43:</span> <span class='ocrx_word' id='word_1_267' title='bbox 1072 1992 1176 2023; x_wconf 72' lang='lat' dir='ltr'>videri</span> <span class='ocrx_word' id='word_1_268' title='bbox 1199 1993 1276 2024; x_wconf 84' lang='grc' dir='ltr'>ΒΟ.</span> <span class='ocrx_word' id='word_1_269' title='bbox 1315 1992 1365 2025; x_wconf 76' lang='lat' dir='ltr'>Cf.</span> <span class='ocrx_word' id='word_1_270' title='bbox 1391 1993 1506 2026; x_wconf 75' lang='lat' dir='ltr'>Madv.</span> <span class='ocrx_word' id='word_1_271' title='bbox 1533 1995 1659 2036; x_wconf 83' lang='lat' dir='ltr'>opusc.</span> <span class='ocrx_word' id='word_1_272' title='bbox 1686 1997 1724 2028; x_wconf 87' lang='lat'>11.</span> <span class='ocrx_word' id='word_1_273' title='bbox 1749 2006 1784 2038; x_wconf 86' lang='lat' dir='ltr'>p.</span> <span class='ocrx_word' id='word_1_274' title='bbox 1811 1998 1885 2029; x_wconf 76' lang='lat'>332.</span> 
     </span>
     <span class='ocr_line' id='line_1_28' title="bbox 130 2038 1883 2084; baseline 0.003 -12"><span class='ocrx_word' id='word_1_275' title='bbox 130 2042 201 2073; x_wconf 86' lang='lat' dir='ltr'>not.</span> <span class='ocrx_word' id='word_1_276' title='bbox 224 2058 259 2063; x_wconf 82' lang='lat'><em>—</em></span> <span class='ocrx_word' id='word_1_277' title='bbox 277 2039 333 2081; x_wconf 79' lang='lat' dir='ltr'>Ac]</span> <span class='ocrx_word' id='word_1_278' title='bbox 361 2043 395 2071; x_wconf 80' lang='lat' dir='ltr'>at</span> <span class='ocrx_word' id='word_1_279' title='bbox 418 2039 440 2071; x_wconf 89' lang='lat' dir='ltr'>h</span> <span class='ocrx_word' id='word_1_280' title='bbox 455 2048 489 2076; x_wconf 85' lang='lat' dir='ltr'>z,</span> <span class='ocrx_word' id='word_1_281' title='bbox 523 2041 541 2071; x_wconf 89' lang='lat'>5</span> <span class='ocrx_word' id='word_1_282' title='bbox 566 2038 621 2070; x_wconf 85' lang='lat' dir='ltr'>alii</span> <span class='ocrx_word' id='word_1_283' title='bbox 645 2040 746 2080; x_wconf 65' lang='lat' dir='ltr'>Lagy-r.</span> <span class='ocrx_word' id='word_1_284' title='bbox 768 2058 802 2061; x_wconf 97' lang='lat'><strong>—</strong></span> <span class='ocrx_word' id='word_1_285' title='bbox 830 2040 945 2081; x_wconf 60' lang='lat' dir='ltr'>longus</span> <span class='ocrx_word' id='word_1_286' title='bbox 965 2042 1026 2072; x_wconf 82' lang='lat' dir='ltr'>sim</span> <span class='ocrx_word' id='word_1_287' title='bbox 1050 2042 1107 2081; x_wconf 76' lang='lat' dir='ltr'>Lg.</span> <span class='ocrx_word' id='word_1_288' title='bbox 1134 2042 1168 2072; x_wconf 84' lang='lat' dir='ltr'>2l</span> <span class='ocrx_word' id='word_1_289' title='bbox 1187 2051 1194 2080; x_wconf 84' lang='grc'>;</span> <span class='ocrx_word' id='word_1_290' title='bbox 1219 2042 1349 2082; x_wconf 68' lang='lat' dir='ltr'>lonqior</span> <span class='ocrx_word' id='word_1_291' title='bbox 1369 2043 1430 2074; x_wconf 82' lang='lat' dir='ltr'>sim</span> <span class='ocrx_word' id='word_1_292' title='bbox 1453 2044 1513 2084; x_wconf 84' lang='lat' dir='ltr'>Lg.</span> <span class='ocrx_word' id='word_1_293' title='bbox 1528 2044 1559 2075; x_wconf 88' lang='grc'>9.</span> <span class='ocrx_word' id='word_1_294' title='bbox 1586 2062 1620 2066; x_wconf 89' lang='grc'>-</span> <span class='ocrx_word' id='word_1_295' title='bbox 1647 2045 1775 2077; x_wconf 75' lang='lat' dir='ltr'>tabulas</span> <span class='ocrx_word' id='word_1_296' title='bbox 1798 2048 1820 2078; x_wconf 89' lang='lat' dir='ltr'>t.</span> <span class='ocrx_word' id='word_1_297' title='bbox 1849 2065 1883 2069; x_wconf 91' lang='lat'>—</span> 
     </span>
     <span class='ocr_line' id='line_1_29' title="bbox 129 2089 1888 2135; baseline 0.003 -13"><span class='ocrx_word' id='word_1_298' title='bbox 129 2091 161 2122; x_wconf 85' lang='lat'>2.</span> <span class='ocrx_word' id='word_1_299' title='bbox 187 2089 350 2130; x_wconf 81' lang='lat' dir='ltr'>iussimus]</span> <span class='ocrx_word' id='word_1_300' title='bbox 376 2090 426 2120; x_wconf 80' lang='lat' dir='ltr'>ius</span> <span class='ocrx_word' id='word_1_301' title='bbox 450 2097 527 2120; x_wconf 85' lang='lat' dir='ltr'>suas</span> <span class='ocrx_word' id='word_1_302' title='bbox 550 2090 572 2119; x_wconf 87' lang='lat' dir='ltr'>t.</span> <span class='ocrx_word' id='word_1_303' title='bbox 598 2107 641 2111; x_wconf 71' lang='lat'>—</span> <span class='ocrx_word' id='word_1_304' title='bbox 664 2098 748 2128; x_wconf 79' lang='lat' dir='ltr'>quae</span> <span class='ocrx_word' id='word_1_305' title='bbox 771 2093 869 2121; x_wconf 74' lang='lat' dir='ltr'>antea</span> <span class='ocrx_word' id='word_1_306' title='bbox 891 2100 912 2121; x_wconf 87' lang='grc' dir='ltr'><em>α</em></span> <span class='ocrx_word' id='word_1_307' title='bbox 937 2099 1064 2130; x_wconf 73' lang='lat' dir='ltr'>quoque</span> <span class='ocrx_word' id='word_1_308' title='bbox 1087 2091 1120 2122; x_wconf 90' lang='lat' dir='ltr'>d.</span> <span class='ocrx_word' id='word_1_309' title='bbox 1154 2109 1185 2114; x_wconf 92' lang='lat'><em>-</em></span> <span class='ocrx_word' id='word_1_310' title='bbox 1220 2091 1414 2123; x_wconf 79' lang='lat' dir='ltr'>videbantur</span> <span class='ocrx_word' id='word_1_311' title='bbox 1436 2100 1507 2133; x_wconf 79' lang='lat' dir='ltr'>pz,</span> <span class='ocrx_word' id='word_1_312' title='bbox 1541 2094 1599 2134; x_wconf 84' lang='lat' dir='ltr'>Lg.</span> <span class='ocrx_word' id='word_1_313' title='bbox 1627 2094 1681 2126; x_wconf 81' lang='lat'>65.</span> <span class='ocrx_word' id='word_1_314' title='bbox 1715 2112 1750 2116; x_wconf 97' lang='lat'><strong>—</strong></span> <span class='ocrx_word' id='word_1_315' title='bbox 1777 2097 1888 2135; x_wconf 81' lang='lat' dir='ltr'>primo</span> 
     </span>
     <span class='ocr_line' id='line_1_30' title="bbox 130 2137 1890 2183; baseline 0.004 -13"><span class='ocrx_word' id='word_1_316' title='bbox 130 2139 391 2180; x_wconf 80' lang='lat' dir='ltr'>abcipqs7.‚</span> <span class='ocrx_word' id='word_1_317' title='bbox 425 2139 443 2169; x_wconf 85' lang='lat'>6</span> <span class='ocrx_word' id='word_1_318' title='bbox 470 2137 524 2168; x_wconf 79' lang='lat' dir='ltr'>alii</span> <span class='ocrx_word' id='word_1_319' title='bbox 547 2138 652 2178; x_wconf 75' lang='lat' dir='ltr'>Lagg.</span> <span class='ocrx_word' id='word_1_320' title='bbox 681 2155 714 2160; x_wconf 84' lang='lat'>—</span> <span class='ocrx_word' id='word_1_321' title='bbox 742 2138 772 2169; x_wconf 86' lang='lat'>3.</span> <span class='ocrx_word' id='word_1_322' title='bbox 800 2139 901 2170; x_wconf 82' lang='lat' dir='ltr'>linum</span> <span class='ocrx_word' id='word_1_323' title='bbox 925 2140 1021 2171; x_wconf 76' lang='lat' dir='ltr'>BVa</span> <span class='ocrx_word' id='word_1_324' title='bbox 1037 2140 1091 2172; x_wconf 89' lang='lat' dir='ltr'>bc</span> <span class='ocrx_word' id='word_1_325' title='bbox 1107 2148 1172 2177; x_wconf 80' lang='lat' dir='ltr'>sz,</span> <span class='ocrx_word' id='word_1_326' title='bbox 1207 2140 1225 2171; x_wconf 87' lang='lat'><strong>3</strong></span> <span class='ocrx_word' id='word_1_327' title='bbox 1250 2139 1305 2171; x_wconf 88' lang='lat' dir='ltr'>alii</span> <span class='ocrx_word' id='word_1_328' title='bbox 1328 2142 1451 2182; x_wconf 64' lang='lat' dir='ltr'>Lagg.:</span> <span class='ocrx_word' id='word_1_329' title='bbox 1492 2141 1618 2183; x_wconf 64' lang='lat' dir='ltr'>lignum</span> <span class='ocrx_word' id='word_1_330' title='bbox 1640 2144 1678 2175; x_wconf 86' lang='lat' dir='ltr'>R.</span> <span class='ocrx_word' id='word_1_331' title='bbox 1707 2162 1743 2166; x_wconf 91' lang='lat'>—</span> <span class='ocrx_word' id='word_1_332' title='bbox 1769 2146 1800 2177; x_wconf 94' lang='lat'>5.</span> <span class='ocrx_word' id='word_1_333' title='bbox 1826 2155 1890 2178; x_wconf 82' lang='lat' dir='ltr'>esse</span> 
     </span>
     <span class='ocr_line' id='line_1_31' title="bbox 127 2186 1885 2229; baseline 0.004 -9"><span class='ocrx_word' id='word_1_334' title='bbox 127 2190 297 2229; x_wconf 69' lang='lat' dir='ltr'>facturum</span> <span class='ocrx_word' id='word_1_335' title='bbox 318 2190 337 2220; x_wconf 87' lang='grc'>5</span> <span class='ocrx_word' id='word_1_336' title='bbox 363 2189 464 2228; x_wconf 79' lang='lat' dir='ltr'>Lagg.</span> <span class='ocrx_word' id='word_1_337' title='bbox 491 2186 574 2218; x_wconf 80' lang='lat' dir='ltr'>dett.</span> <span class='ocrx_word' id='word_1_338' title='bbox 591 2212 598 2225; x_wconf 86' lang='lat'>,</span> <span class='ocrx_word' id='word_1_339' title='bbox 624 2188 647 2218; x_wconf 94' lang='lat' dir='ltr'>L</span> <span class='ocrx_word' id='word_1_340' title='bbox 661 2188 698 2219; x_wconf 88' lang='lat' dir='ltr'>O.</span> <span class='ocrx_word' id='word_1_341' title='bbox 728 2205 763 2209; x_wconf 95' lang='lat'><strong>—</strong></span> <span class='ocrx_word' id='word_1_342' title='bbox 789 2191 825 2218; x_wconf 74' lang='lat' dir='ltr'>ut</span> <span class='ocrx_word' id='word_1_343' title='bbox 846 2189 945 2220; x_wconf 84' lang='lat' dir='ltr'>etiam</span> <span class='ocrx_word' id='word_1_344' title='bbox 967 2190 1014 2221; x_wconf 76' lang='lat' dir='ltr'>illi</span> <span class='ocrx_word' id='word_1_345' title='bbox 1039 2189 1058 2221; x_wconf 91' lang='lat' dir='ltr'>d</span> <span class='ocrx_word' id='word_1_346' title='bbox 1075 2189 1143 2221; x_wconf 81' lang='lat' dir='ltr'>lw:</span> <span class='ocrx_word' id='word_1_347' title='bbox 1169 2190 1268 2221; x_wconf 74' lang='lat' dir='ltr'>eliam</span> <span class='ocrx_word' id='word_1_348' title='bbox 1290 2193 1325 2221; x_wconf 72' lang='lat' dir='ltr'>uc</span> <span class='ocrx_word' id='word_1_349' title='bbox 1348 2191 1395 2222; x_wconf 75' lang='lat' dir='ltr'>illi</span> <span class='ocrx_word' id='word_1_350' title='bbox 1418 2200 1458 2223; x_wconf 86' lang='lat' dir='ltr'>u:</span> <span class='ocrx_word' id='word_1_351' title='bbox 1483 2195 1520 2223; x_wconf 72' lang='lat' dir='ltr'>uc</span> <span class='ocrx_word' id='word_1_352' title='bbox 1541 2193 1618 2224; x_wconf 76' lang='lat' dir='ltr'>item</span> <span class='ocrx_word' id='word_1_353' title='bbox 1641 2194 1740 2225; x_wconf 80' lang='lat' dir='ltr'>etiam</span> <span class='ocrx_word' id='word_1_354' title='bbox 1762 2195 1810 2226; x_wconf 74' lang='lat' dir='ltr'><em>illi</em></span> <span class='ocrx_word' id='word_1_355' title='bbox 1833 2204 1885 2228; x_wconf 89' lang='lat' dir='ltr'>m:</span> 
     </span>
     <span class='ocr_line' id='line_1_32' title="bbox 128 2236 1888 2281; baseline 0.003 -10"><span class='ocrx_word' id='word_1_356' title='bbox 128 2242 166 2271; x_wconf 78' lang='lat' dir='ltr'>ut</span> <span class='ocrx_word' id='word_1_357' title='bbox 185 2238 235 2270; x_wconf 72' lang='lat' dir='ltr'>illi</span> <span class='ocrx_word' id='word_1_358' title='bbox 256 2239 341 2270; x_wconf 81' lang='lat' dir='ltr'>idem</span> <span class='ocrx_word' id='word_1_359' title='bbox 364 2246 392 2268; x_wconf 93' lang='lat' dir='ltr'>r.</span> <span class='ocrx_word' id='word_1_360' title='bbox 422 2255 457 2260; x_wconf 90' lang='lat'><strong>—</strong></span> <span class='ocrx_word' id='word_1_361' title='bbox 483 2236 584 2277; x_wconf 73' lang='lat' dir='ltr'>leqati</span> <span class='ocrx_word' id='word_1_362' title='bbox 606 2245 719 2268; x_wconf 79' lang='lat' dir='ltr'>eorum</span> <span class='ocrx_word' id='word_1_363' title='bbox 742 2236 764 2268; x_wconf 93' lang='lat' dir='ltr'>b</span> <span class='ocrx_word' id='word_1_364' title='bbox 779 2245 881 2277; x_wconf 83' lang='lat' dir='ltr'>cqs,</span> <span class='ocrx_word' id='word_1_365' title='bbox 908 2238 927 2269; x_wconf 89' lang='lat'>8</span> <span class='ocrx_word' id='word_1_366' title='bbox 951 2237 1003 2270; x_wconf 88' lang='lat' dir='ltr'>alii</span> <span class='ocrx_word' id='word_1_367' title='bbox 1029 2238 1114 2270; x_wconf 85' lang='lat' dir='ltr'>dett.</span> <span class='ocrx_word' id='word_1_368' title='bbox 1140 2240 1255 2279; x_wconf 77' lang='lat' dir='ltr'>Lagg.‚</span> <span class='ocrx_word' id='word_1_369' title='bbox 1281 2240 1305 2271; x_wconf 96' lang='lat' dir='ltr'>L</span> <span class='ocrx_word' id='word_1_370' title='bbox 1320 2240 1357 2271; x_wconf 95' lang='grc' dir='ltr'>Ο.</span> <span class='ocrx_word' id='word_1_371' title='bbox 1382 2257 1418 2263; x_wconf 94' lang='grc'>-</span> <span class='ocrx_word' id='word_1_372' title='bbox 1446 2240 1477 2272; x_wconf 93' lang='lat'>6.</span> <span class='ocrx_word' id='word_1_373' title='bbox 1503 2241 1693 2281; x_wconf 78' lang='lat' dir='ltr'>recepissent</span> <span class='ocrx_word' id='word_1_374' title='bbox 1715 2243 1888 2276; x_wconf 82' lang='lat' dir='ltr'>Muretus:</span> 
     </span>
     <span class='ocr_line' id='line_1_33' title="bbox 123 2286 1887 2335; baseline 0.003 -15"><span class='ocrx_word' id='word_1_375' title='bbox 123 2289 366 2330; x_wconf 71' lang='lat' dir='ltr'>praecepissent</span> <span class='ocrx_word' id='word_1_376' title='bbox 389 2286 490 2318; x_wconf 86' lang='lat' dir='ltr'>codd.</span> <span class='ocrx_word' id='word_1_377' title='bbox 525 2286 640 2325; x_wconf 86' lang='lat' dir='ltr'>(etiam</span> <span class='ocrx_word' id='word_1_378' title='bbox 665 2286 686 2317; x_wconf 87' lang='lat' dir='ltr'>d</span> <span class='ocrx_word' id='word_1_379' title='bbox 702 2288 721 2326; x_wconf 74' lang='lat' dir='ltr'>t)</span> <span class='ocrx_word' id='word_1_380' title='bbox 754 2288 787 2318; x_wconf 89' lang='lat' dir='ltr'>et</span> <span class='ocrx_word' id='word_1_381' title='bbox 811 2288 847 2319; x_wconf 92' lang='lat' dir='ltr'>L.</span> <span class='ocrx_word' id='word_1_382' title='bbox 889 2287 940 2319; x_wconf 80' lang='lat' dir='ltr'>Cf.</span> <span class='ocrx_word' id='word_1_383' title='bbox 965 2288 1078 2320; x_wconf 81' lang='lat' dir='ltr'>Madv,</span> <span class='ocrx_word' id='word_1_384' title='bbox 1105 2289 1232 2329; x_wconf 88' lang='lat' dir='ltr'>Opusc.</span> <span class='ocrx_word' id='word_1_385' title='bbox 1258 2290 1297 2320; x_wconf 93' lang='lat'>11.</span> <span class='ocrx_word' id='word_1_386' title='bbox 1332 2298 1365 2330; x_wconf 90' lang='lat' dir='ltr'>p.</span> <span class='ocrx_word' id='word_1_387' title='bbox 1391 2290 1453 2322; x_wconf 82' lang='lat'>332</span> <span class='ocrx_word' id='word_1_388' title='bbox 1478 2292 1548 2322; x_wconf 81' lang='lat' dir='ltr'>not.</span> <span class='ocrx_word' id='word_1_389' title='bbox 1583 2309 1618 2313; x_wconf 85' lang='lat'>—</span> <span class='ocrx_word' id='word_1_390' title='bbox 1652 2296 1728 2324; x_wconf 79' lang='lat' dir='ltr'>tunc</span> <span class='ocrx_word' id='word_1_391' title='bbox 1752 2293 1887 2335; x_wconf 83' lang='lat' dir='ltr'>chz,</span> 
     </span>
     <span class='ocr_line' id='line_1_34' title="bbox 130 2335 1885 2379; baseline 0.002 -8"><span class='ocrx_word' id='word_1_392' title='bbox 130 2340 189 2379; x_wconf 82' lang='lat' dir='ltr'>Lg.</span> <span class='ocrx_word' id='word_1_393' title='bbox 215 2337 268 2370; x_wconf 74' lang='lat'>46.</span> <span class='ocrx_word' id='word_1_394' title='bbox 296 2354 332 2359; x_wconf 90' lang='lat'>--</span> <span class='ocrx_word' id='word_1_395' title='bbox 358 2340 466 2368; x_wconf 78' lang='lat' dir='ltr'>tamen</span> <span class='ocrx_word' id='word_1_396' title='bbox 490 2343 561 2367; x_wconf 91' lang='lat' dir='ltr'>om.</span> <span class='ocrx_word' id='word_1_397' title='bbox 587 2335 683 2376; x_wconf 87' lang='lat' dir='ltr'>qu</span> <span class='ocrx_word' id='word_1_398' title='bbox 706 2337 749 2374; x_wconf 87' lang='lat' dir='ltr'>L;</span> <span class='ocrx_word' id='word_1_399' title='bbox 775 2339 903 2368; x_wconf 79' lang='lat' dir='ltr'>tantum</span> <span class='ocrx_word' id='word_1_400' title='bbox 927 2346 990 2374; x_wconf 88' lang='lat' dir='ltr'>rz,</span> <span class='ocrx_word' id='word_1_401' title='bbox 1016 2339 1035 2370; x_wconf 88' lang='lat'>5</span> <span class='ocrx_word' id='word_1_402' title='bbox 1060 2337 1115 2369; x_wconf 87' lang='lat' dir='ltr'>alii</span> <span class='ocrx_word' id='word_1_403' title='bbox 1139 2338 1241 2378; x_wconf 74' lang='lat' dir='ltr'>Lagg.</span> <span class='ocrx_word' id='word_1_404' title='bbox 1270 2357 1305 2361; x_wconf 83' lang='grc'>-</span> <span class='ocrx_word' id='word_1_405' title='bbox 1333 2339 1364 2370; x_wconf 90' lang='grc'>7.</span> <span class='ocrx_word' id='word_1_406' title='bbox 1391 2348 1431 2370; x_wconf 87' lang='lat' dir='ltr'>ac</span> <span class='ocrx_word' id='word_1_407' title='bbox 1454 2340 1492 2371; x_wconf 88' lang='lat' dir='ltr'>de</span> <span class='ocrx_word' id='word_1_408' title='bbox 1514 2340 1589 2372; x_wconf 78' lang='lat' dir='ltr'>sicis</span> <span class='ocrx_word' id='word_1_409' title='bbox 1611 2339 1823 2374; x_wconf 62' lang='lat' dir='ltr'>dlmruxv.</span> <span class='ocrx_word' id='word_1_410' title='bbox 1851 2361 1885 2365; x_wconf 95' lang='lat'>—</span> 
     </span>
     <span class='ocr_line' id='line_1_35' title="bbox 128 2384 1888 2431; baseline 0.003 -13"><span class='ocrx_word' id='word_1_411' title='bbox 128 2388 236 2427; x_wconf 73' lang='lat' dir='ltr'>ipsum</span> <span class='ocrx_word' id='word_1_412' title='bbox 258 2386 329 2418; x_wconf 85' lang='lat' dir='ltr'>mei</span> <span class='ocrx_word' id='word_1_413' title='bbox 360 2387 396 2418; x_wconf 75' lang='lat' dir='ltr'>et.</span> <span class='ocrx_word' id='word_1_414' title='bbox 418 2386 541 2425; x_wconf 44' lang='lat' dir='ltr'>Lagea</span> <span class='ocrx_word' id='word_1_415' title='bbox 577 2385 670 2415; x_wconf 79' lang='lat' dir='ltr'>illum</span> <span class='ocrx_word' id='word_1_416' title='bbox 693 2394 732 2423; x_wconf 85' lang='grc' dir='ltr'>ς;</span> <span class='ocrx_word' id='word_1_417' title='bbox 770 2384 861 2416; x_wconf 82' lang='lat' dir='ltr'>illum</span> <span class='ocrx_word' id='word_1_418' title='bbox 884 2386 994 2417; x_wconf 83' lang='lat' dir='ltr'>itidem</span> <span class='ocrx_word' id='word_1_419' title='bbox 1017 2388 1057 2419; x_wconf 88' lang='lat' dir='ltr'>L:</span> <span class='ocrx_word' id='word_1_420' title='bbox 1095 2395 1126 2418; x_wconf 89' lang='lat' dir='ltr'>se</span> <span class='ocrx_word' id='word_1_421' title='bbox 1149 2387 1339 2427; x_wconf 75' lang='lat' dir='ltr'>Madvigius</span> <span class='ocrx_word' id='word_1_422' title='bbox 1363 2388 1503 2429; x_wconf 85' lang='lat' dir='ltr'>(Opusc.</span> <span class='ocrx_word' id='word_1_423' title='bbox 1530 2390 1555 2422; x_wconf 94' lang='grc' dir='ltr'>Ι.</span> <span class='ocrx_word' id='word_1_424' title='bbox 1581 2399 1615 2431; x_wconf 86' lang='lat' dir='ltr'>p.</span> <span class='ocrx_word' id='word_1_425' title='bbox 1642 2391 1729 2431; x_wconf 74' lang='lat'>489.)</span> <span class='ocrx_word' id='word_1_426' title='bbox 1765 2401 1845 2424; x_wconf 89' lang='lat' dir='ltr'>cum</span> <span class='ocrx_word' id='word_1_427' title='bbox 1869 2392 1888 2423; x_wconf 85' lang='lat'>2</span> 
     </span>
     <span class='ocr_line' id='line_1_36' title="bbox 128 2434 1886 2478; baseline 0.003 -10"><span class='ocrx_word' id='word_1_428' title='bbox 128 2437 263 2468; x_wconf 81' lang='lat' dir='ltr'>Oxonn.</span> <span class='ocrx_word' id='word_1_429' title='bbox 300 2453 335 2459; x_wconf 89' lang='lat'>—-</span> <span class='ocrx_word' id='word_1_430' title='bbox 365 2435 560 2475; x_wconf 80' lang='lat' dir='ltr'>deprehensa</span> <span class='ocrx_word' id='word_1_431' title='bbox 591 2434 852 2475; x_wconf 86' lang='lat' dir='ltr'>Babeipsz‚</span> <span class='ocrx_word' id='word_1_432' title='bbox 885 2436 903 2466; x_wconf 84' lang='lat'>7</span> <span class='ocrx_word' id='word_1_433' title='bbox 933 2436 987 2468; x_wconf 90' lang='lat' dir='ltr'>alii</span> <span class='ocrx_word' id='word_1_434' title='bbox 1016 2437 1137 2476; x_wconf 47' lang='lat' dir='ltr'>Lagea:</span> <span class='ocrx_word' id='word_1_435' title='bbox 1175 2437 1362 2476; x_wconf 69' lang='lat' dir='ltr'>deprehensi</span> <span class='ocrx_word' id='word_1_436' title='bbox 1389 2439 1418 2476; x_wconf 84' lang='lat' dir='ltr'>t;</span> <span class='ocrx_word' id='word_1_437' title='bbox 1456 2439 1672 2478; x_wconf 80' lang='lat' dir='ltr'>deprehensae</span> <span class='ocrx_word' id='word_1_438' title='bbox 1704 2441 1817 2473; x_wconf 83' lang='lat' dir='ltr'>RLO.</span> <span class='ocrx_word' id='word_1_439' title='bbox 1852 2460 1886 2464; x_wconf 95' lang='lat'>—</span> 
     </span>
     <span class='ocr_line' id='line_1_37' title="bbox 130 2485 1888 2527; baseline 0.002 -9"><span class='ocrx_word' id='word_1_440' title='bbox 130 2486 161 2519; x_wconf 88' lang='grc'>9.</span> <span class='ocrx_word' id='word_1_441' title='bbox 187 2490 286 2527; x_wconf 80' lang='lat' dir='ltr'>atque</span> <span class='ocrx_word' id='word_1_442' title='bbox 308 2486 426 2519; x_wconf 76' lang='lat' dir='ltr'>eiectus</span> <span class='ocrx_word' id='word_1_443' title='bbox 449 2494 478 2517; x_wconf 85' lang='lat' dir='ltr'>c.</span> <span class='ocrx_word' id='word_1_444' title='bbox 496 2502 540 2508; x_wconf 77' lang='lat'>—-</span> <span class='ocrx_word' id='word_1_445' title='bbox 554 2485 750 2516; x_wconf 78' lang='lat' dir='ltr'>consciencia</span> <span class='ocrx_word' id='word_1_446' title='bbox 775 2486 799 2516; x_wconf 95' lang='lat' dir='ltr'>C</span> <span class='ocrx_word' id='word_1_447' title='bbox 814 2494 833 2516; x_wconf 83' lang='lat' dir='ltr'>a</span> <span class='ocrx_word' id='word_1_448' title='bbox 847 2485 869 2516; x_wconf 90' lang='lat' dir='ltr'>b</span> <span class='ocrx_word' id='word_1_449' title='bbox 883 2486 892 2516; x_wconf 89' lang='lat' dir='ltr'>i</span> <span class='ocrx_word' id='word_1_450' title='bbox 906 2494 967 2521; x_wconf 73' lang='lat' dir='ltr'>rs„</span> <span class='ocrx_word' id='word_1_451' title='bbox 994 2487 1052 2526; x_wconf 86' lang='lat' dir='ltr'>Lg.</span> <span class='ocrx_word' id='word_1_452' title='bbox 1074 2487 1104 2517; x_wconf 85' lang='grc'>9.</span> <span class='ocrx_word' id='word_1_453' title='bbox 1124 2486 1184 2517; x_wconf 84' lang='grc' dir='ltr'>5οῑ</span> <span class='ocrx_word' id='word_1_454' title='bbox 1210 2487 1407 2519; x_wconf 77' lang='lat' dir='ltr'>conscientia</span> <span class='ocrx_word' id='word_1_455' title='bbox 1428 2489 1594 2520; x_wconf 78' lang='lat' dir='ltr'>convictus</span> <span class='ocrx_word' id='word_1_456' title='bbox 1616 2490 1678 2521; x_wconf 87' lang='lat' dir='ltr'>RL</span> <span class='ocrx_word' id='word_1_457' title='bbox 1692 2490 1730 2521; x_wconf 96' lang='lat' dir='ltr'>O.</span> <span class='ocrx_word' id='word_1_458' title='bbox 1752 2508 1786 2512; x_wconf 90' lang='lat'><em>-</em></span> <span class='ocrx_word' id='word_1_459' title='bbox 1806 2490 1888 2522; x_wconf 68' lang='lat' dir='ltr'>obti-</span> 
     </span>
     <span class='ocr_line' id='line_1_38' title="bbox 129 2534 1886 2578; baseline 0.002 -10"><span class='ocrx_word' id='word_1_460' title='bbox 129 2537 196 2568; x_wconf 74' lang='lat' dir='ltr'>cuit</span> <span class='ocrx_word' id='word_1_461' title='bbox 218 2536 241 2569; x_wconf 93' lang='lat' dir='ltr'>d</span> <span class='ocrx_word' id='word_1_462' title='bbox 262 2545 309 2569; x_wconf 90' lang='lat' dir='ltr'>m.</span> <span class='ocrx_word' id='word_1_463' title='bbox 336 2545 388 2578; x_wconf 88' lang='lat' dir='ltr'>pr.</span> <span class='ocrx_word' id='word_1_464' title='bbox 418 2553 453 2558; x_wconf 94' lang='lat'>—-</span> <span class='ocrx_word' id='word_1_465' title='bbox 480 2540 525 2567; x_wconf 78' lang='lat' dir='ltr'>est</span> <span class='ocrx_word' id='word_1_466' title='bbox 548 2544 617 2567; x_wconf 90' lang='lat' dir='ltr'>om.</span> <span class='ocrx_word' id='word_1_467' title='bbox 644 2534 698 2566; x_wconf 92' lang='lat' dir='ltr'>ab</span> <span class='ocrx_word' id='word_1_468' title='bbox 714 2543 826 2573; x_wconf 71' lang='lat' dir='ltr'>cszg</span> <span class='ocrx_word' id='word_1_469' title='bbox 850 2537 884 2566; x_wconf 86' lang='lat' dir='ltr'>et</span> <span class='ocrx_word' id='word_1_470' title='bbox 907 2536 926 2566; x_wconf 93' lang='grc'><strong>6</strong></span> <span class='ocrx_word' id='word_1_471' title='bbox 951 2535 1006 2567; x_wconf 86' lang='lat' dir='ltr'>alii</span> <span class='ocrx_word' id='word_1_472' title='bbox 1030 2537 1133 2576; x_wconf 81' lang='lat' dir='ltr'>Lagg.</span> <span class='ocrx_word' id='word_1_473' title='bbox 1155 2553 1189 2558; x_wconf 84' lang='lat'>-</span> <span class='ocrx_word' id='word_1_474' title='bbox 1211 2537 1262 2568; x_wconf 65' lang='grc'>410.</span> <span class='ocrx_word' id='word_1_475' title='bbox 1288 2541 1318 2568; x_wconf 76' lang='lat' dir='ltr'>et</span> <span class='ocrx_word' id='word_1_476' title='bbox 1341 2538 1473 2578; x_wconf 70' lang='lat' dir='ltr'>siynum</span> <span class='ocrx_word' id='word_1_477' title='bbox 1496 2541 1525 2569; x_wconf 69' lang='lat' dir='ltr'>et</span> <span class='ocrx_word' id='word_1_478' title='bbox 1547 2547 1685 2569; x_wconf 82' lang='lat' dir='ltr'>manum</span> <span class='ocrx_word' id='word_1_479' title='bbox 1707 2548 1801 2571; x_wconf 87' lang='lat' dir='ltr'>suam</span> <span class='ocrx_word' id='word_1_480' title='bbox 1823 2541 1848 2571; x_wconf 90' lang='lat' dir='ltr'>B</span> <span class='ocrx_word' id='word_1_481' title='bbox 1863 2541 1886 2571; x_wconf 93' lang='lat' dir='ltr'>C</span> 
     </span>
     <span class='ocr_line' id='line_1_39' title="bbox 129 2585 1889 2628; baseline 0.002 -11"><span class='ocrx_word' id='word_1_482' title='bbox 129 2585 341 2626; x_wconf 85' lang='lat' dir='ltr'>abcirst,</span> <span class='ocrx_word' id='word_1_483' title='bbox 367 2587 386 2618; x_wconf 86' lang='lat'>5</span> <span class='ocrx_word' id='word_1_484' title='bbox 411 2585 466 2617; x_wconf 86' lang='lat' dir='ltr'>alii</span> <span class='ocrx_word' id='word_1_485' title='bbox 491 2587 612 2626; x_wconf 74' lang='lat' dir='ltr'>Lagg.:</span> <span class='ocrx_word' id='word_1_486' title='bbox 645 2585 741 2626; x_wconf 89' lang='lat' dir='ltr'>prius</span> <span class='ocrx_word' id='word_1_487' title='bbox 765 2588 794 2616; x_wconf 73' lang='lat' dir='ltr'>el</span> <span class='ocrx_word' id='word_1_488' title='bbox 817 2593 886 2618; x_wconf 88' lang='lat' dir='ltr'>om.</span> <span class='ocrx_word' id='word_1_489' title='bbox 912 2595 948 2623; x_wconf 71' lang='lat' dir='ltr'>z,</span> <span class='ocrx_word' id='word_1_490' title='bbox 975 2587 1033 2626; x_wconf 78' lang='lat' dir='ltr'>Lg.</span> <span class='ocrx_word' id='word_1_491' title='bbox 1060 2585 1112 2618; x_wconf 71' lang='lat'>46.</span> <span class='ocrx_word' id='word_1_492' title='bbox 1139 2586 1196 2616; x_wconf 76' lang='lat'>65:</span> <span class='ocrx_word' id='word_1_493' title='bbox 1231 2595 1369 2618; x_wconf 81' lang='lat' dir='ltr'>manum</span> <span class='ocrx_word' id='word_1_494' title='bbox 1391 2590 1420 2618; x_wconf 74' lang='lat' dir='ltr'>el</span> <span class='ocrx_word' id='word_1_495' title='bbox 1443 2588 1572 2628; x_wconf 73' lang='lat' dir='ltr'>siynum</span> <span class='ocrx_word' id='word_1_496' title='bbox 1593 2597 1689 2619; x_wconf 81' lang='lat' dir='ltr'>suum</span> <span class='ocrx_word' id='word_1_497' title='bbox 1712 2590 1749 2620; x_wconf 89' lang='lat' dir='ltr'>R.</span> <span class='ocrx_word' id='word_1_498' title='bbox 1778 2608 1813 2612; x_wconf 88' lang='lat'>—</span> <span class='ocrx_word' id='word_1_499' title='bbox 1839 2594 1889 2621; x_wconf 84' lang='lat' dir='ltr'>ta-</span> 
     </span>
     <span class='ocr_line' id='line_1_40' title="bbox 129 2634 1886 2678; baseline 0.002 -12"><span class='ocrx_word' id='word_1_500' title='bbox 129 2635 223 2667; x_wconf 80' lang='lat' dir='ltr'>bulae</span> <span class='ocrx_word' id='word_1_501' title='bbox 244 2644 279 2675; x_wconf 82' lang='lat' dir='ltr'>r,</span> <span class='ocrx_word' id='word_1_502' title='bbox 304 2636 324 2666; x_wconf 73' lang='grc' dir='ltr'><strong>Β</strong></span> <span class='ocrx_word' id='word_1_503' title='bbox 341 2636 442 2675; x_wconf 80' lang='lat' dir='ltr'>Lagg.</span> <span class='ocrx_word' id='word_1_504' title='bbox 463 2635 547 2666; x_wconf 82' lang='lat' dir='ltr'>dett.</span> <span class='ocrx_word' id='word_1_505' title='bbox 569 2653 604 2657; x_wconf 88' lang='lat'><strong>—</strong></span> <span class='ocrx_word' id='word_1_506' title='bbox 625 2635 636 2665; x_wconf 89' lang='lat' dir='ltr'>·l</span> <span class='ocrx_word' id='word_1_507' title='bbox 651 2635 677 2665; x_wconf 85' lang='lat' dir='ltr'>t.</span> <span class='ocrx_word' id='word_1_508' title='bbox 701 2635 769 2674; x_wconf 74' lang='lat' dir='ltr'>fere</span> <span class='ocrx_word' id='word_1_509' title='bbox 791 2635 825 2665; x_wconf 84' lang='lat' dir='ltr'>in</span> <span class='ocrx_word' id='word_1_510' title='bbox 848 2636 983 2666; x_wconf 84' lang='lat' dir='ltr'>eandem</span> <span class='ocrx_word' id='word_1_511' title='bbox 1006 2644 1031 2666; x_wconf 84' lang='lat' dir='ltr'>s.</span> <span class='ocrx_word' id='word_1_512' title='bbox 1059 2634 1121 2666; x_wconf 91' lang='lat' dir='ltr'>dl:</span> <span class='ocrx_word' id='word_1_513' title='bbox 1150 2635 1179 2665; x_wconf 86' lang='lat' dir='ltr'>in</span> <span class='ocrx_word' id='word_1_514' title='bbox 1204 2636 1316 2667; x_wconf 85' lang='lat' dir='ltr'>eadem</span> <span class='ocrx_word' id='word_1_515' title='bbox 1337 2636 1361 2675; x_wconf 89' lang='lat' dir='ltr'>f.</span> <span class='ocrx_word' id='word_1_516' title='bbox 1387 2637 1547 2667; x_wconf 80' lang='lat' dir='ltr'>sen-tentia</span> <span class='ocrx_word' id='word_1_517' title='bbox 1568 2636 1646 2675; x_wconf 77' lang='lat' dir='ltr'>Vx,</span> <span class='ocrx_word' id='word_1_518' title='bbox 1673 2637 1691 2669; x_wconf 89' lang='lat'><strong>3</strong></span> <span class='ocrx_word' id='word_1_519' title='bbox 1709 2636 1765 2668; x_wconf 84' lang='lat' dir='ltr'>alii</span> <span class='ocrx_word' id='word_1_520' title='bbox 1780 2639 1886 2678; x_wconf 71' lang='lat' dir='ltr'>Lagg.</span> 
     </span>
     <span class='ocr_line' id='line_1_41' title="bbox 132 2684 1889 2726; baseline 0.002 -10"><span class='ocrx_word' id='word_1_521' title='bbox 132 2702 167 2706; x_wconf 96' lang='lat'>——</span> <span class='ocrx_word' id='word_1_522' title='bbox 193 2684 324 2717; x_wconf 74' lang='lat' dir='ltr'>tabulas</span> <span class='ocrx_word' id='word_1_523' title='bbox 346 2684 416 2723; x_wconf 88' lang='lat' dir='ltr'>dr,</span> <span class='ocrx_word' id='word_1_524' title='bbox 442 2686 461 2716; x_wconf 87' lang='lat'>5</span> <span class='ocrx_word' id='word_1_525' title='bbox 486 2685 586 2724; x_wconf 75' lang='lat' dir='ltr'>Lagg.</span> <span class='ocrx_word' id='word_1_526' title='bbox 616 2701 649 2705; x_wconf 91' lang='lat'>—</span> <span class='ocrx_word' id='word_1_527' title='bbox 682 2684 728 2714; x_wconf 77' lang='lat'>¹2.</span> <span class='ocrx_word' id='word_1_528' title='bbox 755 2684 871 2715; x_wconf 72' lang='lat' dir='ltr'>adnuit</span> <span class='ocrx_word' id='word_1_529' title='bbox 894 2684 966 2715; x_wconf 87' lang='lat' dir='ltr'>bs:</span> <span class='ocrx_word' id='word_1_530' title='bbox 993 2684 1108 2716; x_wconf 79' lang='lat' dir='ltr'>abnuit</span> <span class='ocrx_word' id='word_1_531' title='bbox 1129 2686 1258 2725; x_wconf 78' lang='lat' dir='ltr'>quidem</span> <span class='ocrx_word' id='word_1_532' title='bbox 1281 2687 1338 2726; x_wconf 78' lang='lat' dir='ltr'>Lg.</span> <span class='ocrx_word' id='word_1_533' title='bbox 1365 2687 1418 2718; x_wconf 77' lang='lat'>50.</span> <span class='ocrx_word' id='word_1_534' title='bbox 1445 2687 1504 2725; x_wconf 80' lang='lat'>57;</span> <span class='ocrx_word' id='word_1_535' title='bbox 1530 2688 1647 2718; x_wconf 74' lang='lat' dir='ltr'>annuit</span> <span class='ocrx_word' id='word_1_536' title='bbox 1671 2688 1746 2720; x_wconf 77' lang='grc' dir='ltr'>ΒΟ.</span> <span class='ocrx_word' id='word_1_537' title='bbox 1775 2706 1809 2711; x_wconf 77' lang='grc'><strong>-</strong></span> <span class='ocrx_word' id='word_1_538' title='bbox 1835 2690 1889 2719; x_wconf 81' lang='lat' dir='ltr'>in-</span> 
     </span>
     <span class='ocr_line' id='line_1_42' title="bbox 130 2733 1889 2776; baseline 0.002 -11"><span class='ocrx_word' id='word_1_539' title='bbox 130 2742 231 2773; x_wconf 82' lang='lat' dir='ltr'>quam</span> <span class='ocrx_word' id='word_1_540' title='bbox 252 2743 271 2765; x_wconf 91' lang='lat' dir='ltr'>r</span> <span class='ocrx_word' id='word_1_541' title='bbox 294 2735 373 2775; x_wconf 84' lang='lat' dir='ltr'>post</span> <span class='ocrx_word' id='word_1_542' title='bbox 395 2734 524 2775; x_wconf 74' lang='lat' dir='ltr'>siynum</span> <span class='ocrx_word' id='word_1_543' title='bbox 554 2733 671 2765; x_wconf 87' lang='lat' dir='ltr'>habet.</span> <span class='ocrx_word' id='word_1_544' title='bbox 707 2751 742 2755; x_wconf 87' lang='lat'><strong>—</strong></span> <span class='ocrx_word' id='word_1_545' title='bbox 774 2736 885 2764; x_wconf 83' lang='lat' dir='ltr'>notum</span> <span class='ocrx_word' id='word_1_546' title='bbox 913 2735 1042 2773; x_wconf 80' lang='lat' dir='ltr'>quidem</span> <span class='ocrx_word' id='word_1_547' title='bbox 1070 2734 1387 2774; x_wconf 83' lang='lat' dir='ltr'>Babcdilsuz,</span> <span class='ocrx_word' id='word_1_548' title='bbox 1420 2737 1478 2776; x_wconf 75' lang='lat' dir='ltr'>Lg.</span> <span class='ocrx_word' id='word_1_549' title='bbox 1504 2736 1557 2769; x_wconf 76' lang='lat'>46.</span> <span class='ocrx_word' id='word_1_550' title='bbox 1583 2738 1636 2768; x_wconf 85' lang='grc'>50.</span> <span class='ocrx_word' id='word_1_551' title='bbox 1662 2737 1724 2768; x_wconf 77' lang='lat'>57:</span> <span class='ocrx_word' id='word_1_552' title='bbox 1761 2738 1889 2776; x_wconf 79' lang='lat' dir='ltr'>quidem</span> 
     </span>
     <span class='ocr_line' id='line_1_43' title="bbox 130 2773 1890 2826; baseline 0.001 -11"><span class='ocrx_word' id='word_1_553' title='bbox 130 2791 200 2815; x_wconf 90' lang='lat' dir='ltr'>om.</span> <span class='ocrx_word' id='word_1_554' title='bbox 226 2773 302 2815; x_wconf 72' lang='grc' dir='ltr'>ΒΟ.</span> <span class='ocrx_word' id='word_1_555' title='bbox 328 2783 467 2824; x_wconf 72' lang='lat' dir='ltr'>(siynum</span> <span class='ocrx_word' id='word_1_556' title='bbox 490 2783 620 2822; x_wconf 76' lang='lat' dir='ltr'>quidem</span> <span class='ocrx_word' id='word_1_557' title='bbox 644 2786 754 2813; x_wconf 83' lang='lat' dir='ltr'>notum</span> <span class='ocrx_word' id='word_1_558' title='bbox 779 2782 827 2821; x_wconf 91' lang='lat' dir='ltr'>L.)</span> <span class='ocrx_word' id='word_1_559' title='bbox 856 2800 891 2804; x_wconf 92' lang='lat'><strong>—</strong></span> <span class='ocrx_word' id='word_1_560' title='bbox 918 2784 1068 2822; x_wconf 77' lang='lat' dir='ltr'>patriam</span> <span class='ocrx_word' id='word_1_561' title='bbox 1089 2793 1185 2815; x_wconf 84' lang='lat' dir='ltr'>suam</span> <span class='ocrx_word' id='word_1_562' title='bbox 1208 2788 1237 2816; x_wconf 77' lang='lat' dir='ltr'>ec</span> <span class='ocrx_word' id='word_1_563' title='bbox 1259 2787 1317 2822; x_wconf 82' lang='lat' dir='ltr'>rt,</span> <span class='ocrx_word' id='word_1_564' title='bbox 1350 2785 1368 2816; x_wconf 89' lang='lat'><strong>3</strong></span> <span class='ocrx_word' id='word_1_565' title='bbox 1393 2786 1495 2826; x_wconf 80' lang='lat' dir='ltr'>Lagg.</span> <span class='ocrx_word' id='word_1_566' title='bbox 1525 2805 1559 2808; x_wconf 83' lang='lat'>—</span> <span class='ocrx_word' id='word_1_567' title='bbox 1594 2785 1645 2818; x_wconf 54' lang='lat'>214.</span> <span class='ocrx_word' id='word_1_568' title='bbox 1673 2795 1757 2825; x_wconf 84' lang='lat' dir='ltr'>quae</span> <span class='ocrx_word' id='word_1_569' title='bbox 1779 2787 1890 2826; x_wconf 58' lang='lat' dir='ltr'>imago</span> 
     </span>
     <span class='ocr_line' id='line_1_44' title="bbox 130 2832 1892 2874; baseline 0.002 -10"><span class='ocrx_word' id='word_1_570' title='bbox 130 2832 261 2871; x_wconf 78' lang='lat' dir='ltr'>quidem</span> <span class='ocrx_word' id='word_1_571' title='bbox 291 2841 326 2864; x_wconf 88' lang='lat' dir='ltr'>u.</span> <span class='ocrx_word' id='word_1_572' title='bbox 363 2850 398 2854; x_wconf 93' lang='lat'>—</span> <span class='ocrx_word' id='word_1_573' title='bbox 431 2841 453 2863; x_wconf 90' lang='lat' dir='ltr'><strong><em>a</em></strong></span> <span class='ocrx_word' id='word_1_574' title='bbox 483 2835 575 2864; x_wconf 78' lang='lat' dir='ltr'>tanto</span> <span class='ocrx_word' id='word_1_575' title='bbox 604 2835 633 2863; x_wconf 85' lang='lat' dir='ltr'>te</span> <span class='ocrx_word' id='word_1_576' title='bbox 664 2841 680 2862; x_wconf 82' lang='lat' dir='ltr'>z</span> <span class='ocrx_word' id='word_1_577' title='bbox 717 2833 749 2863; x_wconf 86' lang='lat' dir='ltr'>et</span> <span class='ocrx_word' id='word_1_578' title='bbox 775 2832 831 2871; x_wconf 80' lang='lat' dir='ltr'>Lg.</span> <span class='ocrx_word' id='word_1_579' title='bbox 859 2832 915 2863; x_wconf 79' lang='lat'>65:</span> <span class='ocrx_word' id='word_1_580' title='bbox 950 2835 980 2864; x_wconf 83' lang='lat' dir='ltr'>le</span> <span class='ocrx_word' id='word_1_581' title='bbox 1003 2842 1071 2865; x_wconf 89' lang='lat' dir='ltr'>om.</span> <span class='ocrx_word' id='word_1_582' title='bbox 1098 2842 1170 2874; x_wconf 79' lang='lat' dir='ltr'>gp:</span> <span class='ocrx_word' id='word_1_583' title='bbox 1205 2833 1313 2865; x_wconf 83' lang='lat' dir='ltr'>habet</span> <span class='ocrx_word' id='word_1_584' title='bbox 1342 2837 1372 2865; x_wconf 82' lang='lat' dir='ltr'>te</span> <span class='ocrx_word' id='word_1_585' title='bbox 1399 2838 1477 2874; x_wconf 85' lang='lat' dir='ltr'>post</span> <span class='ocrx_word' id='word_1_586' title='bbox 1498 2838 1591 2865; x_wconf 84' lang='lat' dir='ltr'>muta</span> <span class='ocrx_word' id='word_1_587' title='bbox 1612 2844 1654 2866; x_wconf 78' lang='lat' dir='ltr'>w.</span> <span class='ocrx_word' id='word_1_588' title='bbox 1681 2853 1716 2857; x_wconf 78' lang='lat'>-—</span> <span class='ocrx_word' id='word_1_589' title='bbox 1748 2836 1892 2867; x_wconf 66' lang='lat' dir='ltr'>debuerit</span> 
     </span>
     <span class='ocr_line' id='line_1_45' title="bbox 131 2881 1889 2924; baseline 0.002 -11"><span class='ocrx_word' id='word_1_590' title='bbox 131 2890 180 2914; x_wconf 91' lang='lat' dir='ltr'>m.</span> <span class='ocrx_word' id='word_1_591' title='bbox 207 2898 241 2904; x_wconf 93' lang='grc'>-</span> <span class='ocrx_word' id='word_1_592' title='bbox 269 2882 323 2914; x_wconf 73' lang='grc'>46.</span> <span class='ocrx_word' id='word_1_593' title='bbox 354 2881 446 2913; x_wconf 75' lang='lat' dir='ltr'>vellet</span> <span class='ocrx_word' id='word_1_594' title='bbox 469 2882 575 2914; x_wconf 77' lang='lat' dir='ltr'>dicere</span> <span class='ocrx_word' id='word_1_595' title='bbox 597 2889 625 2913; x_wconf 89' lang='lat' dir='ltr'>s.</span> <span class='ocrx_word' id='word_1_596' title='bbox 661 2899 694 2904; x_wconf 95' lang='lat'><strong>—</strong></span> <span class='ocrx_word' id='word_1_597' title='bbox 731 2881 782 2912; x_wconf 67' lang='lat'>47.</span> <span class='ocrx_word' id='word_1_598' title='bbox 808 2881 861 2912; x_wconf 86' lang='lat' dir='ltr'>ille</span> <span class='ocrx_word' id='word_1_599' title='bbox 884 2881 1013 2920; x_wconf 77' lang='lat' dir='ltr'>quidem</span> <span class='ocrx_word' id='word_1_600' title='bbox 1031 2883 1141 2922; x_wconf 80' lang='lat' dir='ltr'>primo</span> <span class='ocrx_word' id='word_1_601' title='bbox 1164 2884 1188 2914; x_wconf 92' lang='lat' dir='ltr'>B</span> <span class='ocrx_word' id='word_1_602' title='bbox 1203 2884 1227 2914; x_wconf 96' lang='lat' dir='ltr'>C</span> <span class='ocrx_word' id='word_1_603' title='bbox 1242 2882 1351 2920; x_wconf 78' lang='lat' dir='ltr'>th,</span> <span class='ocrx_word' id='word_1_604' title='bbox 1383 2884 1402 2914; x_wconf 85' lang='lat'>5</span> <span class='ocrx_word' id='word_1_605' title='bbox 1426 2882 1480 2914; x_wconf 83' lang='lat' dir='ltr'>alii</span> <span class='ocrx_word' id='word_1_606' title='bbox 1504 2884 1606 2924; x_wconf 78' lang='lat' dir='ltr'>Lagg.</span> <span class='ocrx_word' id='word_1_607' title='bbox 1641 2900 1677 2906; x_wconf 90' lang='lat'>—</span> <span class='ocrx_word' id='word_1_608' title='bbox 1710 2885 1889 2923; x_wconf 74' lang='lat' dir='ltr'>aliquando</span> 
     </span>
     <span class='ocr_line' id='line_1_46' title="bbox 131 2929 1890 2972; baseline 0.002 -9"><span class='ocrx_word' id='word_1_609' title='bbox 131 2932 281 2970; x_wconf 80' lang='lat' dir='ltr'>mtux‚</span> <span class='ocrx_word' id='word_1_610' title='bbox 307 2931 366 2971; x_wconf 81' lang='lat' dir='ltr'>Lg.</span> <span class='ocrx_word' id='word_1_611' title='bbox 393 2930 446 2962; x_wconf 87' lang='grc'>53.</span> <span class='ocrx_word' id='word_1_612' title='bbox 474 2948 509 2954; x_wconf 85' lang='grc'>-</span> <span class='ocrx_word' id='word_1_613' title='bbox 536 2934 601 2963; x_wconf 79' lang='lat' dir='ltr'>toto</span> <span class='ocrx_word' id='word_1_614' title='bbox 625 2939 696 2962; x_wconf 89' lang='lat' dir='ltr'>om.</span> <span class='ocrx_word' id='word_1_615' title='bbox 722 2939 791 2970; x_wconf 69' lang='lat' dir='ltr'>qz,</span> <span class='ocrx_word' id='word_1_616' title='bbox 819 2929 838 2962; x_wconf 72' lang='lat'><strong>4</strong></span> <span class='ocrx_word' id='word_1_617' title='bbox 861 2929 916 2962; x_wconf 85' lang='lat' dir='ltr'>alii</span> <span class='ocrx_word' id='word_1_618' title='bbox 939 2931 1041 2972; x_wconf 80' lang='lat' dir='ltr'>Lagg.</span> <span class='ocrx_word' id='word_1_619' title='bbox 1071 2950 1107 2954; x_wconf 91' lang='lat'><strong>—</strong></span> <span class='ocrx_word' id='word_1_620' title='bbox 1132 2933 1253 2964; x_wconf 81' lang='lat' dir='ltr'>indicio</span> <span class='ocrx_word' id='word_1_621' title='bbox 1276 2933 1344 2964; x_wconf 76' lang='lat' dir='ltr'>iam</span> <span class='ocrx_word' id='word_1_622' title='bbox 1367 2941 1404 2971; x_wconf 80' lang='lat' dir='ltr'>g;</span> <span class='ocrx_word' id='word_1_623' title='bbox 1430 2933 1498 2964; x_wconf 78' lang='lat' dir='ltr'>iam</span> <span class='ocrx_word' id='word_1_624' title='bbox 1521 2942 1592 2964; x_wconf 93' lang='lat' dir='ltr'>om.</span> <span class='ocrx_word' id='word_1_625' title='bbox 1618 2942 1658 2965; x_wconf 84' lang='lat' dir='ltr'>w.</span> <span class='ocrx_word' id='word_1_626' title='bbox 1679 2951 1713 2955; x_wconf 96' lang='lat'>—</span> <span class='ocrx_word' id='word_1_627' title='bbox 1741 2935 1792 2966; x_wconf 70' lang='grc'>«18.</span> <span class='ocrx_word' id='word_1_628' title='bbox 1819 2944 1890 2966; x_wconf 85' lang='lat' dir='ltr'>sur-</span> 
     </span>
     <span class='ocr_line' id='line_1_47' title="bbox 130 2978 1887 3023; baseline 0.002 -10"><span class='ocrx_word' id='word_1_629' title='bbox 130 2980 207 3013; x_wconf 76' lang='lat' dir='ltr'>reaei</span> <span class='ocrx_word' id='word_1_630' title='bbox 230 2981 264 3012; x_wconf 75' lang='grc' dir='ltr'>Η</span> <span class='ocrx_word' id='word_1_631' title='bbox 295 2980 398 3020; x_wconf 79' lang='lat' dir='ltr'>Lagg.</span> <span class='ocrx_word' id='word_1_632' title='bbox 432 2979 517 3011; x_wconf 86' lang='lat' dir='ltr'>dett.</span> <span class='ocrx_word' id='word_1_633' title='bbox 552 2998 587 3003; x_wconf 88' lang='lat'>—</span> <span class='ocrx_word' id='word_1_634' title='bbox 623 2980 822 3019; x_wconf 64' lang='lat' dir='ltr'>quesn-itque</span> <span class='ocrx_word' id='word_1_635' title='bbox 845 2978 886 3016; x_wconf 79' lang='lat' dir='ltr'>d;</span> <span class='ocrx_word' id='word_1_636' title='bbox 923 2981 1069 3019; x_wconf 73' lang='lat' dir='ltr'>quaesivi</span> <span class='ocrx_word' id='word_1_637' title='bbox 1092 2990 1120 3011; x_wconf 76' lang='lat' dir='ltr'><strong>w</strong></span> <span class='ocrx_word' id='word_1_638' title='bbox 1151 2984 1184 3013; x_wconf 91' lang='lat' dir='ltr'>et</span> <span class='ocrx_word' id='word_1_639' title='bbox 1209 2983 1310 3022; x_wconf 79' lang='lat' dir='ltr'>Lagg.</span> <span class='ocrx_word' id='word_1_640' title='bbox 1336 2984 1478 3023; x_wconf 86' lang='lat' dir='ltr'>praeter</span> <span class='ocrx_word' id='word_1_641' title='bbox 1501 2983 1553 3014; x_wconf 84' lang='lat' dir='ltr'>ak</span> <span class='ocrx_word' id='word_1_642' title='bbox 1577 2984 1612 3014; x_wconf 84' lang='lat' dir='ltr'>et</span> <span class='ocrx_word' id='word_1_643' title='bbox 1635 2983 1666 3014; x_wconf 89' lang='lat'>9.</span> <span class='ocrx_word' id='word_1_644' title='bbox 1692 2984 1744 3015; x_wconf 82' lang='lat'>50.</span> <span class='ocrx_word' id='word_1_645' title='bbox 1771 2984 1823 3016; x_wconf 88' lang='grc'>53.</span> <span class='ocrx_word' id='word_1_646' title='bbox 1852 3002 1887 3007; x_wconf 90' lang='grc'>-</span> 
     </span>
     <span class='ocr_line' id='line_1_48' title="bbox 131 3028 1889 3072; baseline 0.003 -11"><span class='ocrx_word' id='word_1_647' title='bbox 131 3031 173 3062; x_wconf 73' lang='lat' dir='ltr'>iis</span> <span class='ocrx_word' id='word_1_648' title='bbox 194 3031 236 3062; x_wconf 88' lang='lat' dir='ltr'>h:</span> <span class='ocrx_word' id='word_1_649' title='bbox 263 3030 308 3062; x_wconf 81' lang='lat' dir='ltr'>eis</span> <span class='ocrx_word' id='word_1_650' title='bbox 329 3030 370 3068; x_wconf 93' lang='lat' dir='ltr'>L;</span> <span class='ocrx_word' id='word_1_651' title='bbox 396 3029 446 3060; x_wconf 78' lang='lat' dir='ltr'>his</span> <span class='ocrx_word' id='word_1_652' title='bbox 466 3028 541 3061; x_wconf 88' lang='lat' dir='ltr'>rell.</span> <span class='ocrx_word' id='word_1_653' title='bbox 567 3031 648 3062; x_wconf 89' lang='lat' dir='ltr'>mei.</span> <span class='ocrx_word' id='word_1_654' title='bbox 678 3048 712 3052; x_wconf 97' lang='lat'><strong>—</strong></span> <span class='ocrx_word' id='word_1_655' title='bbox 739 3030 792 3060; x_wconf 76' lang='grc'>49.</span> <span class='ocrx_word' id='word_1_656' title='bbox 818 3032 847 3061; x_wconf 78' lang='grc' dir='ltr'>ει</span> <span class='ocrx_word' id='word_1_657' title='bbox 870 3030 1080 3069; x_wconf 79' lang='lat' dir='ltr'>quamobrem</span> <span class='ocrx_word' id='word_1_658' title='bbox 1104 3030 1138 3062; x_wconf 93' lang='lat' dir='ltr'>d.</span> <span class='ocrx_word' id='word_1_659' title='bbox 1168 3049 1202 3054; x_wconf 91' lang='lat'>—-</span> <span class='ocrx_word' id='word_1_660' title='bbox 1227 3032 1448 3064; x_wconf 76' lang='lat' dir='ltr'>convenissent</span> <span class='ocrx_word' id='word_1_661' title='bbox 1469 3032 1509 3064; x_wconf 92' lang='lat' dir='ltr'>V.</span> <span class='ocrx_word' id='word_1_662' title='bbox 1538 3050 1573 3055; x_wconf 88' lang='grc'>-</span> <span class='ocrx_word' id='word_1_663' title='bbox 1598 3033 1749 3072; x_wconf 78' lang='lat' dir='ltr'>itemque]</span> <span class='ocrx_word' id='word_1_664' title='bbox 1771 3034 1847 3066; x_wconf 80' lang='lat' dir='ltr'>item</span> <span class='ocrx_word' id='word_1_665' title='bbox 1870 3044 1889 3066; x_wconf 88' lang='lat' dir='ltr'>a</span> 
     </span>
     <span class='ocr_line' id='line_1_49' title="bbox 134 3078 1891 3124; baseline 0.002 -13"><span class='ocrx_word' id='word_1_666' title='bbox 134 3082 169 3111; x_wconf 89' lang='lat' dir='ltr'>et</span> <span class='ocrx_word' id='word_1_667' title='bbox 190 3080 250 3119; x_wconf 82' lang='lat' dir='ltr'>Lg.</span> <span class='ocrx_word' id='word_1_668' title='bbox 275 3079 329 3110; x_wconf 75' lang='lat'>46.</span> <span class='ocrx_word' id='word_1_669' title='bbox 356 3095 392 3100; x_wconf 91' lang='lat'>—</span> <span class='ocrx_word' id='word_1_670' title='bbox 418 3078 485 3119; x_wconf 73' lang='lat' dir='ltr'>qui]</span> <span class='ocrx_word' id='word_1_671' title='bbox 509 3079 563 3110; x_wconf 77' lang='lat' dir='ltr'>cui</span> <span class='ocrx_word' id='word_1_672' title='bbox 585 3078 614 3116; x_wconf 83' lang='lat' dir='ltr'>l;</span> <span class='ocrx_word' id='word_1_673' title='bbox 641 3079 727 3119; x_wconf 84' lang='lat' dir='ltr'>quod</span> <span class='ocrx_word' id='word_1_674' title='bbox 749 3079 858 3117; x_wconf 73' lang='lat' dir='ltr'>Bel,</span> <span class='ocrx_word' id='word_1_675' title='bbox 885 3079 943 3119; x_wconf 82' lang='lat' dir='ltr'>Lg.</span> <span class='ocrx_word' id='word_1_676' title='bbox 969 3080 1022 3110; x_wconf 83' lang='lat'>50.</span> <span class='ocrx_word' id='word_1_677' title='bbox 1048 3080 1101 3111; x_wconf 73' lang='lat'>57.</span> <span class='ocrx_word' id='word_1_678' title='bbox 1130 3098 1165 3102; x_wconf 98' lang='lat'><strong>—</strong></span> <span class='ocrx_word' id='word_1_679' title='bbox 1190 3081 1243 3112; x_wconf 91' lang='lat'>20.</span> <span class='ocrx_word' id='word_1_680' title='bbox 1270 3082 1416 3121; x_wconf 76' lang='lat' dir='ltr'>quotiens</span> <span class='ocrx_word' id='word_1_681' title='bbox 1437 3082 1462 3113; x_wconf 86' lang='lat' dir='ltr'>t.</span> <span class='ocrx_word' id='word_1_682' title='bbox 1491 3099 1526 3104; x_wconf 88' lang='lat'>-—</span> <span class='ocrx_word' id='word_1_683' title='bbox 1551 3082 1605 3114; x_wconf 62' lang='lat'>⁹24.</span> <span class='ocrx_word' id='word_1_684' title='bbox 1632 3084 1891 3124; x_wconf 77' lang='lat' dir='ltr'>quaesissemque</span> 
     </span>
     <span class='ocr_line' id='line_1_50' title="bbox 134 3126 1885 3173; baseline 0.004 -14"><span class='ocrx_word' id='word_1_685' title='bbox 134 3136 201 3167; x_wconf 88' lang='lat' dir='ltr'>cz,</span> <span class='ocrx_word' id='word_1_686' title='bbox 228 3127 247 3159; x_wconf 88' lang='lat'>6</span> <span class='ocrx_word' id='word_1_687' title='bbox 271 3126 327 3159; x_wconf 84' lang='lat' dir='ltr'>alii</span> <span class='ocrx_word' id='word_1_688' title='bbox 348 3128 452 3168; x_wconf 51' lang='lat' dir='ltr'>Lago.</span> <span class='ocrx_word' id='word_1_689' title='bbox 479 3143 516 3149; x_wconf 84' lang='lat'>-</span> <span class='ocrx_word' id='word_1_690' title='bbox 541 3127 619 3168; x_wconf 74' lang='lat' dir='ltr'>fatis</span> <span class='ocrx_word' id='word_1_691' title='bbox 640 3128 815 3169; x_wconf 86' lang='lat' dir='ltr'>hkqsx‚</span> <span class='ocrx_word' id='word_1_692' title='bbox 842 3128 861 3159; x_wconf 93' lang='lat'>6</span> <span class='ocrx_word' id='word_1_693' title='bbox 885 3127 939 3159; x_wconf 81' lang='lat' dir='ltr'>alii</span> <span class='ocrx_word' id='word_1_694' title='bbox 964 3129 1090 3169; x_wconf 77' lang='lat' dir='ltr'>Lagg.:</span> <span class='ocrx_word' id='word_1_695' title='bbox 1126 3129 1217 3162; x_wconf 77' lang='lat' dir='ltr'>libris</span> <span class='ocrx_word' id='word_1_696' title='bbox 1238 3131 1320 3168; x_wconf 85' lang='lat' dir='ltr'>BL;</span> <span class='ocrx_word' id='word_1_697' title='bbox 1356 3131 1468 3171; x_wconf 78' lang='lat' dir='ltr'>fastis,</span> <span class='ocrx_word' id='word_1_698' title='bbox 1498 3131 1612 3172; x_wconf 74' lang='lat' dir='ltr'>factis,</span> <span class='ocrx_word' id='word_1_699' title='bbox 1644 3133 1762 3173; x_wconf 77' lang='lat' dir='ltr'>faustis</span> <span class='ocrx_word' id='word_1_700' title='bbox 1784 3134 1822 3166; x_wconf 90' lang='lat' dir='ltr'>R.</span> <span class='ocrx_word' id='word_1_701' title='bbox 1849 3151 1885 3157; x_wconf 90' lang='lat'><em>-</em></span> 
     </span>
     <span class='ocr_line' id='line_1_51' title="bbox 133 3176 1887 3219; baseline 0.005 -12"><span class='ocrx_word' id='word_1_702' title='bbox 133 3176 187 3207; x_wconf 87' lang='lat'>22.</span> <span class='ocrx_word' id='word_1_703' title='bbox 218 3184 323 3208; x_wconf 82' lang='lat' dir='ltr'>conse.</span> <span class='ocrx_word' id='word_1_704' title='bbox 357 3179 436 3209; x_wconf 80' lang='lat' dir='ltr'>esset</span> <span class='ocrx_word' id='word_1_705' title='bbox 463 3177 514 3208; x_wconf 80' lang='lat' dir='ltr'>vis</span> <span class='ocrx_word' id='word_1_706' title='bbox 544 3178 589 3216; x_wconf 88' lang='lat' dir='ltr'>C;</span> <span class='ocrx_word' id='word_1_707' title='bbox 622 3178 673 3209; x_wconf 80' lang='lat' dir='ltr'>vis</span> <span class='ocrx_word' id='word_1_708' title='bbox 700 3186 805 3210; x_wconf 80' lang='lat' dir='ltr'>conse.</span> <span class='ocrx_word' id='word_1_709' title='bbox 832 3181 909 3210; x_wconf 68' lang='lat' dir='ltr'>esset</span> <span class='ocrx_word' id='word_1_710' title='bbox 940 3178 1022 3219; x_wconf 78' lang='lat' dir='ltr'>Vq3</span> <span class='ocrx_word' id='word_1_711' title='bbox 1058 3179 1106 3210; x_wconf 81' lang='lat' dir='ltr'>vis</span> <span class='ocrx_word' id='word_1_712' title='bbox 1133 3183 1212 3211; x_wconf 74' lang='lat' dir='ltr'>esset</span> <span class='ocrx_word' id='word_1_713' title='bbox 1241 3189 1346 3212; x_wconf 78' lang='lat' dir='ltr'>conse.</span> <span class='ocrx_word' id='word_1_714' title='bbox 1373 3180 1412 3217; x_wconf 86' lang='lat' dir='ltr'>d;</span> <span class='ocrx_word' id='word_1_715' title='bbox 1449 3182 1664 3214; x_wconf 76' lang='lat' dir='ltr'>conscientiae</span> <span class='ocrx_word' id='word_1_716' title='bbox 1687 3190 1756 3214; x_wconf 89' lang='lat' dir='ltr'>om.</span> <span class='ocrx_word' id='word_1_717' title='bbox 1782 3192 1816 3215; x_wconf 89' lang='lat' dir='ltr'>u.</span> <span class='ocrx_word' id='word_1_718' title='bbox 1849 3201 1887 3207; x_wconf 92' lang='lat'><strong>—</strong></span> 
     </span>
     <span class='ocr_line' id='line_1_52' title="bbox 134 3224 1886 3273; baseline 0.005 -17"><span class='ocrx_word' id='word_1_719' title='bbox 134 3224 191 3257; x_wconf 73' lang='lat'>23.</span> <span class='ocrx_word' id='word_1_720' title='bbox 213 3233 289 3257; x_wconf 78' lang='lat' dir='ltr'>cum</span> <span class='ocrx_word' id='word_1_721' title='bbox 309 3226 354 3266; x_wconf 78' lang='lat' dir='ltr'>id]</span> <span class='ocrx_word' id='word_1_722' title='bbox 378 3235 454 3258; x_wconf 82' lang='lat' dir='ltr'>oum</span> <span class='ocrx_word' id='word_1_723' title='bbox 476 3227 563 3266; x_wconf 81' lang='lat' dir='ltr'>quod</span> <span class='ocrx_word' id='word_1_724' title='bbox 584 3227 665 3268; x_wconf 71' lang='lat' dir='ltr'>qalli</span> <span class='ocrx_word' id='word_1_725' title='bbox 688 3228 844 3259; x_wconf 51' lang='lat' dir='ltr'>diverunt</span> <span class='ocrx_word' id='word_1_726' title='bbox 862 3228 896 3258; x_wconf 78' lang='lat' dir='ltr'>id</span> <span class='ocrx_word' id='word_1_727' title='bbox 912 3237 946 3259; x_wconf 92' lang='lat' dir='ltr'>u.</span> <span class='ocrx_word' id='word_1_728' title='bbox 966 3246 1001 3250; x_wconf 92' lang='lat'>—</span> <span class='ocrx_word' id='word_1_729' title='bbox 1019 3229 1185 3270; x_wconf 78' lang='lat' dir='ltr'>infirmari</span> <span class='ocrx_word' id='word_1_730' title='bbox 1202 3230 1226 3262; x_wconf 94' lang='lat' dir='ltr'>C</span> <span class='ocrx_word' id='word_1_731' title='bbox 1239 3238 1262 3261; x_wconf 89' lang='lat' dir='ltr'>u</span> <span class='ocrx_word' id='word_1_732' title='bbox 1275 3239 1319 3268; x_wconf 79' lang='lat' dir='ltr'>w;</span> <span class='ocrx_word' id='word_1_733' title='bbox 1346 3231 1489 3271; x_wconf 75' lang='lat' dir='ltr'>inficiari</span> <span class='ocrx_word' id='word_1_734' title='bbox 1504 3231 1735 3272; x_wconf 72' lang='lat' dir='ltr'>infit-marique</span> <span class='ocrx_word' id='word_1_735' title='bbox 1749 3233 1807 3273; x_wconf 83' lang='lat' dir='ltr'>Lg.</span> <span class='ocrx_word' id='word_1_736' title='bbox 1826 3234 1886 3271; x_wconf 72' lang='lat'>203</span> 
     </span>
     <span class='ocr_line' id='line_1_53' title="bbox 134 3274 1887 3319; baseline 0.005 -14"><span class='ocrx_word' id='word_1_737' title='bbox 134 3274 184 3306; x_wconf 85' lang='lat' dir='ltr'>vel</span> <span class='ocrx_word' id='word_1_738' title='bbox 205 3275 349 3316; x_wconf 70' lang='lat' dir='ltr'>inficiari</span> <span class='ocrx_word' id='word_1_739' title='bbox 369 3276 600 3318; x_wconf 72' lang='lat' dir='ltr'>infir-marique</span> <span class='ocrx_word' id='word_1_740' title='bbox 622 3279 646 3309; x_wconf 89' lang='lat' dir='ltr'>t.</span> <span class='ocrx_word' id='word_1_741' title='bbox 680 3295 715 3299; x_wconf 81' lang='lat'>—</span> <span class='ocrx_word' id='word_1_742' title='bbox 749 3277 802 3310; x_wconf 75' lang='lat'>24.</span> <span class='ocrx_word' id='word_1_743' title='bbox 835 3277 919 3319; x_wconf 85' lang='lat' dir='ltr'>eum]</span> <span class='ocrx_word' id='word_1_744' title='bbox 952 3277 1038 3309; x_wconf 78' lang='lat' dir='ltr'>enim</span> <span class='ocrx_word' id='word_1_745' title='bbox 1060 3279 1120 3316; x_wconf 78' lang='lat' dir='ltr'>tz,</span> <span class='ocrx_word' id='word_1_746' title='bbox 1156 3278 1216 3319; x_wconf 78' lang='lat' dir='ltr'>Lg.</span> <span class='ocrx_word' id='word_1_747' title='bbox 1243 3279 1274 3310; x_wconf 90' lang='lat'>9.</span> <span class='ocrx_word' id='word_1_748' title='bbox 1300 3278 1354 3311; x_wconf 77' lang='lat'>46.</span> <span class='ocrx_word' id='word_1_749' title='bbox 1380 3279 1440 3317; x_wconf 74' lang='lat'>533</span> <span class='ocrx_word' id='word_1_750' title='bbox 1477 3280 1505 3312; x_wconf 77' lang='lat' dir='ltr'>ei</span> <span class='ocrx_word' id='word_1_751' title='bbox 1530 3289 1570 3319; x_wconf 72' lang='grc' dir='ltr'>υς</span> <span class='ocrx_word' id='word_1_752' title='bbox 1606 3282 1693 3313; x_wconf 74' lang='lat' dir='ltr'>enim</span> <span class='ocrx_word' id='word_1_753' title='bbox 1717 3290 1791 3314; x_wconf 84' lang='lat' dir='ltr'>eum</span> <span class='ocrx_word' id='word_1_754' title='bbox 1814 3292 1831 3315; x_wconf 95' lang='lat' dir='ltr'>r</span> <span class='ocrx_word' id='word_1_755' title='bbox 1854 3285 1887 3314; x_wconf 80' lang='lat' dir='ltr'>et</span> 
     </span>
     <span class='ocr_line' id='line_1_54' title="bbox 138 3324 1409 3370; baseline 0.003 -14"><span class='ocrx_word' id='word_1_756' title='bbox 138 3325 196 3366; x_wconf 83' lang='lat' dir='ltr'>Lg.</span> <span class='ocrx_word' id='word_1_757' title='bbox 220 3324 276 3358; x_wconf 84' lang='lat'>20.</span> <span class='ocrx_word' id='word_1_758' title='bbox 304 3343 339 3349; x_wconf 96' lang='lat'>—</span> <span class='ocrx_word' id='word_1_759' title='bbox 364 3326 498 3361; x_wconf 73' lang='lat' dir='ltr'>dicundi</span> <span class='ocrx_word' id='word_1_760' title='bbox 519 3325 585 3359; x_wconf 86' lang='lat' dir='ltr'>bs.</span> <span class='ocrx_word' id='word_1_761' title='bbox 612 3344 647 3351; x_wconf 93' lang='lat'><em>-</em></span> <span class='ocrx_word' id='word_1_762' title='bbox 671 3328 726 3360; x_wconf 76' lang='lat'>25.</span> <span class='ocrx_word' id='word_1_763' title='bbox 753 3329 880 3363; x_wconf 82' lang='lat' dir='ltr'>sceleris</span> <span class='ocrx_word' id='word_1_764' title='bbox 901 3329 982 3370; x_wconf 87' lang='lat' dir='ltr'>post</span> <span class='ocrx_word' id='word_1_765' title='bbox 1004 3327 1132 3369; x_wconf 80' lang='lat' dir='ltr'>depreh.</span> <span class='ocrx_word' id='word_1_766' title='bbox 1158 3328 1291 3361; x_wconf 84' lang='lat' dir='ltr'>habent</span> <span class='ocrx_word' id='word_1_767' title='bbox 1311 3328 1335 3361; x_wconf 89' lang='lat' dir='ltr'>b</span> <span class='ocrx_word' id='word_1_768' title='bbox 1350 3337 1409 3362; x_wconf 88' lang='lat' dir='ltr'>cs.</span> 
     </span>
    </p>
   </div>
  </div>
 </body>
</html>
