<?xml version="1.0" encoding="UTF-8"?>
<!DOCTYPE html PUBLIC "-//W3C//DTD XHTML 1.0 Transitional//EN"
    "http://www.w3.org/TR/xhtml1/DTD/xhtml1-transitional.dtd">
<html xmlns="http://www.w3.org/1999/xhtml" xml:lang="en" lang="en">
 <head>
  <title>
</title>
<meta http-equiv="Content-Type" content="text/html;charset=utf-8" />
  <meta name='ocr-system' content='tesseract 3.04.00' />
  <meta name='ocr-capabilities' content='ocr_page ocr_carea ocr_par ocr_line ocrx_word'/>
</head>
<body>
  <div class='ocr_page' id='page_1' title='image "./p1operaquaesupersu02ciceuoft_0765.png"; bbox 0 0 2143 3713; ppageno 0'>
   <div class='ocr_carea' id='block_1_1' title="bbox 586 203 1905 258">
    <p class='ocr_par' dir='ltr' id='par_1_1' title="bbox 586 203 1905 258">
     <span class='ocr_line' id='line_1_1' title="bbox 586 203 1905 258; baseline 0.002 -13"><span class='ocrx_word' id='word_1_1' title='bbox 586 203 681 245; x_wconf 62' lang='grc' dir='ltr'>οη.</span> <span class='ocrx_word' id='word_1_2' title='bbox 712 203 1197 245; x_wconf 77' lang='grc' dir='ltr'>ΧΧΧνΠῐ-ΧΧΧΙΧ.</span> <span class='ocrx_word' id='word_1_3' title='bbox 1232 203 1305 258; x_wconf 77' lang='lat'>§§.</span> <span class='ocrx_word' id='word_1_4' title='bbox 1336 203 1528 246; x_wconf 80' lang='lat'><strong>81—85.</strong></span> <span class='ocrx_word' id='word_1_5' title='bbox 1826 206 1905 247; x_wconf 72' lang='lat'>749</span> 
     </span>
    </p>
   </div>
   <div class='ocr_carea' id='block_1_2' title="bbox 155 315 1958 1976">
    <p class='ocr_par' dir='ltr' id='par_1_2' title="bbox 155 315 1958 1976">
     <span class='ocr_line' id='line_1_2' title="bbox 283 315 1907 369; baseline 0.004 -15"><span class='ocrx_word' id='word_1_6' title='bbox 283 315 478 354; x_wconf 87' lang='lat' dir='ltr'><strong>XXXIX.</strong></span> <span class='ocrx_word' id='word_1_7' title='bbox 517 315 777 369; x_wconf 81' lang='lat' dir='ltr'><strong>Quamquam</strong></span> <span class='ocrx_word' id='word_1_8' title='bbox 819 316 989 356; x_wconf 90' lang='lat' dir='ltr'>huiusce</span> <span class='ocrx_word' id='word_1_9' title='bbox 1026 317 1085 356; x_wconf 92' lang='lat' dir='ltr'>rci</span> <span class='ocrx_word' id='word_1_10' title='bbox 1124 321 1306 369; x_wconf 90' lang='lat' dir='ltr'>potestas</span> <span class='ocrx_word' id='word_1_11' title='bbox 1348 319 1478 358; x_wconf 86' lang='lat' dir='ltr'>omnis</span> <span class='ocrx_word' id='word_1_12' title='bbox 1510 321 1548 359; x_wconf 93' lang='lat' dir='ltr'>in</span> <span class='ocrx_word' id='word_1_13' title='bbox 1581 318 1696 358; x_wconf 87' lang='lat' dir='ltr'>vobis</span> <span class='ocrx_word' id='word_1_14' title='bbox 1727 320 1803 359; x_wconf 92' lang='lat' dir='ltr'>sita</span> <span class='ocrx_word' id='word_1_15' title='bbox 1833 326 1907 368; x_wconf 86' lang='lat' dir='ltr'>est,</span> 
     </span>
     <span class='ocr_line' id='line_1_3' title="bbox 171 377 1907 434; baseline 0.004 -19"><span class='ocrx_word' id='word_1_16' title='bbox 171 377 346 416; x_wconf 88' lang='lat' dir='ltr'>iudices:</span> <span class='ocrx_word' id='word_1_17' title='bbox 385 382 509 417; x_wconf 87' lang='lat' dir='ltr'>totam</span> <span class='ocrx_word' id='word_1_18' title='bbox 548 390 632 416; x_wconf 89' lang='lat' dir='ltr'>rem</span> <span class='ocrx_word' id='word_1_19' title='bbox 662 377 868 430; x_wconf 79' lang='lat' dir='ltr'>publicam</span> <span class='ocrx_word' id='word_1_20' title='bbox 901 392 972 417; x_wconf 83' lang='lat' dir='ltr'>vos</span> <span class='ocrx_word' id='word_1_21' title='bbox 1011 379 1051 417; x_wconf 92' lang='lat' dir='ltr'>in</span> <span class='ocrx_word' id='word_1_22' title='bbox 1081 377 1157 417; x_wconf 92' lang='lat' dir='ltr'>hac</span> <span class='ocrx_word' id='word_1_23' title='bbox 1189 391 1310 417; x_wconf 86' lang='lat' dir='ltr'>causa</span> <span class='ocrx_word' id='word_1_24' title='bbox 1343 380 1512 427; x_wconf 89' lang='lat' dir='ltr'>tenetis,</span> <span class='ocrx_word' id='word_1_25' title='bbox 1553 394 1625 420; x_wconf 79' lang='lat' dir='ltr'>vos</span> <span class='ocrx_word' id='word_1_26' title='bbox 1657 381 1907 434; x_wconf 75' lang='lat' dir='ltr'>gubernatis,</span> 
     </span>
     <span class='ocr_line' id='line_1_4' title="bbox 170 438 1909 495; baseline 0.004 -19"><span class='ocrx_word' id='word_1_27' title='bbox 170 438 211 476; x_wconf 93' lang='lat' dir='ltr'>Si</span> <span class='ocrx_word' id='word_1_28' title='bbox 243 439 287 477; x_wconf 92' lang='lat' dir='ltr'>L.</span> <span class='ocrx_word' id='word_1_29' title='bbox 311 438 486 478; x_wconf 75' lang='lat' dir='ltr'>Catilina</span> <span class='ocrx_word' id='word_1_30' title='bbox 516 452 608 478; x_wconf 92' lang='lat' dir='ltr'>cum</span> <span class='ocrx_word' id='word_1_31' title='bbox 631 452 705 477; x_wconf 91' lang='lat' dir='ltr'>suo</span> <span class='ocrx_word' id='word_1_32' title='bbox 726 439 899 479; x_wconf 76' lang='lat' dir='ltr'>consilio</span> <span class='ocrx_word' id='word_1_33' title='bbox 922 439 1173 479; x_wconf 84' lang='lat' dir='ltr'>nefariorum</span> <span class='ocrx_word' id='word_1_34' title='bbox 1196 439 1432 489; x_wconf 91' lang='lat' dir='ltr'>hominum,</span> <span class='ocrx_word' id='word_1_35' title='bbox 1466 456 1571 495; x_wconf 84' lang='lat' dir='ltr'>quos</span> <span class='ocrx_word' id='word_1_36' title='bbox 1592 457 1730 483; x_wconf 85' lang='lat' dir='ltr'>secum</span> <span class='ocrx_word' id='word_1_37' title='bbox 1753 443 1909 491; x_wconf 82' lang='lat' dir='ltr'>eduxit,</span> 
     </span>
     <span class='ocr_line' id='line_1_5' title="bbox 166 499 1908 557; baseline 0.003 -19"><span class='ocrx_word' id='word_1_38' title='bbox 166 499 216 538; x_wconf 90' lang='lat' dir='ltr'>de</span> <span class='ocrx_word' id='word_1_39' title='bbox 246 499 322 539; x_wconf 89' lang='lat' dir='ltr'>hac</span> <span class='ocrx_word' id='word_1_40' title='bbox 351 514 393 539; x_wconf 91' lang='lat' dir='ltr'>re</span> <span class='ocrx_word' id='word_1_41' title='bbox 414 505 556 552; x_wconf 87' lang='lat' dir='ltr'>posset</span> <span class='ocrx_word' id='word_1_42' title='bbox 576 499 772 547; x_wconf 84' lang='lat' dir='ltr'>iudicare,</span> <span class='ocrx_word' id='word_1_43' title='bbox 796 502 1089 540; x_wconf 85' lang='lat' dir='ltr'>condemnaret</span> <span class='ocrx_word' id='word_1_44' title='bbox 1117 501 1159 538; x_wconf 90' lang='lat' dir='ltr'>L.</span> <span class='ocrx_word' id='word_1_45' title='bbox 1181 502 1417 541; x_wconf 86' lang='lat' dir='ltr'>Murenam:</span> <span class='ocrx_word' id='word_1_46' title='bbox 1450 503 1483 541; x_wconf 91' lang='lat' dir='ltr'>si</span> <span class='ocrx_word' id='word_1_47' title='bbox 1506 502 1735 544; x_wconf 86' lang='lat' dir='ltr'>interlicere</span> <span class='ocrx_word' id='word_1_48' title='bbox 1757 510 1908 557; x_wconf 87' lang='lat' dir='ltr'>posset,</span> 
     </span>
     <span class='ocr_line' id='line_1_6' title="bbox 166 561 1941 618; baseline 0.002 -18"><span class='ocrx_word' id='word_1_49' title='bbox 166 561 386 601; x_wconf 88' lang='lat' dir='ltr'>occideret.</span> <span class='ocrx_word' id='word_1_50' title='bbox 427 562 574 601; x_wconf 85' lang='lat' dir='ltr'>Petunt</span> <span class='ocrx_word' id='word_1_51' title='bbox 603 562 713 600; x_wconf 88' lang='lat' dir='ltr'>enim</span> <span class='ocrx_word' id='word_1_52' title='bbox 746 564 922 602; x_wconf 85' lang='lat' dir='ltr'>rationes</span> <span class='ocrx_word' id='word_1_53' title='bbox 945 562 1075 609; x_wconf 91' lang='lat' dir='ltr'>illius,</span> <span class='ocrx_word' id='word_1_54' title='bbox 1107 567 1151 601; x_wconf 91' lang='lat' dir='ltr'>ut</span> <span class='ocrx_word' id='word_1_55' title='bbox 1172 562 1342 601; x_wconf 83' lang='lat' dir='ltr'><strong>orbetur</strong></span> <span class='ocrx_word' id='word_1_56' title='bbox 1361 565 1519 604; x_wconf 87' lang='lat' dir='ltr'>auxilio</span> <span class='ocrx_word' id='word_1_57' title='bbox 1551 579 1617 605; x_wconf 89' lang='lat' dir='ltr'>res</span> <span class='ocrx_word' id='word_1_58' title='bbox 1647 566 1833 618; x_wconf 88' lang='lat' dir='ltr'>publica,</span> <span class='ocrx_word' id='word_1_59' title='bbox 1867 573 1908 607; x_wconf 92' lang='lat' dir='ltr'>ut</span> <span class='ocrx_word' id='word_1_60' title='bbox 1923 578 1941 604; x_wconf 71' lang='lat'>33</span> 
     </span>
     <span class='ocr_line' id='line_1_7' title="bbox 165 623 1908 677; baseline 0.004 -16"><span class='ocrx_word' id='word_1_61' title='bbox 165 623 374 663; x_wconf 91' lang='lat' dir='ltr'>minuatur</span> <span class='ocrx_word' id='word_1_62' title='bbox 402 628 544 662; x_wconf 86' lang='lat' dir='ltr'>contra</span> <span class='ocrx_word' id='word_1_63' title='bbox 575 637 779 663; x_wconf 89' lang='lat' dir='ltr'>summum</span> <span class='ocrx_word' id='word_1_64' title='bbox 811 624 988 663; x_wconf 83' lang='lat' dir='ltr'>furorem</span> <span class='ocrx_word' id='word_1_65' title='bbox 1021 624 1312 676; x_wconf 87' lang='lat' dir='ltr'>imperatorum</span> <span class='ocrx_word' id='word_1_66' title='bbox 1340 626 1473 677; x_wconf 88' lang='lat' dir='ltr'>copia,</span> <span class='ocrx_word' id='word_1_67' title='bbox 1507 631 1550 666; x_wconf 90' lang='lat' dir='ltr'>ut</span> <span class='ocrx_word' id='word_1_68' title='bbox 1581 628 1710 667; x_wconf 85' lang='lat' dir='ltr'>maior</span> <span class='ocrx_word' id='word_1_69' title='bbox 1737 627 1908 668; x_wconf 80' lang='lat' dir='ltr'><strong>facultas</strong></span> 
     </span>
     <span class='ocr_line' id='line_1_8' title="bbox 166 683 1908 738; baseline 0.004 -15"><span class='ocrx_word' id='word_1_70' title='bbox 166 685 339 725; x_wconf 86' lang='lat' dir='ltr'>tribunis</span> <span class='ocrx_word' id='word_1_71' title='bbox 371 685 428 738; x_wconf 89' lang='lat' dir='ltr'>pl.</span> <span class='ocrx_word' id='word_1_72' title='bbox 459 685 579 724; x_wconf 85' lang='lat' dir='ltr'>detur</span> <span class='ocrx_word' id='word_1_73' title='bbox 609 683 783 736; x_wconf 86' lang='lat' dir='ltr'>depulso</span> <span class='ocrx_word' id='word_1_74' title='bbox 815 685 1050 725; x_wconf 81' lang='lat' dir='ltr'>adversario</span> <span class='ocrx_word' id='word_1_75' title='bbox 1073 686 1288 725; x_wconf 85' lang='lat' dir='ltr'>seditionis</span> <span class='ocrx_word' id='word_1_76' title='bbox 1310 699 1355 726; x_wconf 91' lang='lat' dir='ltr'>ac</span> <span class='ocrx_word' id='word_1_77' title='bbox 1377 687 1606 728; x_wconf 83' lang='lat' dir='ltr'>discordiae</span> <span class='ocrx_word' id='word_1_78' title='bbox 1628 690 1908 730; x_wconf 82' lang='lat' dir='ltr'>concitandae.</span> 
     </span>
     <span class='ocr_line' id='line_1_9' title="bbox 166 745 1908 805; baseline 0.005 -21"><span class='ocrx_word' id='word_1_79' title='bbox 166 746 333 786; x_wconf 89' lang='lat' dir='ltr'>ldemne</span> <span class='ocrx_word' id='word_1_80' title='bbox 365 747 489 799; x_wconf 83' lang='lat' dir='ltr'>igitur</span> <span class='ocrx_word' id='word_1_81' title='bbox 521 745 668 785; x_wconf 87' lang='lat' dir='ltr'>delecti</span> <span class='ocrx_word' id='word_1_82' title='bbox 701 760 750 785; x_wconf 79' lang='lat' dir='ltr'>ex</span> <span class='ocrx_word' id='word_1_83' title='bbox 772 746 1036 799; x_wconf 85' lang='lat' dir='ltr'>amplissimis</span> <span class='ocrx_word' id='word_1_84' title='bbox 1059 747 1273 786; x_wconf 88' lang='lat' dir='ltr'>ordinibus</span> <span class='ocrx_word' id='word_1_85' title='bbox 1294 747 1577 788; x_wconf 83' lang='lat' dir='ltr'>honestissimi</span> <span class='ocrx_word' id='word_1_86' title='bbox 1599 756 1725 804; x_wconf 87' lang='lat' dir='ltr'>atque</span> <span class='ocrx_word' id='word_1_87' title='bbox 1747 753 1908 805; x_wconf 89' lang='lat' dir='ltr'>sapien-</span> 
     </span>
     <span class='ocr_line' id='line_1_10' title="bbox 164 806 1906 862; baseline 0.003 -15"><span class='ocrx_word' id='word_1_88' title='bbox 164 808 311 848; x_wconf 88' lang='lat' dir='ltr'>tissimi</span> <span class='ocrx_word' id='word_1_89' title='bbox 353 808 429 848; x_wconf 91' lang='lat' dir='ltr'>viri</span> <span class='ocrx_word' id='word_1_90' title='bbox 472 806 731 854; x_wconf 89' lang='lat' dir='ltr'>iudicabunt,</span> <span class='ocrx_word' id='word_1_91' title='bbox 775 807 887 861; x_wconf 90' lang='lat' dir='ltr'>quod</span> <span class='ocrx_word' id='word_1_92' title='bbox 919 807 988 847; x_wconf 89' lang='lat' dir='ltr'>ille</span> <span class='ocrx_word' id='word_1_93' title='bbox 1019 808 1398 860; x_wconf 87' lang='lat' dir='ltr'>importunissimus</span> <span class='ocrx_word' id='word_1_94' title='bbox 1430 809 1651 862; x_wconf 84' lang='lat' dir='ltr'>gladiator,</span> <span class='ocrx_word' id='word_1_95' title='bbox 1688 812 1818 853; x_wconf 91' lang='lat' dir='ltr'>hostis</span> <span class='ocrx_word' id='word_1_96' title='bbox 1848 813 1906 852; x_wconf 88' lang='lat' dir='ltr'>rei</span> 
     </span>
     <span class='ocr_line' id='line_1_11' title="bbox 162 867 1958 923; baseline 0.004 -15"><span class='ocrx_word' id='word_1_97' title='bbox 162 869 353 923; x_wconf 87' lang='lat' dir='ltr'>publicae</span> <span class='ocrx_word' id='word_1_98' title='bbox 383 869 620 909; x_wconf 73' lang='lat' dir='ltr'>iudicaret?</span> <span class='ocrx_word' id='word_1_99' title='bbox 679 867 744 908; x_wconf 67' lang='lat'>84.</span> <span class='ocrx_word' id='word_1_100' title='bbox 775 869 874 909; x_wconf 88' lang='lat' dir='ltr'>Mihi</span> <span class='ocrx_word' id='word_1_101' title='bbox 907 868 1079 916; x_wconf 88' lang='lat' dir='ltr'>credite,</span> <span class='ocrx_word' id='word_1_102' title='bbox 1110 869 1291 917; x_wconf 86' lang='lat' dir='ltr'>iudices,</span> <span class='ocrx_word' id='word_1_103' title='bbox 1323 870 1363 909; x_wconf 92' lang='lat' dir='ltr'>in</span> <span class='ocrx_word' id='word_1_104' title='bbox 1394 870 1471 911; x_wconf 91' lang='lat' dir='ltr'>hac</span> <span class='ocrx_word' id='word_1_105' title='bbox 1503 885 1627 913; x_wconf 88' lang='lat' dir='ltr'>causa</span> <span class='ocrx_word' id='word_1_106' title='bbox 1657 887 1740 914; x_wconf 91' lang='lat' dir='ltr'>non</span> <span class='ocrx_word' id='word_1_107' title='bbox 1772 875 1958 915; x_wconf 73' lang='lat' dir='ltr'>solumio</span> 
     </span>
     <span class='ocr_line' id='line_1_12' title="bbox 162 930 1905 976; baseline 0.005 -8"><span class='ocrx_word' id='word_1_108' title='bbox 162 931 213 971; x_wconf 89' lang='lat' dir='ltr'>de</span> <span class='ocrx_word' id='word_1_109' title='bbox 256 932 298 970; x_wconf 88' lang='lat' dir='ltr'>L.</span> <span class='ocrx_word' id='word_1_110' title='bbox 330 932 550 976; x_wconf 88' lang='lat' dir='ltr'>Murenae,</span> <span class='ocrx_word' id='word_1_111' title='bbox 589 944 731 970; x_wconf 80' lang='lat' dir='ltr'>verum</span> <span class='ocrx_word' id='word_1_112' title='bbox 770 932 893 971; x_wconf 88' lang='lat' dir='ltr'>etiam</span> <span class='ocrx_word' id='word_1_113' title='bbox 933 930 982 970; x_wconf 89' lang='lat' dir='ltr'>de</span> <span class='ocrx_word' id='word_1_114' title='bbox 1022 936 1157 970; x_wconf 73' lang='lat' dir='ltr'>vestra</span> <span class='ocrx_word' id='word_1_115' title='bbox 1197 931 1330 971; x_wconf 90' lang='lat' dir='ltr'>salute</span> <span class='ocrx_word' id='word_1_116' title='bbox 1370 934 1618 975; x_wconf 84' lang='lat' dir='ltr'>sententiam</span> <span class='ocrx_word' id='word_1_117' title='bbox 1647 935 1803 976; x_wconf 84' lang='lat' dir='ltr'>feretis.</span> <span class='ocrx_word' id='word_1_118' title='bbox 1862 938 1905 976; x_wconf 86' lang='lat' dir='ltr'>ln</span> 
     </span>
     <span class='ocr_line' id='line_1_13' title="bbox 161 992 1909 1042; baseline 0.005 -11"><span class='ocrx_word' id='word_1_119' title='bbox 161 992 379 1032; x_wconf 85' lang='lat' dir='ltr'>discrimen</span> <span class='ocrx_word' id='word_1_120' title='bbox 418 998 646 1032; x_wconf 83' lang='lat' dir='ltr'>extremum</span> <span class='ocrx_word' id='word_1_121' title='bbox 688 993 898 1032; x_wconf 88' lang='lat' dir='ltr'>venimus:</span> <span class='ocrx_word' id='word_1_122' title='bbox 942 992 1045 1032; x_wconf 89' lang='lat' dir='ltr'>nihil</span> <span class='ocrx_word' id='word_1_123' title='bbox 1086 998 1148 1032; x_wconf 90' lang='lat' dir='ltr'>est</span> <span class='ocrx_word' id='word_1_124' title='bbox 1186 994 1287 1042; x_wconf 91' lang='lat' dir='ltr'>iam,</span> <span class='ocrx_word' id='word_1_125' title='bbox 1332 993 1441 1034; x_wconf 88' lang='lat' dir='ltr'>unde</span> <span class='ocrx_word' id='word_1_126' title='bbox 1474 1009 1547 1035; x_wconf 90' lang='lat' dir='ltr'>nos</span> <span class='ocrx_word' id='word_1_127' title='bbox 1578 998 1807 1038; x_wconf 87' lang='lat' dir='ltr'>reficiamus</span> <span class='ocrx_word' id='word_1_128' title='bbox 1838 1004 1909 1039; x_wconf 91' lang='lat' dir='ltr'>aut</span> 
     </span>
     <span class='ocr_line' id='line_1_14' title="bbox 160 1053 1908 1114; baseline 0.005 -22"><span class='ocrx_word' id='word_1_129' title='bbox 160 1054 231 1092; x_wconf 90' lang='lat' dir='ltr'>ubi</span> <span class='ocrx_word' id='word_1_130' title='bbox 261 1053 369 1107; x_wconf 88' lang='lat' dir='ltr'>lapsi</span> <span class='ocrx_word' id='word_1_131' title='bbox 400 1054 652 1094; x_wconf 87' lang='lat' dir='ltr'>resistamus.</span> <span class='ocrx_word' id='word_1_132' title='bbox 712 1056 801 1093; x_wconf 86' lang='lat' dir='ltr'>Non</span> <span class='ocrx_word' id='word_1_133' title='bbox 833 1055 967 1094; x_wconf 74' lang='lat' dir='ltr'>solum</span> <span class='ocrx_word' id='word_1_134' title='bbox 1000 1055 1222 1095; x_wconf 89' lang='lat' dir='ltr'>minuenda</span> <span class='ocrx_word' id='word_1_135' title='bbox 1252 1069 1335 1096; x_wconf 92' lang='lat' dir='ltr'>non</span> <span class='ocrx_word' id='word_1_136' title='bbox 1366 1063 1461 1097; x_wconf 92' lang='lat' dir='ltr'>sunt</span> <span class='ocrx_word' id='word_1_137' title='bbox 1491 1060 1668 1108; x_wconf 82' lang='lat' dir='ltr'>auxilia,</span> <span class='ocrx_word' id='word_1_138' title='bbox 1700 1074 1806 1114; x_wconf 87' lang='lat' dir='ltr'>quae</span> <span class='ocrx_word' id='word_1_139' title='bbox 1837 1061 1908 1101; x_wconf 86' lang='lat' dir='ltr'>ha-</span> 
     </span>
     <span class='ocr_line' id='line_1_15' title="bbox 160 1115 1906 1172; baseline 0.006 -19"><span class='ocrx_word' id='word_1_140' title='bbox 160 1115 326 1163; x_wconf 84' lang='lat' dir='ltr'>bemus,</span> <span class='ocrx_word' id='word_1_141' title='bbox 368 1115 440 1155; x_wconf 90' lang='lat' dir='ltr'>sed</span> <span class='ocrx_word' id='word_1_142' title='bbox 483 1115 604 1154; x_wconf 88' lang='lat' dir='ltr'>etiam</span> <span class='ocrx_word' id='word_1_143' title='bbox 644 1128 772 1163; x_wconf 75' lang='lat' dir='ltr'>nova,</span> <span class='ocrx_word' id='word_1_144' title='bbox 811 1117 843 1155; x_wconf 90' lang='lat' dir='ltr'>si</span> <span class='ocrx_word' id='word_1_145' title='bbox 874 1116 961 1155; x_wconf 84' lang='lat' dir='ltr'>fieri</span> <span class='ocrx_word' id='word_1_146' title='bbox 992 1119 1143 1168; x_wconf 87' lang='lat' dir='ltr'>possit,</span> <span class='ocrx_word' id='word_1_147' title='bbox 1186 1120 1475 1172; x_wconf 89' lang='lat' dir='ltr'>comparanda.</span> <span class='ocrx_word' id='word_1_148' title='bbox 1534 1121 1673 1162; x_wconf 89' lang='lat' dir='ltr'>Hostis</span> <span class='ocrx_word' id='word_1_149' title='bbox 1705 1129 1766 1163; x_wconf 89' lang='lat' dir='ltr'>est</span> <span class='ocrx_word' id='word_1_150' title='bbox 1797 1123 1906 1163; x_wconf 89' lang='lat' dir='ltr'>enim</span> 
     </span>
     <span class='ocr_line' id='line_1_16' title="bbox 161 1177 1957 1232; baseline 0.005 -16"><span class='ocrx_word' id='word_1_151' title='bbox 161 1190 243 1217; x_wconf 87' lang='lat' dir='ltr'>non</span> <span class='ocrx_word' id='word_1_152' title='bbox 276 1178 382 1231; x_wconf 87' lang='lat' dir='ltr'>apud</span> <span class='ocrx_word' id='word_1_153' title='bbox 414 1177 637 1224; x_wconf 82' lang='lat' dir='ltr'>Anienem,</span> <span class='ocrx_word' id='word_1_154' title='bbox 680 1177 790 1230; x_wconf 93' lang='lat' dir='ltr'>quod</span> <span class='ocrx_word' id='word_1_155' title='bbox 833 1177 942 1217; x_wconf 91' lang='lat' dir='ltr'>bello</span> <span class='ocrx_word' id='word_1_156' title='bbox 972 1177 1126 1218; x_wconf 88' lang='lat' dir='ltr'>Punico</span> <span class='ocrx_word' id='word_1_157' title='bbox 1157 1180 1443 1232; x_wconf 84' lang='lat' dir='ltr'>gravissimum</span> <span class='ocrx_word' id='word_1_158' title='bbox 1475 1183 1607 1223; x_wconf 86' lang='lat' dir='ltr'>visum</span> <span class='ocrx_word' id='word_1_159' title='bbox 1640 1190 1724 1232; x_wconf 89' lang='lat' dir='ltr'>est,</span> <span class='ocrx_word' id='word_1_160' title='bbox 1763 1184 1835 1224; x_wconf 89' lang='lat' dir='ltr'>sed</span> <span class='ocrx_word' id='word_1_161' title='bbox 1865 1185 1957 1225; x_wconf 62' lang='lat' dir='ltr'>inm</span> 
     </span>
     <span class='ocr_line' id='line_1_17' title="bbox 162 1238 1905 1298; baseline 0.006 -21"><span class='ocrx_word' id='word_1_162' title='bbox 162 1239 283 1286; x_wconf 87' lang='lat' dir='ltr'>urbe,</span> <span class='ocrx_word' id='word_1_163' title='bbox 315 1239 357 1278; x_wconf 91' lang='lat' dir='ltr'>in</span> <span class='ocrx_word' id='word_1_164' title='bbox 388 1238 501 1286; x_wconf 83' lang='lat' dir='ltr'>soro3</span> <span class='ocrx_word' id='word_1_165' title='bbox 533 1260 586 1266; x_wconf 94' lang='lat'>—</span> <span class='ocrx_word' id='word_1_166' title='bbox 607 1238 646 1277; x_wconf 90' lang='lat' dir='ltr'>di</span> <span class='ocrx_word' id='word_1_167' title='bbox 679 1239 952 1278; x_wconf 77' lang='lat' dir='ltr'>immortales!</span> <span class='ocrx_word' id='word_1_168' title='bbox 985 1239 1074 1278; x_wconf 91' lang='lat' dir='ltr'>sine</span> <span class='ocrx_word' id='word_1_169' title='bbox 1104 1242 1256 1293; x_wconf 85' lang='lat' dir='ltr'>gemitu</span> <span class='ocrx_word' id='word_1_170' title='bbox 1284 1242 1363 1282; x_wconf 90' lang='lat' dir='ltr'>hoc</span> <span class='ocrx_word' id='word_1_171' title='bbox 1385 1243 1463 1283; x_wconf 91' lang='lat' dir='ltr'>dici</span> <span class='ocrx_word' id='word_1_172' title='bbox 1485 1258 1569 1284; x_wconf 91' lang='lat' dir='ltr'>non</span> <span class='ocrx_word' id='word_1_173' title='bbox 1590 1251 1728 1298; x_wconf 92' lang='lat' dir='ltr'>potest</span> <span class='ocrx_word' id='word_1_174' title='bbox 1747 1268 1801 1276; x_wconf 92' lang='lat'><strong>—</strong></span> <span class='ocrx_word' id='word_1_175' title='bbox 1822 1260 1905 1287; x_wconf 90' lang='lat' dir='ltr'>non</span> 
     </span>
     <span class='ocr_line' id='line_1_18' title="bbox 159 1299 1906 1360; baseline 0.006 -20"><span class='ocrx_word' id='word_1_176' title='bbox 159 1314 280 1340; x_wconf 83' lang='lat' dir='ltr'>nemo</span> <span class='ocrx_word' id='word_1_177' title='bbox 323 1300 445 1340; x_wconf 89' lang='lat' dir='ltr'>etiam</span> <span class='ocrx_word' id='word_1_178' title='bbox 484 1300 526 1339; x_wconf 93' lang='lat' dir='ltr'>in</span> <span class='ocrx_word' id='word_1_179' title='bbox 565 1299 636 1339; x_wconf 91' lang='lat' dir='ltr'>illo</span> <span class='ocrx_word' id='word_1_180' title='bbox 669 1300 848 1339; x_wconf 86' lang='lat' dir='ltr'>sacrario</span> <span class='ocrx_word' id='word_1_181' title='bbox 882 1301 941 1339; x_wconf 84' lang='lat' dir='ltr'>rei</span> <span class='ocrx_word' id='word_1_182' title='bbox 972 1301 1183 1353; x_wconf 87' lang='lat' dir='ltr'>publicae,</span> <span class='ocrx_word' id='word_1_183' title='bbox 1222 1303 1264 1342; x_wconf 93' lang='lat' dir='ltr'>in</span> <span class='ocrx_word' id='word_1_184' title='bbox 1295 1304 1407 1357; x_wconf 91' lang='lat' dir='ltr'>ipsa,</span> <span class='ocrx_word' id='word_1_185' title='bbox 1446 1306 1641 1360; x_wconf 87' lang='lat' dir='ltr'>inquam,</span> <span class='ocrx_word' id='word_1_186' title='bbox 1682 1309 1794 1348; x_wconf 88' lang='lat' dir='ltr'>curia</span> <span class='ocrx_word' id='word_1_187' title='bbox 1823 1323 1906 1349; x_wconf 89' lang='lat' dir='ltr'>non</span> 
     </span>
     <span class='ocr_line' id='line_1_19' title="bbox 159 1361 1907 1417; baseline 0.006 -15"><span class='ocrx_word' id='word_1_188' title='bbox 159 1376 280 1402; x_wconf 91' lang='lat' dir='ltr'>nemo</span> <span class='ocrx_word' id='word_1_189' title='bbox 311 1362 444 1402; x_wconf 87' lang='lat' dir='ltr'>hostis</span> <span class='ocrx_word' id='word_1_190' title='bbox 475 1366 548 1401; x_wconf 80' lang='lat' dir='ltr'>est.</span> <span class='ocrx_word' id='word_1_191' title='bbox 608 1361 657 1400; x_wconf 94' lang='lat' dir='ltr'>Di</span> <span class='ocrx_word' id='word_1_192' title='bbox 689 1361 822 1401; x_wconf 83' lang='lat' dir='ltr'>faxint</span> <span class='ocrx_word' id='word_1_193' title='bbox 851 1366 895 1401; x_wconf 90' lang='lat' dir='ltr'>ut</span> <span class='ocrx_word' id='word_1_194' title='bbox 924 1375 1040 1403; x_wconf 90' lang='lat' dir='ltr'>meus</span> <span class='ocrx_word' id='word_1_195' title='bbox 1072 1364 1253 1417; x_wconf 88' lang='lat' dir='ltr'>collega,</span> <span class='ocrx_word' id='word_1_196' title='bbox 1285 1367 1348 1405; x_wconf 83' lang='lat' dir='ltr'>vir</span> <span class='ocrx_word' id='word_1_197' title='bbox 1375 1366 1646 1417; x_wconf 86' lang='lat' dir='ltr'>fortissimus,</span> <span class='ocrx_word' id='word_1_198' title='bbox 1688 1370 1766 1411; x_wconf 89' lang='lat' dir='ltr'>hoc</span> <span class='ocrx_word' id='word_1_199' title='bbox 1799 1371 1907 1412; x_wconf 88' lang='lat' dir='ltr'>Cati-</span> 
     </span>
     <span class='ocr_line' id='line_1_20' title="bbox 157 1423 1905 1486; baseline 0.005 -22"><span class='ocrx_word' id='word_1_200' title='bbox 157 1425 265 1464; x_wconf 86' lang='lat' dir='ltr'>linae</span> <span class='ocrx_word' id='word_1_201' title='bbox 287 1423 488 1464; x_wconf 87' lang='lat' dir='ltr'>nesarium</span> <span class='ocrx_word' id='word_1_202' title='bbox 510 1423 771 1463; x_wconf 86' lang='lat' dir='ltr'>latrocinium</span> <span class='ocrx_word' id='word_1_203' title='bbox 793 1428 972 1463; x_wconf 88' lang='lat' dir='ltr'>armatus</span> <span class='ocrx_word' id='word_1_204' title='bbox 995 1426 1221 1478; x_wconf 87' lang='lat' dir='ltr'>opprimat,</span> <span class='ocrx_word' id='word_1_205' title='bbox 1250 1440 1324 1481; x_wconf 86' lang='lat' dir='ltr'>ego</span> <span class='ocrx_word' id='word_1_206' title='bbox 1346 1432 1530 1481; x_wconf 87' lang='lat' dir='ltr'>togatus,</span> <span class='ocrx_word' id='word_1_207' title='bbox 1562 1431 1677 1471; x_wconf 89' lang='lat' dir='ltr'>vohis</span> <span class='ocrx_word' id='word_1_208' title='bbox 1699 1431 1905 1486; x_wconf 87' lang='lat' dir='ltr'>bonisque</span> 
     </span>
     <span class='ocr_line' id='line_1_21' title="bbox 158 1485 1954 1548; baseline 0.007 -24"><span class='ocrx_word' id='word_1_209' title='bbox 158 1486 348 1525; x_wconf 86' lang='lat' dir='ltr'>omnibus</span> <span class='ocrx_word' id='word_1_210' title='bbox 380 1485 662 1531; x_wconf 79' lang='lat' dir='ltr'>adiutoribus,</span> <span class='ocrx_word' id='word_1_211' title='bbox 702 1485 805 1532; x_wconf 86' lang='lat' dir='ltr'>hoc,</span> <span class='ocrx_word' id='word_1_212' title='bbox 846 1485 958 1538; x_wconf 89' lang='lat' dir='ltr'>quod</span> <span class='ocrx_word' id='word_1_213' title='bbox 989 1493 1235 1540; x_wconf 86' lang='lat' dir='ltr'>conceptum</span> <span class='ocrx_word' id='word_1_214' title='bbox 1265 1502 1329 1529; x_wconf 85' lang='lat' dir='ltr'>res</span> <span class='ocrx_word' id='word_1_215' title='bbox 1360 1490 1527 1543; x_wconf 88' lang='lat' dir='ltr'>publica</span> <span class='ocrx_word' id='word_1_216' title='bbox 1555 1492 1783 1546; x_wconf 90' lang='lat' dir='ltr'>periculum</span> <span class='ocrx_word' id='word_1_217' title='bbox 1813 1507 1905 1548; x_wconf 89' lang='lat' dir='ltr'>par·</span> <span class='ocrx_word' id='word_1_218' title='bbox 1919 1508 1954 1538; x_wconf 64' lang='grc' dir='ltr'>ρο</span> 
     </span>
     <span class='ocr_line' id='line_1_22' title="bbox 158 1547 1903 1604; baseline 0.005 -16"><span class='ocrx_word' id='word_1_219' title='bbox 158 1549 275 1596; x_wconf 92' lang='lat' dir='ltr'>turit,</span> <span class='ocrx_word' id='word_1_220' title='bbox 318 1547 490 1588; x_wconf 91' lang='lat' dir='ltr'>consilio</span> <span class='ocrx_word' id='word_1_221' title='bbox 532 1547 748 1587; x_wconf 87' lang='lat' dir='ltr'>discutiam</span> <span class='ocrx_word' id='word_1_222' title='bbox 781 1552 820 1587; x_wconf 89' lang='lat' dir='ltr'>et</span> <span class='ocrx_word' id='word_1_223' title='bbox 851 1548 1144 1601; x_wconf 84' lang='lat' dir='ltr'>comprimam!</span> <span class='ocrx_word' id='word_1_224' title='bbox 1204 1548 1269 1589; x_wconf 72' lang='lat'>85.</span> <span class='ocrx_word' id='word_1_225' title='bbox 1302 1550 1383 1591; x_wconf 92' lang='lat' dir='ltr'>Sed</span> <span class='ocrx_word' id='word_1_226' title='bbox 1415 1552 1514 1604; x_wconf 92' lang='lat' dir='ltr'>quid</span> <span class='ocrx_word' id='word_1_227' title='bbox 1550 1554 1718 1594; x_wconf 87' lang='lat' dir='ltr'>tandem</span> <span class='ocrx_word' id='word_1_228' title='bbox 1749 1555 1839 1604; x_wconf 88' lang='lat' dir='ltr'>fiet,</span> <span class='ocrx_word' id='word_1_229' title='bbox 1870 1558 1903 1597; x_wconf 85' lang='lat' dir='ltr'>si</span> 
     </span>
     <span class='ocr_line' id='line_1_23' title="bbox 156 1609 1905 1669; baseline 0.006 -20"><span class='ocrx_word' id='word_1_230' title='bbox 156 1610 257 1649; x_wconf 86' lang='lat' dir='ltr'>haec</span> <span class='ocrx_word' id='word_1_231' title='bbox 289 1609 429 1662; x_wconf 83' lang='lat' dir='ltr'>elapsa</span> <span class='ocrx_word' id='word_1_232' title='bbox 459 1609 510 1649; x_wconf 90' lang='lat' dir='ltr'>de</span> <span class='ocrx_word' id='word_1_233' title='bbox 541 1609 732 1649; x_wconf 88' lang='lat' dir='ltr'>manibus</span> <span class='ocrx_word' id='word_1_234' title='bbox 763 1610 912 1649; x_wconf 88' lang='lat' dir='ltr'>nostris</span> <span class='ocrx_word' id='word_1_235' title='bbox 943 1610 983 1648; x_wconf 93' lang='lat' dir='ltr'>in</span> <span class='ocrx_word' id='word_1_236' title='bbox 1017 1623 1108 1650; x_wconf 87' lang='lat' dir='ltr'>eum</span> <span class='ocrx_word' id='word_1_237' title='bbox 1134 1624 1309 1660; x_wconf 88' lang='lat' dir='ltr'>annum,</span> <span class='ocrx_word' id='word_1_238' title='bbox 1341 1614 1411 1666; x_wconf 92' lang='lat' dir='ltr'>qui</span> <span class='ocrx_word' id='word_1_239' title='bbox 1433 1616 1722 1669; x_wconf 88' lang='lat' dir='ltr'>consequitur,</span> <span class='ocrx_word' id='word_1_240' title='bbox 1753 1618 1905 1659; x_wconf 90' lang='lat' dir='ltr'>redun-</span> 
     </span>
     <span class='ocr_line' id='line_1_24' title="bbox 156 1671 1904 1724; baseline 0.006 -14"><span class='ocrx_word' id='word_1_241' title='bbox 156 1672 320 1712; x_wconf 75' lang='lat' dir='ltr'>darint?</span> <span class='ocrx_word' id='word_1_242' title='bbox 365 1672 477 1712; x_wconf 88' lang='lat' dir='ltr'>Unus</span> <span class='ocrx_word' id='word_1_243' title='bbox 510 1673 586 1712; x_wconf 90' lang='lat' dir='ltr'>erit</span> <span class='ocrx_word' id='word_1_244' title='bbox 615 1671 759 1711; x_wconf 91' lang='lat' dir='ltr'>consul</span> <span class='ocrx_word' id='word_1_245' title='bbox 792 1677 832 1711; x_wconf 88' lang='lat' dir='ltr'>ct</span> <span class='ocrx_word' id='word_1_246' title='bbox 862 1672 896 1711; x_wconf 93' lang='lat' dir='ltr'>is</span> <span class='ocrx_word' id='word_1_247' title='bbox 927 1685 1010 1711; x_wconf 89' lang='lat' dir='ltr'>non</span> <span class='ocrx_word' id='word_1_248' title='bbox 1043 1672 1085 1711; x_wconf 92' lang='lat' dir='ltr'>in</span> <span class='ocrx_word' id='word_1_249' title='bbox 1116 1673 1442 1716; x_wconf 89' lang='lat' dir='ltr'>administrando</span> <span class='ocrx_word' id='word_1_250' title='bbox 1472 1676 1608 1724; x_wconf 89' lang='lat' dir='ltr'>bello,</span> <span class='ocrx_word' id='word_1_251' title='bbox 1645 1679 1717 1718; x_wconf 88' lang='lat' dir='ltr'>sed</span> <span class='ocrx_word' id='word_1_252' title='bbox 1747 1680 1788 1719; x_wconf 90' lang='lat' dir='ltr'>in</span> <span class='ocrx_word' id='word_1_253' title='bbox 1820 1681 1904 1721; x_wconf 90' lang='lat' dir='ltr'>suf-</span> 
     </span>
     <span class='ocr_line' id='line_1_25' title="bbox 156 1732 1904 1795; baseline 0.006 -22"><span class='ocrx_word' id='word_1_254' title='bbox 156 1732 331 1773; x_wconf 82' lang='lat' dir='ltr'>ficiendo</span> <span class='ocrx_word' id='word_1_255' title='bbox 363 1733 519 1786; x_wconf 87' lang='lat' dir='ltr'>collega</span> <span class='ocrx_word' id='word_1_256' title='bbox 540 1738 780 1786; x_wconf 89' lang='lat' dir='ltr'>occupatus.</span> <span class='ocrx_word' id='word_1_257' title='bbox 818 1733 940 1772; x_wconf 89' lang='lat' dir='ltr'>Hunc</span> <span class='ocrx_word' id='word_1_258' title='bbox 970 1733 1052 1772; x_wconf 89' lang='lat' dir='ltr'>iam</span> <span class='ocrx_word' id='word_1_259' title='bbox 1074 1735 1145 1787; x_wconf 93' lang='lat' dir='ltr'>qui</span> <span class='ocrx_word' id='word_1_260' title='bbox 1177 1736 1412 1789; x_wconf 84' lang='lat' dir='ltr'>impedituri</span> <span class='ocrx_word' id='word_1_261' title='bbox 1434 1738 1516 1778; x_wconf 85' lang='lat' dir='ltr'>sint</span> <span class='ocrx_word' id='word_1_262' title='bbox 1539 1744 1553 1750; x_wconf 63' lang='lat'>⁴</span> <span class='ocrx_word' id='word_1_263' title='bbox 1579 1739 1600 1760; x_wconf 57' lang='lat'>²*</span> <span class='ocrx_word' id='word_1_264' title='bbox 1622 1745 1645 1751; x_wconf 57' lang='grc'><strong><em>”</em></strong></span> <span class='ocrx_word' id='word_1_265' title='bbox 1670 1738 1755 1794; x_wconf 90' lang='lat' dir='ltr'>[illa</span> <span class='ocrx_word' id='word_1_266' title='bbox 1774 1744 1904 1795; x_wconf 89' lang='lat' dir='ltr'>pestis</span> 
     </span>
     <span class='ocr_line' id='line_1_26' title="bbox 155 1792 1954 1853; baseline 0.003 -18"><span class='ocrx_word' id='word_1_267' title='bbox 155 1792 379 1847; x_wconf 89' lang='lat' dir='ltr'>immanis‚]</span> <span class='ocrx_word' id='word_1_268' title='bbox 413 1808 552 1835; x_wconf 81' lang='lat' dir='ltr'>manus</span> <span class='ocrx_word' id='word_1_269' title='bbox 588 1795 817 1848; x_wconf 91' lang='lat' dir='ltr'>importuna</span> <span class='ocrx_word' id='word_1_270' title='bbox 852 1795 1053 1834; x_wconf 83' lang='lat' dir='ltr'>Catilinae</span> <span class='ocrx_word' id='word_1_271' title='bbox 1094 1804 1357 1851; x_wconf 89' lang='lat' dir='ltr'>prorumpet,</span> <span class='ocrx_word' id='word_1_272' title='bbox 1400 1813 1482 1853; x_wconf 90' lang='lat' dir='ltr'>qua</span> <span class='ocrx_word' id='word_1_273' title='bbox 1520 1801 1672 1853; x_wconf 88' lang='lat' dir='ltr'>poterit</span> <span class='ocrx_word' id='word_1_274' title='bbox 1713 1803 1736 1823; x_wconf 36' lang='grc' dir='ltr'>ᾗ</span> <span class='ocrx_word' id='word_1_275' title='bbox 1758 1803 1823 1824; x_wconf 93' lang='lat'>⁴</span> <span class='ocrx_word' id='word_1_276' title='bbox 1860 1806 1902 1845; x_wconf 90' lang='lat' dir='ltr'>in</span> <span class='ocrx_word' id='word_1_277' title='bbox 1917 1818 1954 1848; x_wconf 71' lang='lat'>‘25</span> 
     </span>
     <span class='ocr_line' id='line_1_27' title="bbox 155 1856 1901 1912; baseline 0.006 -15"><span class='ocrx_word' id='word_1_278' title='bbox 155 1870 274 1910; x_wconf 85' lang='lat' dir='ltr'>agros</span> <span class='ocrx_word' id='word_1_279' title='bbox 305 1857 563 1897; x_wconf 87' lang='lat' dir='ltr'>suburbanos</span> <span class='ocrx_word' id='word_1_280' title='bbox 593 1862 764 1909; x_wconf 87' lang='lat' dir='ltr'>repente</span> <span class='ocrx_word' id='word_1_281' title='bbox 796 1856 1025 1896; x_wconf 73' lang='lat' dir='ltr'>advolabit:</span> <span class='ocrx_word' id='word_1_282' title='bbox 1057 1858 1289 1899; x_wconf 88' lang='lat' dir='ltr'>versabitur</span> <span class='ocrx_word' id='word_1_283' title='bbox 1318 1861 1360 1900; x_wconf 94' lang='lat' dir='ltr'>in</span> <span class='ocrx_word' id='word_1_284' title='bbox 1391 1862 1535 1902; x_wconf 88' lang='lat' dir='ltr'>castris</span> <span class='ocrx_word' id='word_1_285' title='bbox 1557 1863 1694 1912; x_wconf 88' lang='lat' dir='ltr'>furor,</span> <span class='ocrx_word' id='word_1_286' title='bbox 1726 1865 1769 1905; x_wconf 89' lang='lat' dir='ltr'>in</span> <span class='ocrx_word' id='word_1_287' title='bbox 1791 1868 1901 1907; x_wconf 92' lang='lat' dir='ltr'>curia</span> 
     </span>
     <span class='ocr_line' id='line_1_28' title="bbox 157 1919 1901 1976; baseline 0.006 -17"><span class='ocrx_word' id='word_1_288' title='bbox 157 1920 299 1967; x_wconf 85' lang='lat' dir='ltr'>timor,</span> <span class='ocrx_word' id='word_1_289' title='bbox 338 1920 380 1959; x_wconf 92' lang='lat' dir='ltr'>in</span> <span class='ocrx_word' id='word_1_290' title='bbox 409 1919 499 1959; x_wconf 85' lang='lat' dir='ltr'>foro</span> <span class='ocrx_word' id='word_1_291' title='bbox 531 1919 784 1967; x_wconf 85' lang='lat' dir='ltr'>coniuratio,</span> <span class='ocrx_word' id='word_1_292' title='bbox 822 1920 863 1958; x_wconf 96' lang='lat' dir='ltr'>in</span> <span class='ocrx_word' id='word_1_293' title='bbox 896 1932 1040 1972; x_wconf 88' lang='lat' dir='ltr'>campo</span> <span class='ocrx_word' id='word_1_294' title='bbox 1073 1919 1302 1968; x_wconf 84' lang='lat' dir='ltr'>exercitus,</span> <span class='ocrx_word' id='word_1_295' title='bbox 1342 1921 1384 1961; x_wconf 89' lang='lat' dir='ltr'>in</span> <span class='ocrx_word' id='word_1_296' title='bbox 1415 1924 1522 1976; x_wconf 83' lang='lat' dir='ltr'>agris</span> <span class='ocrx_word' id='word_1_297' title='bbox 1554 1925 1747 1967; x_wconf 88' lang='lat' dir='ltr'>vastitas:</span> <span class='ocrx_word' id='word_1_298' title='bbox 1790 1930 1901 1969; x_wconf 92' lang='lat' dir='ltr'>omni</span> 
     </span>
    </p>
   </div>
   <div class='ocr_carea' id='block_1_3' title="bbox 239 2038 1900 2056">
    <p class='ocr_par' dir='ltr' id='par_1_3' title="bbox 239 2038 1900 2056">
     <span class='ocr_line' id='line_1_29' title="bbox 239 2038 1900 2056; baseline 0 1657"><span class='ocrx_word' id='word_1_299' title='bbox 239 2038 1900 2056; x_wconf 95' lang='lat' dir='ltr'> </span> 
     </span>
    </p>
   </div>
   <div class='ocr_carea' id='block_1_4' title="bbox 142 2116 1901 3347">
    <p class='ocr_par' dir='ltr' id='par_1_4' title="bbox 142 2116 1901 3347">
     <span class='ocr_line' id='line_1_30' title="bbox 238 2116 1898 2165; baseline 0.007 -17"><span class='ocrx_word' id='word_1_300' title='bbox 238 2117 268 2148; x_wconf 71' lang='lat'>⁴.</span> <span class='ocrx_word' id='word_1_301' title='bbox 288 2119 431 2157; x_wconf 82' lang='lat' dir='ltr'>poteslas</span> <span class='ocrx_word' id='word_1_302' title='bbox 454 2125 522 2149; x_wconf 88' lang='lat' dir='ltr'>om.</span> <span class='ocrx_word' id='word_1_303' title='bbox 543 2119 579 2148; x_wconf 90' lang='lat' dir='ltr'>G.</span> <span class='ocrx_word' id='word_1_304' title='bbox 608 2133 644 2140; x_wconf 91' lang='lat'><em>-</em></span> <span class='ocrx_word' id='word_1_305' title='bbox 670 2118 701 2148; x_wconf 84' lang='lat'>2.</span> <span class='ocrx_word' id='word_1_306' title='bbox 726 2126 784 2148; x_wconf 77' lang='lat' dir='ltr'>vos</span> <span class='ocrx_word' id='word_1_307' title='bbox 804 2116 995 2158; x_wconf 64' lang='lat' dir='ltr'>¹‹juber-nalis</span> <span class='ocrx_word' id='word_1_308' title='bbox 1015 2126 1084 2149; x_wconf 87' lang='lat' dir='ltr'>om.</span> <span class='ocrx_word' id='word_1_309' title='bbox 1105 2118 1140 2149; x_wconf 80' lang='lat' dir='ltr'>E.</span> <span class='ocrx_word' id='word_1_310' title='bbox 1162 2133 1197 2140; x_wconf 89' lang='lat'>—</span> <span class='ocrx_word' id='word_1_311' title='bbox 1225 2118 1255 2149; x_wconf 84' lang='lat'>3.</span> <span class='ocrx_word' id='word_1_312' title='bbox 1282 2119 1317 2150; x_wconf 83' lang='lat' dir='ltr'>Si</span> <span class='ocrx_word' id='word_1_313' title='bbox 1339 2120 1375 2151; x_wconf 91' lang='lat' dir='ltr'>L.</span> <span class='ocrx_word' id='word_1_314' title='bbox 1393 2137 1440 2143; x_wconf 89' lang='lat'>—-</span> <span class='ocrx_word' id='word_1_315' title='bbox 1456 2121 1631 2154; x_wconf 84' lang='lat' dir='ltr'>Murenam</span> <span class='ocrx_word' id='word_1_316' title='bbox 1646 2125 1745 2157; x_wconf 83' lang='lat' dir='ltr'>affert</span> <span class='ocrx_word' id='word_1_317' title='bbox 1763 2127 1898 2165; x_wconf 87' lang='lat' dir='ltr'>Quintil.</span> 
     </span>
     <span class='ocr_line' id='line_1_31' title="bbox 153 2165 1901 2210; baseline 0.007 -13"><span class='ocrx_word' id='word_1_318' title='bbox 153 2165 191 2198; x_wconf 90' lang='lat' dir='ltr'>V.</span> <span class='ocrx_word' id='word_1_319' title='bbox 218 2167 275 2205; x_wconf 75' lang='lat'>40,</span> <span class='ocrx_word' id='word_1_320' title='bbox 300 2166 372 2204; x_wconf 71' lang='lat'><strong>99..</strong></span> <span class='ocrx_word' id='word_1_321' title='bbox 410 2166 507 2198; x_wconf 87' lang='lat' dir='ltr'>cuius</span> <span class='ocrx_word' id='word_1_322' title='bbox 532 2165 633 2198; x_wconf 88' lang='lat' dir='ltr'>codd.</span> <span class='ocrx_word' id='word_1_323' title='bbox 660 2165 817 2207; x_wconf 87' lang='lat' dir='ltr'>plerique</span> <span class='ocrx_word' id='word_1_324' title='bbox 841 2168 976 2199; x_wconf 80' lang='lat' dir='ltr'>concilio</span> <span class='ocrx_word' id='word_1_325' title='bbox 1000 2167 1130 2199; x_wconf 81' lang='lat' dir='ltr'>habent</span> <span class='ocrx_word' id='word_1_326' title='bbox 1154 2169 1189 2199; x_wconf 83' lang='lat' dir='ltr'>et</span> <span class='ocrx_word' id='word_1_327' title='bbox 1211 2169 1247 2199; x_wconf 92' lang='lat' dir='ltr'>L.</span> <span class='ocrx_word' id='word_1_328' title='bbox 1274 2169 1453 2209; x_wconf 79' lang='lat' dir='ltr'>omittunt,</span> <span class='ocrx_word' id='word_1_329' title='bbox 1487 2172 1551 2203; x_wconf 90' lang='lat' dir='ltr'>sed</span> <span class='ocrx_word' id='word_1_330' title='bbox 1576 2175 1627 2205; x_wconf 83' lang='lat' dir='ltr'>est</span> <span class='ocrx_word' id='word_1_331' title='bbox 1650 2175 1686 2206; x_wconf 92' lang='lat' dir='ltr'>L.</span> <span class='ocrx_word' id='word_1_332' title='bbox 1713 2178 1747 2208; x_wconf 87' lang='lat' dir='ltr'>et</span> <span class='ocrx_word' id='word_1_333' title='bbox 1769 2179 1901 2210; x_wconf 77' lang='lat' dir='ltr'>consilio</span> 
     </span>
     <span class='ocr_line' id='line_1_32' title="bbox 153 2215 1901 2260; baseline 0.009 -14"><span class='ocrx_word' id='word_1_334' title='bbox 153 2215 184 2246; x_wconf 86' lang='lat' dir='ltr'>in</span> <span class='ocrx_word' id='word_1_335' title='bbox 209 2215 328 2247; x_wconf 85' lang='lat' dir='ltr'><strong>Ambr.</strong></span> <span class='ocrx_word' id='word_1_336' title='bbox 349 2217 379 2247; x_wconf 73' lang='lat'>4.</span> <span class='ocrx_word' id='word_1_337' title='bbox 413 2217 461 2247; x_wconf 89' lang='lat' dir='ltr'>Ne</span> <span class='ocrx_word' id='word_1_338' title='bbox 486 2216 562 2256; x_wconf 85' lang='lat' dir='ltr'>quis</span> <span class='ocrx_word' id='word_1_339' title='bbox 586 2217 758 2247; x_wconf 78' lang='lat' dir='ltr'>concilium</span> <span class='ocrx_word' id='word_1_340' title='bbox 782 2216 894 2254; x_wconf 84' lang='lat' dir='ltr'>malit,</span> <span class='ocrx_word' id='word_1_341' title='bbox 922 2217 1046 2248; x_wconf 83' lang='lat' dir='ltr'>dicitur</span> <span class='ocrx_word' id='word_1_342' title='bbox 1068 2217 1102 2248; x_wconf 94' lang='lat' dir='ltr'>h.</span> <span class='ocrx_word' id='word_1_343' title='bbox 1122 2216 1142 2248; x_wconf 92' lang='lat' dir='ltr'>l.</span> <span class='ocrx_word' id='word_1_344' title='bbox 1161 2218 1330 2250; x_wconf 76' lang='lat' dir='ltr'>consilium</span> <span class='ocrx_word' id='word_1_345' title='bbox 1354 2221 1451 2259; x_wconf 84' lang='lat' dir='ltr'>quasi</span> <span class='ocrx_word' id='word_1_346' title='bbox 1475 2221 1639 2255; x_wconf 86' lang='lat' dir='ltr'>iudicum.</span> <span class='ocrx_word' id='word_1_347' title='bbox 1662 2243 1696 2247; x_wconf 90' lang='lat'><em>-</em></span> <span class='ocrx_word' id='word_1_348' title='bbox 1722 2226 1754 2258; x_wconf 84' lang='lat'>4.</span> <span class='ocrx_word' id='word_1_349' title='bbox 1781 2228 1818 2259; x_wconf 86' lang='lat' dir='ltr'>de</span> <span class='ocrx_word' id='word_1_350' title='bbox 1840 2229 1901 2260; x_wconf 78' lang='lat' dir='ltr'>hac</span> 
     </span>
     <span class='ocr_line' id='line_1_33' title="bbox 150 2266 1895 2309; baseline 0.009 -14"><span class='ocrx_word' id='word_1_351' title='bbox 150 2266 246 2296; x_wconf 85' lang='lat' dir='ltr'>reG:</span> <span class='ocrx_word' id='word_1_352' title='bbox 271 2266 332 2296; x_wconf 85' lang='lat' dir='ltr'>hac</span> <span class='ocrx_word' id='word_1_353' title='bbox 354 2266 392 2297; x_wconf 82' lang='lat' dir='ltr'>de</span> <span class='ocrx_word' id='word_1_354' title='bbox 413 2274 450 2296; x_wconf 75' lang='lat' dir='ltr'>re</span> <span class='ocrx_word' id='word_1_355' title='bbox 472 2266 542 2297; x_wconf 85' lang='lat' dir='ltr'>EM</span> <span class='ocrx_word' id='word_1_356' title='bbox 555 2266 669 2304; x_wconf 82' lang='lat' dir='ltr'><strong>vLO;</strong></span> <span class='ocrx_word' id='word_1_357' title='bbox 695 2266 756 2297; x_wconf 81' lang='lat' dir='ltr'>hac</span> <span class='ocrx_word' id='word_1_358' title='bbox 779 2267 817 2298; x_wconf 88' lang='lat' dir='ltr'>‹le</span> <span class='ocrx_word' id='word_1_359' title='bbox 839 2276 906 2307; x_wconf 79' lang='lat' dir='ltr'><strong>rep.</strong></span> <span class='ocrx_word' id='word_1_360' title='bbox 926 2268 965 2298; x_wconf 90' lang='lat' dir='ltr'>H.</span> <span class='ocrx_word' id='word_1_361' title='bbox 998 2285 1031 2289; x_wconf 90' lang='lat'>——</span> <span class='ocrx_word' id='word_1_362' title='bbox 1059 2267 1089 2298; x_wconf 88' lang='lat'>6.</span> <span class='ocrx_word' id='word_1_363' title='bbox 1114 2276 1274 2299; x_wconf 84' lang='lat' dir='ltr'>summum</span> <span class='ocrx_word' id='word_1_364' title='bbox 1292 2269 1333 2299; x_wconf 88' lang='lat' dir='ltr'>G:</span> <span class='ocrx_word' id='word_1_365' title='bbox 1358 2277 1453 2300; x_wconf 84' lang='lat' dir='ltr'>suum</span> <span class='ocrx_word' id='word_1_366' title='bbox 1476 2271 1577 2303; x_wconf 91' lang='lat' dir='ltr'>codd.</span> <span class='ocrx_word' id='word_1_367' title='bbox 1596 2272 1669 2305; x_wconf 88' lang='lat' dir='ltr'>rell.</span> <span class='ocrx_word' id='word_1_368' title='bbox 1696 2276 1730 2306; x_wconf 86' lang='lat' dir='ltr'>et</span> <span class='ocrx_word' id='word_1_369' title='bbox 1754 2276 1834 2309; x_wconf 87' lang='lat' dir='ltr'>edd.</span> <span class='ocrx_word' id='word_1_370' title='bbox 1862 2295 1895 2300; x_wconf 91' lang='lat'><em>-</em></span> 
     </span>
     <span class='ocr_line' id='line_1_34' title="bbox 149 2314 1896 2367; baseline 0.007 -22"><span class='ocrx_word' id='word_1_371' title='bbox 149 2314 287 2354; x_wconf 77' lang='lat' dir='ltr'>fatuitas</span> <span class='ocrx_word' id='word_1_372' title='bbox 303 2316 339 2346; x_wconf 95' lang='lat' dir='ltr'>G.</span> <span class='ocrx_word' id='word_1_373' title='bbox 356 2332 391 2336; x_wconf 88' lang='lat'>—-</span> <span class='ocrx_word' id='word_1_374' title='bbox 417 2315 447 2346; x_wconf 74' lang='lat'>7.</span> <span class='ocrx_word' id='word_1_375' title='bbox 467 2315 596 2347; x_wconf 76' lang='lat' dir='ltr'>tribuno</span> <span class='ocrx_word' id='word_1_376' title='bbox 612 2316 652 2347; x_wconf 93' lang='lat' dir='ltr'><strong>H.</strong></span> <span class='ocrx_word' id='word_1_377' title='bbox 672 2333 705 2337; x_wconf 91' lang='lat'>—-</span> <span class='ocrx_word' id='word_1_378' title='bbox 732 2316 763 2347; x_wconf 90' lang='grc'>8.</span> <span class='ocrx_word' id='word_1_379' title='bbox 789 2317 913 2349; x_wconf 79' lang='lat' dir='ltr'>idemne</span> <span class='ocrx_word' id='word_1_380' title='bbox 929 2318 960 2348; x_wconf 83' lang='lat' dir='ltr'>M</span> <span class='ocrx_word' id='word_1_381' title='bbox 974 2326 1013 2347; x_wconf 78' lang='lat' dir='ltr'>v:</span> <span class='ocrx_word' id='word_1_382' title='bbox 1038 2317 1175 2349; x_wconf 77' lang='lat' dir='ltr'>iidemne</span> <span class='ocrx_word' id='word_1_383' title='bbox 1191 2318 1227 2355; x_wconf 80' lang='grc' dir='ltr'>Ε,</span> <span class='ocrx_word' id='word_1_384' title='bbox 1254 2318 1273 2349; x_wconf 84' lang='grc'>5</span> <span class='ocrx_word' id='word_1_385' title='bbox 1290 2318 1372 2350; x_wconf 78' lang='lat' dir='ltr'><strong>Oxx.</strong></span> <span class='ocrx_word' id='word_1_386' title='bbox 1398 2320 1604 2359; x_wconf 84' lang='lat' dir='ltr'>(concitanda</span> <span class='ocrx_word' id='word_1_387' title='bbox 1627 2324 1779 2357; x_wconf 79' lang='lat' dir='ltr'>eademne</span> <span class='ocrx_word' id='word_1_388' title='bbox 1795 2328 1844 2367; x_wconf 92' lang='lat' dir='ltr'><strong>G.)</strong></span> <span class='ocrx_word' id='word_1_389' title='bbox 1862 2345 1896 2350; x_wconf 94' lang='lat'>—-</span> 
     </span>
     <span class='ocr_line' id='line_1_35' title="bbox 151 2364 1895 2410; baseline 0.008 -16"><span class='ocrx_word' id='word_1_390' title='bbox 151 2372 193 2394; x_wconf 64' lang='lat' dir='ltr'>ex</span> <span class='ocrx_word' id='word_1_391' title='bbox 227 2364 433 2403; x_wconf 72' lang='lat' dir='ltr'>amplissimis</span> <span class='ocrx_word' id='word_1_392' title='bbox 467 2365 556 2401; x_wconf 80' lang='lat' dir='ltr'>mei,</span> <span class='ocrx_word' id='word_1_393' title='bbox 594 2366 695 2405; x_wconf 76' lang='lat' dir='ltr'><strong>Lagg.</strong></span> <span class='ocrx_word' id='word_1_394' title='bbox 729 2374 873 2398; x_wconf 87' lang='lat' dir='ltr'>omnes:</span> <span class='ocrx_word' id='word_1_395' title='bbox 911 2366 1054 2406; x_wconf 78' lang='lat' dir='ltr'>ampliss.</span> <span class='ocrx_word' id='word_1_396' title='bbox 1088 2376 1130 2398; x_wconf 64' lang='lat' dir='ltr'>eas</span> <span class='ocrx_word' id='word_1_397' title='bbox 1154 2367 1179 2397; x_wconf 94' lang='grc' dir='ltr'>Ο</span> <span class='ocrx_word' id='word_1_398' title='bbox 1205 2368 1257 2407; x_wconf 64' lang='lat' dir='ltr'>(ex</span> <span class='ocrx_word' id='word_1_399' title='bbox 1280 2368 1350 2399; x_wconf 81' lang='lat' dir='ltr'>ord.</span> <span class='ocrx_word' id='word_1_400' title='bbox 1377 2370 1477 2409; x_wconf 82' lang='lat' dir='ltr'><strong>ampl.</strong></span> <span class='ocrx_word' id='word_1_401' title='bbox 1503 2370 1552 2410; x_wconf 91' lang='lat' dir='ltr'><strong>L).</strong></span> <span class='ocrx_word' id='word_1_402' title='bbox 1581 2389 1615 2394; x_wconf 96' lang='lat'><strong>—</strong></span> <span class='ocrx_word' id='word_1_403' title='bbox 1648 2375 1772 2406; x_wconf 78' lang='lat' dir='ltr'>ordinis</span> <span class='ocrx_word' id='word_1_404' title='bbox 1795 2378 1832 2408; x_wconf 90' lang='lat' dir='ltr'><strong>G.</strong></span> <span class='ocrx_word' id='word_1_405' title='bbox 1862 2395 1895 2399; x_wconf 88' lang='lat'>——</span> 
     </span>
     <span class='ocr_line' id='line_1_36' title="bbox 151 2412 1894 2457; baseline 0.009 -15"><span class='ocrx_word' id='word_1_406' title='bbox 151 2412 203 2443; x_wconf 72' lang='lat'><strong>110.</strong></span> <span class='ocrx_word' id='word_1_407' title='bbox 227 2412 388 2444; x_wconf 77' lang='lat' dir='ltr'>iudicaret</span> <span class='ocrx_word' id='word_1_408' title='bbox 411 2413 460 2444; x_wconf 88' lang='lat' dir='ltr'>M:</span> <span class='ocrx_word' id='word_1_409' title='bbox 486 2413 643 2444; x_wconf 73' lang='lat' dir='ltr'>iudicarit</span> <span class='ocrx_word' id='word_1_410' title='bbox 665 2414 729 2445; x_wconf 86' lang='lat' dir='ltr'><strong>EG</strong></span> <span class='ocrx_word' id='word_1_411' title='bbox 744 2423 782 2453; x_wconf 65' lang='lat' dir='ltr'>V,</span> <span class='ocrx_word' id='word_1_412' title='bbox 809 2415 828 2446; x_wconf 87' lang='grc'>6</span> <span class='ocrx_word' id='word_1_413' title='bbox 852 2416 949 2455; x_wconf 72' lang='lat' dir='ltr'><strong>Oxx.‚</strong></span> <span class='ocrx_word' id='word_1_414' title='bbox 974 2417 1076 2456; x_wconf 76' lang='lat' dir='ltr'><strong>Lagg.</strong></span> <span class='ocrx_word' id='word_1_415' title='bbox 1097 2434 1130 2438; x_wconf 85' lang='lat'>—-</span> <span class='ocrx_word' id='word_1_416' title='bbox 1154 2417 1204 2448; x_wconf 70' lang='grc' dir='ltr'>Ἠ.</span> <span class='ocrx_word' id='word_1_417' title='bbox 1231 2418 1268 2448; x_wconf 83' lang='lat' dir='ltr'>de</span> <span class='ocrx_word' id='word_1_418' title='bbox 1289 2421 1403 2449; x_wconf 78' lang='lat' dir='ltr'>nostra</span> <span class='ocrx_word' id='word_1_419' title='bbox 1426 2428 1457 2451; x_wconf 87' lang='lat' dir='ltr'>v.</span> <span class='ocrx_word' id='word_1_420' title='bbox 1485 2436 1522 2443; x_wconf 89' lang='lat'>—</span> <span class='ocrx_word' id='word_1_421' title='bbox 1550 2421 1601 2452; x_wconf 73' lang='lat'>⁴2.</span> <span class='ocrx_word' id='word_1_422' title='bbox 1626 2424 1789 2456; x_wconf 82' lang='lat' dir='ltr'>veniemus</span> <span class='ocrx_word' id='word_1_423' title='bbox 1811 2435 1843 2457; x_wconf 82' lang='lat' dir='ltr'>v,</span> <span class='ocrx_word' id='word_1_424' title='bbox 1861 2444 1894 2448; x_wconf 90' lang='lat'><strong>—</strong></span> 
     </span>
     <span class='ocr_line' id='line_1_37' title="bbox 149 2461 1899 2509; baseline 0.011 -18"><span class='ocrx_word' id='word_1_425' title='bbox 149 2470 207 2492; x_wconf 82' lang='lat' dir='ltr'>nos</span> <span class='ocrx_word' id='word_1_426' title='bbox 230 2469 299 2492; x_wconf 93' lang='lat' dir='ltr'>om.</span> <span class='ocrx_word' id='word_1_427' title='bbox 327 2462 364 2492; x_wconf 93' lang='lat' dir='ltr'><strong>G.</strong></span> <span class='ocrx_word' id='word_1_428' title='bbox 393 2478 426 2482; x_wconf 80' lang='lat'>—</span> <span class='ocrx_word' id='word_1_429' title='bbox 454 2461 505 2493; x_wconf 63' lang='lat'><strong>113.</strong></span> <span class='ocrx_word' id='word_1_430' title='bbox 532 2463 645 2502; x_wconf 84' lang='lat' dir='ltr'>solum]</span> <span class='ocrx_word' id='word_1_431' title='bbox 670 2463 773 2495; x_wconf 83' lang='lat' dir='ltr'>solum</span> <span class='ocrx_word' id='word_1_432' title='bbox 795 2465 880 2496; x_wconf 84' lang='lat' dir='ltr'>enim</span> <span class='ocrx_word' id='word_1_433' title='bbox 903 2474 935 2496; x_wconf 73' lang='lat' dir='ltr'>V.</span> <span class='ocrx_word' id='word_1_434' title='bbox 964 2483 998 2487; x_wconf 93' lang='lat'><strong>—</strong></span> <span class='ocrx_word' id='word_1_435' title='bbox 1024 2466 1201 2499; x_wconf 80' lang='lat' dir='ltr'>minuenda</span> <span class='ocrx_word' id='word_1_436' title='bbox 1223 2478 1289 2500; x_wconf 86' lang='lat' dir='ltr'>non</span> <span class='ocrx_word' id='word_1_437' title='bbox 1313 2471 1433 2501; x_wconf 87' lang='lat' dir='ltr'><strong>GMv:</strong></span> <span class='ocrx_word' id='word_1_438' title='bbox 1459 2481 1524 2503; x_wconf 87' lang='lat' dir='ltr'>non</span> <span class='ocrx_word' id='word_1_439' title='bbox 1546 2473 1625 2504; x_wconf 80' lang='lat' dir='ltr'>min.</span> <span class='ocrx_word' id='word_1_440' title='bbox 1644 2474 1681 2506; x_wconf 89' lang='lat' dir='ltr'>E.</span> <span class='ocrx_word' id='word_1_441' title='bbox 1703 2493 1738 2498; x_wconf 77' lang='lat'>—</span> <span class='ocrx_word' id='word_1_442' title='bbox 1765 2478 1817 2509; x_wconf 74' lang='lat'>45.</span> <span class='ocrx_word' id='word_1_443' title='bbox 1835 2487 1899 2509; x_wconf 87' lang='lat' dir='ltr'>non</span> 
     </span>
     <span class='ocr_line' id='line_1_38' title="bbox 150 2510 1897 2560; baseline 0.01 -20"><span class='ocrx_word' id='word_1_444' title='bbox 150 2518 219 2541; x_wconf 89' lang='lat' dir='ltr'>om.</span> <span class='ocrx_word' id='word_1_445' title='bbox 245 2519 281 2548; x_wconf 86' lang='grc' dir='ltr'>χ.</span> <span class='ocrx_word' id='word_1_446' title='bbox 310 2527 343 2531; x_wconf 67' lang='lat'>—</span> <span class='ocrx_word' id='word_1_447' title='bbox 372 2510 523 2542; x_wconf 71' lang='lat' dir='ltr'>amionem</span> <span class='ocrx_word' id='word_1_448' title='bbox 545 2520 584 2550; x_wconf 68' lang='lat' dir='ltr'>v,</span> <span class='ocrx_word' id='word_1_449' title='bbox 611 2513 748 2544; x_wconf 81' lang='lat' dir='ltr'>anienen</span> <span class='ocrx_word' id='word_1_450' title='bbox 771 2514 808 2545; x_wconf 88' lang='lat' dir='ltr'>G.</span> <span class='ocrx_word' id='word_1_451' title='bbox 837 2531 870 2535; x_wconf 94' lang='lat'>—</span> <span class='ocrx_word' id='word_1_452' title='bbox 897 2516 952 2546; x_wconf 84' lang='lat' dir='ltr'>sed</span> <span class='ocrx_word' id='word_1_453' title='bbox 973 2515 1053 2546; x_wconf 83' lang='lat' dir='ltr'>urbe</span> <span class='ocrx_word' id='word_1_454' title='bbox 1075 2516 1112 2547; x_wconf 84' lang='lat' dir='ltr'>E.</span> <span class='ocrx_word' id='word_1_455' title='bbox 1141 2534 1174 2538; x_wconf 94' lang='lat'>—</span> <span class='ocrx_word' id='word_1_456' title='bbox 1202 2518 1254 2550; x_wconf 80' lang='grc'>46.</span> <span class='ocrx_word' id='word_1_457' title='bbox 1279 2522 1309 2550; x_wconf 79' lang='lat' dir='ltr'>ec</span> <span class='ocrx_word' id='word_1_458' title='bbox 1331 2520 1366 2550; x_wconf 81' lang='lat' dir='ltr'>in</span> <span class='ocrx_word' id='word_1_459' title='bbox 1386 2520 1460 2560; x_wconf 86' lang='lat' dir='ltr'>foro</span> <span class='ocrx_word' id='word_1_460' title='bbox 1483 2530 1515 2552; x_wconf 85' lang='lat' dir='ltr'>v.</span> <span class='ocrx_word' id='word_1_461' title='bbox 1545 2540 1580 2544; x_wconf 94' lang='lat'>——</span> <span class='ocrx_word' id='word_1_462' title='bbox 1608 2523 1659 2554; x_wconf 69' lang='lat'>⁴7.</span> <span class='ocrx_word' id='word_1_463' title='bbox 1684 2533 1748 2556; x_wconf 88' lang='lat' dir='ltr'>non</span> <span class='ocrx_word' id='word_1_464' title='bbox 1771 2534 1840 2558; x_wconf 85' lang='lat' dir='ltr'>om.</span> <span class='ocrx_word' id='word_1_465' title='bbox 1859 2529 1897 2559; x_wconf 89' lang='lat' dir='ltr'>G.</span> 
     </span>
     <span class='ocr_line' id='line_1_39' title="bbox 153 2559 1899 2611; baseline 0.01 -21"><span class='ocrx_word' id='word_1_466' title='bbox 153 2577 187 2581; x_wconf 89' lang='lat'>—</span> <span class='ocrx_word' id='word_1_467' title='bbox 215 2559 266 2591; x_wconf 77' lang='lat'>48.</span> <span class='ocrx_word' id='word_1_468' title='bbox 291 2559 337 2600; x_wconf 80' lang='lat' dir='ltr'>ut]</span> <span class='ocrx_word' id='word_1_469' title='bbox 361 2568 401 2590; x_wconf 81' lang='lat' dir='ltr'>ue</span> <span class='ocrx_word' id='word_1_470' title='bbox 426 2560 462 2590; x_wconf 78' lang='lat' dir='ltr'>F..</span> <span class='ocrx_word' id='word_1_471' title='bbox 492 2578 526 2583; x_wconf 86' lang='lat'><em>-</em></span> <span class='ocrx_word' id='word_1_472' title='bbox 551 2561 651 2602; x_wconf 84' lang='lat' dir='ltr'>meus]</span> <span class='ocrx_word' id='word_1_473' title='bbox 675 2563 796 2594; x_wconf 83' lang='lat' dir='ltr'>musico</span> <span class='ocrx_word' id='word_1_474' title='bbox 820 2565 858 2595; x_wconf 90' lang='lat' dir='ltr'>G.</span> <span class='ocrx_word' id='word_1_475' title='bbox 886 2581 920 2586; x_wconf 79' lang='lat'><strong>—</strong></span> <span class='ocrx_word' id='word_1_476' title='bbox 950 2565 1000 2596; x_wconf 71' lang='lat'>49.</span> <span class='ocrx_word' id='word_1_477' title='bbox 1025 2568 1155 2605; x_wconf 67' lang='lat' dir='ltr'>togatus</span> <span class='ocrx_word' id='word_1_478' title='bbox 1178 2576 1248 2599; x_wconf 90' lang='lat' dir='ltr'>om.</span> <span class='ocrx_word' id='word_1_479' title='bbox 1275 2578 1311 2606; x_wconf 82' lang='grc' dir='ltr'>χ.</span> <span class='ocrx_word' id='word_1_480' title='bbox 1338 2586 1373 2591; x_wconf 90' lang='lat'>——</span> <span class='ocrx_word' id='word_1_481' title='bbox 1412 2570 1465 2602; x_wconf 78' lang='lat'>21.</span> <span class='ocrx_word' id='word_1_482' title='bbox 1491 2572 1564 2611; x_wconf 80' lang='lat' dir='ltr'>Sed]</span> <span class='ocrx_word' id='word_1_483' title='bbox 1588 2572 1614 2603; x_wconf 83' lang='lat' dir='ltr'>si</span> <span class='ocrx_word' id='word_1_484' title='bbox 1638 2574 1675 2605; x_wconf 90' lang='lat' dir='ltr'>G.</span> <span class='ocrx_word' id='word_1_485' title='bbox 1706 2592 1740 2596; x_wconf 93' lang='lat'><strong>—</strong></span> <span class='ocrx_word' id='word_1_486' title='bbox 1765 2575 1818 2607; x_wconf 85' lang='lat'>22.</span> <span class='ocrx_word' id='word_1_487' title='bbox 1844 2586 1899 2609; x_wconf 87' lang='lat' dir='ltr'>re-</span> 
     </span>
     <span class='ocr_line' id='line_1_40' title="bbox 149 2609 1899 2663; baseline 0.01 -24"><span class='ocrx_word' id='word_1_488' title='bbox 149 2609 333 2641; x_wconf 71' lang='lat' dir='ltr'>dundarent</span> <span class='ocrx_word' id='word_1_489' title='bbox 354 2618 438 2641; x_wconf 70' lang='lat' dir='ltr'>iuius</span> <span class='ocrx_word' id='word_1_490' title='bbox 461 2610 511 2641; x_wconf 79' lang='lat' dir='ltr'>hie</span> <span class='ocrx_word' id='word_1_491' title='bbox 533 2613 594 2642; x_wconf 74' lang='lat' dir='ltr'>crit</span> <span class='ocrx_word' id='word_1_492' title='bbox 617 2613 654 2642; x_wconf 89' lang='lat' dir='ltr'>G.</span> <span class='ocrx_word' id='word_1_493' title='bbox 684 2631 718 2635; x_wconf 79' lang='lat'>——</span> <span class='ocrx_word' id='word_1_494' title='bbox 744 2613 798 2644; x_wconf 89' lang='lat'>23.</span> <span class='ocrx_word' id='word_1_495' title='bbox 824 2614 857 2645; x_wconf 89' lang='lat' dir='ltr'>in</span> <span class='ocrx_word' id='word_1_496' title='bbox 881 2613 933 2646; x_wconf 88' lang='lat' dir='ltr'>bis</span> <span class='ocrx_word' id='word_1_497' title='bbox 958 2623 1027 2646; x_wconf 89' lang='lat' dir='ltr'>om.</span> <span class='ocrx_word' id='word_1_498' title='bbox 1046 2616 1082 2646; x_wconf 85' lang='lat' dir='ltr'>E.</span> <span class='ocrx_word' id='word_1_499' title='bbox 1112 2634 1147 2637; x_wconf 97' lang='lat'><strong>—</strong></span> <span class='ocrx_word' id='word_1_500' title='bbox 1174 2617 1227 2649; x_wconf 75' lang='lat'>24.</span> <span class='ocrx_word' id='word_1_501' title='bbox 1253 2618 1314 2649; x_wconf 83' lang='lat' dir='ltr'>huc</span> <span class='ocrx_word' id='word_1_502' title='bbox 1337 2619 1405 2650; x_wconf 76' lang='lat' dir='ltr'>iam</span> <span class='ocrx_word' id='word_1_503' title='bbox 1427 2620 1471 2659; x_wconf 87' lang='grc' dir='ltr'>Ε,</span> <span class='ocrx_word' id='word_1_504' title='bbox 1498 2629 1584 2652; x_wconf 83' lang='lat' dir='ltr'>nunc</span> <span class='ocrx_word' id='word_1_505' title='bbox 1607 2622 1677 2653; x_wconf 80' lang='lat' dir='ltr'>iam</span> <span class='ocrx_word' id='word_1_506' title='bbox 1699 2629 1746 2663; x_wconf 75' lang='grc' dir='ltr'>ψ.</span> <span class='ocrx_word' id='word_1_507' title='bbox 1766 2642 1801 2646; x_wconf 89' lang='lat'>—-</span> <span class='ocrx_word' id='word_1_508' title='bbox 1826 2630 1899 2658; x_wconf 78' lang='lat' dir='ltr'>sunt</span> 
     </span>
     <span class='ocr_line' id='line_1_41' title="bbox 149 2657 1898 2715; baseline 0.011 -28"><span class='ocrx_word' id='word_1_509' title='bbox 149 2657 255 2695; x_wconf 86' lang='grc' dir='ltr'>Τχν.</span> <span class='ocrx_word' id='word_1_510' title='bbox 283 2676 318 2681; x_wconf 88' lang='lat'>—</span> <span class='ocrx_word' id='word_1_511' title='bbox 343 2659 403 2690; x_wconf 79' lang='lat' dir='ltr'>illa</span> <span class='ocrx_word' id='word_1_512' title='bbox 419 2660 519 2698; x_wconf 80' lang='lat' dir='ltr'>pestis</span> <span class='ocrx_word' id='word_1_513' title='bbox 541 2661 694 2692; x_wconf 71' lang='lat' dir='ltr'>immanis</span> <span class='ocrx_word' id='word_1_514' title='bbox 716 2671 783 2694; x_wconf 79' lang='lat' dir='ltr'>oni.</span> <span class='ocrx_word' id='word_1_515' title='bbox 812 2663 835 2694; x_wconf 87' lang='lat' dir='ltr'>E</span> <span class='ocrx_word' id='word_1_516' title='bbox 851 2666 874 2694; x_wconf 90' lang='lat' dir='ltr'><strong>G</strong></span> <span class='ocrx_word' id='word_1_517' title='bbox 891 2665 934 2701; x_wconf 88' lang='lat' dir='ltr'>C,</span> <span class='ocrx_word' id='word_1_518' title='bbox 967 2665 1043 2696; x_wconf 88' lang='lat' dir='ltr'><strong>Par.</strong></span> <span class='ocrx_word' id='word_1_519' title='bbox 1069 2665 1099 2697; x_wconf 75' lang='lat'>4.</span> <span class='ocrx_word' id='word_1_520' title='bbox 1126 2666 1156 2697; x_wconf 90' lang='lat'>7.</span> <span class='ocrx_word' id='word_1_521' title='bbox 1185 2667 1305 2700; x_wconf 87' lang='lat' dir='ltr'>Franc.</span> <span class='ocrx_word' id='word_1_522' title='bbox 1341 2668 1395 2708; x_wconf 87' lang='lat' dir='ltr'>(de</span> <span class='ocrx_word' id='word_1_523' title='bbox 1420 2670 1522 2711; x_wconf 81' lang='lat' dir='ltr'><strong>Lagg.</strong></span> <span class='ocrx_word' id='word_1_524' title='bbox 1550 2673 1641 2703; x_wconf 85' lang='lat' dir='ltr'>tacet</span> <span class='ocrx_word' id='word_1_525' title='bbox 1663 2672 1898 2715; x_wconf 87' lang='lat' dir='ltr'>Niebuhrius.)</span> 
     </span>
     <span class='ocr_line' id='line_1_42' title="bbox 152 2708 1898 2757; baseline 0.011 -20"><span class='ocrx_word' id='word_1_526' title='bbox 152 2724 185 2729; x_wconf 82' lang='lat'><em>-</em></span> <span class='ocrx_word' id='word_1_527' title='bbox 212 2708 265 2739; x_wconf 83' lang='lat'>25.</span> <span class='ocrx_word' id='word_1_528' title='bbox 290 2708 443 2740; x_wconf 83' lang='lat' dir='ltr'>immanis</span> <span class='ocrx_word' id='word_1_529' title='bbox 465 2717 533 2741; x_wconf 90' lang='lat' dir='ltr'>om.</span> <span class='ocrx_word' id='word_1_530' title='bbox 560 2710 584 2741; x_wconf 90' lang='lat' dir='ltr'>T</span> <span class='ocrx_word' id='word_1_531' title='bbox 617 2711 769 2750; x_wconf 87' lang='lat' dir='ltr'>(Lacuna</span> <span class='ocrx_word' id='word_1_532' title='bbox 800 2712 833 2744; x_wconf 93' lang='lat' dir='ltr'>in</span> <span class='ocrx_word' id='word_1_533' title='bbox 858 2712 973 2746; x_wconf 85' lang='lat' dir='ltr'>multis</span> <span class='ocrx_word' id='word_1_534' title='bbox 997 2715 1100 2747; x_wconf 88' lang='lat' dir='ltr'>codd.</span> <span class='ocrx_word' id='word_1_535' title='bbox 1127 2715 1277 2749; x_wconf 85' lang='lat' dir='ltr'>indicata</span> <span class='ocrx_word' id='word_1_536' title='bbox 1304 2721 1375 2757; x_wconf 79' lang='lat' dir='ltr'>est,</span> <span class='ocrx_word' id='word_1_537' title='bbox 1409 2720 1459 2751; x_wconf 87' lang='lat' dir='ltr'>sic</span> <span class='ocrx_word' id='word_1_538' title='bbox 1483 2722 1536 2752; x_wconf 84' lang='lat' dir='ltr'>est</span> <span class='ocrx_word' id='word_1_539' title='bbox 1559 2721 1592 2752; x_wconf 89' lang='lat' dir='ltr'>in</span> <span class='ocrx_word' id='word_1_540' title='bbox 1615 2722 1666 2753; x_wconf 88' lang='lat' dir='ltr'>M:</span> <span class='ocrx_word' id='word_1_541' title='bbox 1701 2723 1813 2755; x_wconf 76' lang='lat' dir='ltr'>desunt</span> <span class='ocrx_word' id='word_1_542' title='bbox 1835 2725 1898 2756; x_wconf 85' lang='lat' dir='ltr'>duo</span> 
     </span>
     <span class='ocr_line' id='line_1_43' title="bbox 147 2757 1894 2817; baseline 0.013 -31"><span class='ocrx_word' id='word_1_543' title='bbox 147 2765 275 2794; x_wconf 72' lang='lat' dir='ltr'>versus,</span> <span class='ocrx_word' id='word_1_544' title='bbox 300 2757 334 2788; x_wconf 90' lang='lat' dir='ltr'>in</span> <span class='ocrx_word' id='word_1_545' title='bbox 357 2758 437 2799; x_wconf 84' lang='lat' dir='ltr'><strong>Lag.</strong></span> <span class='ocrx_word' id='word_1_546' title='bbox 457 2759 497 2790; x_wconf 90' lang='lat'>3:</span> <span class='ocrx_word' id='word_1_547' title='bbox 524 2760 676 2800; x_wconf 80' lang='lat' dir='ltr'>deficiunt</span> <span class='ocrx_word' id='word_1_548' title='bbox 698 2764 762 2793; x_wconf 80' lang='lat' dir='ltr'>tres</span> <span class='ocrx_word' id='word_1_549' title='bbox 782 2770 894 2793; x_wconf 81' lang='lat' dir='ltr'>versus</span> <span class='ocrx_word' id='word_1_550' title='bbox 915 2763 950 2793; x_wconf 86' lang='lat' dir='ltr'>in</span> <span class='ocrx_word' id='word_1_551' title='bbox 973 2765 1178 2806; x_wconf 65' lang='lat' dir='ltr'>exemplari).</span> <span class='ocrx_word' id='word_1_552' title='bbox 1202 2786 1236 2791; x_wconf 87' lang='lat'>—</span> <span class='ocrx_word' id='word_1_553' title='bbox 1262 2778 1380 2800; x_wconf 84' lang='lat' dir='ltr'>manus</span> <span class='ocrx_word' id='word_1_554' title='bbox 1403 2770 1520 2803; x_wconf 88' lang='lat' dir='ltr'>addidi</span> <span class='ocrx_word' id='word_1_555' title='bbox 1544 2781 1586 2803; x_wconf 82' lang='lat' dir='ltr'>ex</span> <span class='ocrx_word' id='word_1_556' title='bbox 1610 2773 1698 2804; x_wconf 87' lang='lat' dir='ltr'>coni.</span> <span class='ocrx_word' id='word_1_557' title='bbox 1725 2774 1774 2806; x_wconf 78' lang='lat' dir='ltr'>Cf.</span> <span class='ocrx_word' id='word_1_558' title='bbox 1793 2784 1842 2807; x_wconf 94' lang='lat' dir='ltr'>or.</span> <span class='ocrx_word' id='word_1_559' title='bbox 1861 2785 1894 2817; x_wconf 88' lang='lat' dir='ltr'>p.</span> 
     </span>
     <span class='ocr_line' id='line_1_44' title="bbox 148 2805 1895 2867; baseline 0.012 -31"><span class='ocrx_word' id='word_1_560' title='bbox 148 2806 236 2837; x_wconf 84' lang='lat' dir='ltr'>sest.</span> <span class='ocrx_word' id='word_1_561' title='bbox 263 2806 294 2847; x_wconf 69' lang='grc'>5.</span> <span class='ocrx_word' id='word_1_562' title='bbox 320 2805 372 2838; x_wconf 74' lang='lat'>42.</span> <span class='ocrx_word' id='word_1_563' title='bbox 401 2825 436 2830; x_wconf 89' lang='lat'><em>-</em></span> <span class='ocrx_word' id='word_1_564' title='bbox 461 2809 670 2848; x_wconf 78' lang='lat' dir='ltr'>importunae</span> <span class='ocrx_word' id='word_1_565' title='bbox 693 2810 728 2842; x_wconf 91' lang='lat' dir='ltr'>T.</span> <span class='ocrx_word' id='word_1_566' title='bbox 754 2829 788 2833; x_wconf 95' lang='lat'><strong>—</strong></span> <span class='ocrx_word' id='word_1_567' title='bbox 815 2813 953 2844; x_wconf 80' lang='lat' dir='ltr'>catilina</span> <span class='ocrx_word' id='word_1_568' title='bbox 977 2814 1040 2846; x_wconf 88' lang='lat' dir='ltr'>CE</span> <span class='ocrx_word' id='word_1_569' title='bbox 1056 2816 1089 2847; x_wconf 92' lang='lat' dir='ltr'>L.</span> <span class='ocrx_word' id='word_1_570' title='bbox 1117 2833 1153 2840; x_wconf 90' lang='lat'>—</span> <span class='ocrx_word' id='word_1_571' title='bbox 1176 2823 1371 2859; x_wconf 73' lang='lat' dir='ltr'>prorumpet</span> <span class='ocrx_word' id='word_1_572' title='bbox 1394 2821 1465 2859; x_wconf 88' lang='lat' dir='ltr'><strong>Gv‚</strong></span> <span class='ocrx_word' id='word_1_573' title='bbox 1491 2822 1566 2853; x_wconf 90' lang='lat' dir='ltr'><strong>Par.</strong></span> <span class='ocrx_word' id='word_1_574' title='bbox 1584 2822 1630 2861; x_wconf 82' lang='lat'>7.,</span> <span class='ocrx_word' id='word_1_575' title='bbox 1656 2823 1790 2863; x_wconf 80' lang='lat' dir='ltr'>Franc.‚</span> <span class='ocrx_word' id='word_1_576' title='bbox 1816 2826 1895 2867; x_wconf 83' lang='lat' dir='ltr'><strong>Lag.</strong></span> 
     </span>
     <span class='ocr_line' id='line_1_45' title="bbox 147 2853 1898 2913; baseline 0.012 -28"><span class='ocrx_word' id='word_1_577' title='bbox 147 2853 201 2886; x_wconf 79' lang='lat'>24.</span> <span class='ocrx_word' id='word_1_578' title='bbox 226 2855 280 2887; x_wconf 85' lang='lat'>26.</span> <span class='ocrx_word' id='word_1_579' title='bbox 305 2856 364 2889; x_wconf 70' lang='lat'>652</span> <span class='ocrx_word' id='word_1_580' title='bbox 393 2862 582 2898; x_wconf 74' lang='lat' dir='ltr'>perrumpet</span> <span class='ocrx_word' id='word_1_581' title='bbox 604 2859 773 2899; x_wconf 64' lang='lat' dir='ltr'>MCSw,</span> <span class='ocrx_word' id='word_1_582' title='bbox 806 2862 908 2902; x_wconf 84' lang='lat' dir='ltr'><strong>Lagg.</strong></span> <span class='ocrx_word' id='word_1_583' title='bbox 934 2862 1069 2903; x_wconf 88' lang='lat' dir='ltr'>reliqui,</span> <span class='ocrx_word' id='word_1_584' title='bbox 1096 2867 1172 2897; x_wconf 85' lang='lat' dir='ltr'><strong>Par.</strong></span> <span class='ocrx_word' id='word_1_585' title='bbox 1198 2866 1228 2898; x_wconf 83' lang='lat'>4.</span> <span class='ocrx_word' id='word_1_586' title='bbox 1254 2868 1285 2899; x_wconf 89' lang='grc'>8.</span> <span class='ocrx_word' id='word_1_587' title='bbox 1310 2868 1354 2907; x_wconf 86' lang='grc'>9.,</span> <span class='ocrx_word' id='word_1_588' title='bbox 1381 2869 1399 2900; x_wconf 90' lang='grc'><strong>3</strong></span> <span class='ocrx_word' id='word_1_589' title='bbox 1424 2869 1519 2908; x_wconf 87' lang='lat' dir='ltr'><strong>Pall.‚</strong></span> <span class='ocrx_word' id='word_1_590' title='bbox 1545 2871 1592 2902; x_wconf 90' lang='lat' dir='ltr'>St.</span> <span class='ocrx_word' id='word_1_591' title='bbox 1612 2871 1718 2910; x_wconf 85' lang='lat' dir='ltr'>Vict.;</span> <span class='ocrx_word' id='word_1_592' title='bbox 1746 2882 1898 2913; x_wconf 82' lang='lat' dir='ltr'>perrum-</span> 
     </span>
     <span class='ocr_line' id='line_1_46' title="bbox 144 2906 1895 2964; baseline 0.013 -29"><span class='ocrx_word' id='word_1_593' title='bbox 144 2908 235 2943; x_wconf 76' lang='lat' dir='ltr'>peret</span> <span class='ocrx_word' id='word_1_594' title='bbox 257 2906 294 2937; x_wconf 91' lang='lat' dir='ltr'>E.</span> <span class='ocrx_word' id='word_1_595' title='bbox 328 2923 363 2928; x_wconf 82' lang='lat'>—</span> <span class='ocrx_word' id='word_1_596' title='bbox 401 2915 468 2945; x_wconf 85' lang='lat' dir='ltr'>qua</span> <span class='ocrx_word' id='word_1_597' title='bbox 486 2909 606 2947; x_wconf 76' lang='lat' dir='ltr'>poterit</span> <span class='ocrx_word' id='word_1_598' title='bbox 628 2909 723 2951; x_wconf 76' lang='lat'><em>***]</em></span> <span class='ocrx_word' id='word_1_599' title='bbox 757 2919 824 2949; x_wconf 80' lang='lat' dir='ltr'>qua</span> <span class='ocrx_word' id='word_1_600' title='bbox 849 2920 913 2950; x_wconf 83' lang='lat' dir='ltr'>po.</span> <span class='ocrx_word' id='word_1_601' title='bbox 932 2936 939 2943; x_wconf 91' lang='lat'>.</span> <span class='ocrx_word' id='word_1_602' title='bbox 958 2937 988 2943; x_wconf 90' lang='lat'>..</span> <span class='ocrx_word' id='word_1_603' title='bbox 1014 2914 1163 2946; x_wconf 76' lang='lat' dir='ltr'>minatur</span> <span class='ocrx_word' id='word_1_604' title='bbox 1189 2916 1273 2955; x_wconf 84' lang='lat' dir='ltr'>GC,</span> <span class='ocrx_word' id='word_1_605' title='bbox 1299 2918 1346 2948; x_wconf 87' lang='lat' dir='ltr'>St.</span> <span class='ocrx_word' id='word_1_606' title='bbox 1372 2918 1479 2957; x_wconf 85' lang='lat' dir='ltr'>Vict.‚</span> <span class='ocrx_word' id='word_1_607' title='bbox 1506 2918 1574 2951; x_wconf 91' lang='lat' dir='ltr'><strong>Pal.</strong></span> <span class='ocrx_word' id='word_1_608' title='bbox 1601 2921 1632 2953; x_wconf 87' lang='grc'>3.</span> <span class='ocrx_word' id='word_1_609' title='bbox 1658 2922 1711 2961; x_wconf 85' lang='grc'>8.,</span> <span class='ocrx_word' id='word_1_610' title='bbox 1737 2923 1816 2964; x_wconf 83' lang='lat' dir='ltr'><strong>Lag.</strong></span> <span class='ocrx_word' id='word_1_611' title='bbox 1841 2926 1895 2958; x_wconf 82' lang='lat'>25.</span> 
     </span>
     <span class='ocr_line' id='line_1_47' title="bbox 146 2954 1894 3008; baseline 0.013 -24"><span class='ocrx_word' id='word_1_612' title='bbox 146 2954 221 2991; x_wconf 81' lang='lat'><strong>26.;</strong></span> <span class='ocrx_word' id='word_1_613' title='bbox 258 2963 324 2994; x_wconf 79' lang='lat' dir='ltr'>qua</span> <span class='ocrx_word' id='word_1_614' title='bbox 348 2957 470 2995; x_wconf 77' lang='lat' dir='ltr'>poterit</span> <span class='ocrx_word' id='word_1_615' title='bbox 499 2958 599 2989; x_wconf 79' lang='lat' dir='ltr'>etiam</span> <span class='ocrx_word' id='word_1_616' title='bbox 627 2960 666 2998; x_wconf 80' lang='lat' dir='ltr'>(el</span> <span class='ocrx_word' id='word_1_617' title='bbox 688 2960 757 2990; x_wconf 80' lang='lat' dir='ltr'>iam</span> <span class='ocrx_word' id='word_1_618' title='bbox 780 2961 822 2999; x_wconf 82' lang='lat' dir='ltr'>M)</span> <span class='ocrx_word' id='word_1_619' title='bbox 850 2961 999 2992; x_wconf 77' lang='lat' dir='ltr'>minatur</span> <span class='ocrx_word' id='word_1_620' title='bbox 1027 2963 1060 2994; x_wconf 90' lang='lat' dir='ltr'><strong>M</strong></span> <span class='ocrx_word' id='word_1_621' title='bbox 1089 2965 1123 2994; x_wconf 91' lang='lat' dir='ltr'>et</span> <span class='ocrx_word' id='word_1_622' title='bbox 1154 2964 1232 3004; x_wconf 87' lang='lat' dir='ltr'><strong>Lag.</strong></span> <span class='ocrx_word' id='word_1_623' title='bbox 1260 2965 1297 3003; x_wconf 87' lang='lat'>9;</span> <span class='ocrx_word' id='word_1_624' title='bbox 1335 2975 1402 3006; x_wconf 84' lang='lat' dir='ltr'>qua</span> <span class='ocrx_word' id='word_1_625' title='bbox 1423 2969 1544 3007; x_wconf 80' lang='lat' dir='ltr'>poterit</span> <span class='ocrx_word' id='word_1_626' title='bbox 1565 2970 1746 3002; x_wconf 76' lang='lat' dir='ltr'>minabitur</span> <span class='ocrx_word' id='word_1_627' title='bbox 1768 2972 1837 3005; x_wconf 89' lang='lat' dir='ltr'><strong>Pal.</strong></span> <span class='ocrx_word' id='word_1_628' title='bbox 1864 2976 1894 3008; x_wconf 81' lang='grc'>4.</span> 
     </span>
     <span class='ocr_line' id='line_1_48' title="bbox 148 3005 1894 3063; baseline 0.011 -29"><span class='ocrx_word' id='word_1_629' title='bbox 148 3005 182 3034; x_wconf 79' lang='lat' dir='ltr'>et</span> <span class='ocrx_word' id='word_1_630' title='bbox 204 3013 241 3041; x_wconf 86' lang='lat' dir='ltr'>v;</span> <span class='ocrx_word' id='word_1_631' title='bbox 268 3013 334 3044; x_wconf 81' lang='lat' dir='ltr'>qua</span> <span class='ocrx_word' id='word_1_632' title='bbox 360 3030 366 3036; x_wconf 97' lang='lat'>.</span> <span class='ocrx_word' id='word_1_633' title='bbox 384 3029 391 3035; x_wconf 93' lang='lat'>.</span> <span class='ocrx_word' id='word_1_634' title='bbox 408 3028 415 3036; x_wconf 96' lang='lat'>.</span> <span class='ocrx_word' id='word_1_635' title='bbox 432 3029 439 3037; x_wconf 91' lang='lat'>.</span> <span class='ocrx_word' id='word_1_636' title='bbox 464 3007 611 3039; x_wconf 78' lang='lat' dir='ltr'>minatur</span> <span class='ocrx_word' id='word_1_637' title='bbox 634 3009 679 3048; x_wconf 86' lang='lat' dir='ltr'>E,</span> <span class='ocrx_word' id='word_1_638' title='bbox 713 3019 778 3049; x_wconf 78' lang='lat' dir='ltr'>qua</span> <span class='ocrx_word' id='word_1_639' title='bbox 797 3013 901 3049; x_wconf 75' lang='lat' dir='ltr'>potest</span> <span class='ocrx_word' id='word_1_640' title='bbox 922 3012 1093 3043; x_wconf 78' lang='lat' dir='ltr'>minuatur</span> <span class='ocrx_word' id='word_1_641' title='bbox 1115 3014 1158 3051; x_wconf 92' lang='lat' dir='ltr'>T,</span> <span class='ocrx_word' id='word_1_642' title='bbox 1196 3022 1263 3052; x_wconf 83' lang='lat' dir='ltr'>qua</span> <span class='ocrx_word' id='word_1_643' title='bbox 1281 3024 1316 3054; x_wconf 90' lang='lat' dir='ltr'>p.</span> <span class='ocrx_word' id='word_1_644' title='bbox 1341 3025 1370 3047; x_wconf 84' lang='lat' dir='ltr'>r.</span> <span class='ocrx_word' id='word_1_645' title='bbox 1397 3016 1464 3057; x_wconf 84' lang='lat' dir='ltr'>(vel</span> <span class='ocrx_word' id='word_1_646' title='bbox 1484 3027 1561 3057; x_wconf 85' lang='lat' dir='ltr'><strong>pop.</strong></span> <span class='ocrx_word' id='word_1_647' title='bbox 1586 3019 1629 3059; x_wconf 84' lang='lat' dir='ltr'>r.)</span> <span class='ocrx_word' id='word_1_648' title='bbox 1653 3021 1802 3053; x_wconf 74' lang='lat' dir='ltr'>minatur</span> <span class='ocrx_word' id='word_1_649' title='bbox 1824 3024 1844 3055; x_wconf 90' lang='lat' dir='ltr'>S</span> <span class='ocrx_word' id='word_1_650' title='bbox 1858 3034 1894 3063; x_wconf 85' lang='grc' dir='ltr'>χ,</span> 
     </span>
     <span class='ocr_line' id='line_1_49' title="bbox 147 3052 1895 3108; baseline 0.012 -24"><span class='ocrx_word' id='word_1_651' title='bbox 147 3052 249 3093; x_wconf 79' lang='lat' dir='ltr'><strong>Lagg.</strong></span> <span class='ocrx_word' id='word_1_652' title='bbox 282 3053 427 3094; x_wconf 87' lang='lat' dir='ltr'>reliqui;</span> <span class='ocrx_word' id='word_1_653' title='bbox 460 3065 527 3095; x_wconf 86' lang='lat' dir='ltr'>qua</span> <span class='ocrx_word' id='word_1_654' title='bbox 550 3059 694 3097; x_wconf 75' lang='lat' dir='ltr'>poterit:</span> <span class='ocrx_word' id='word_1_655' title='bbox 726 3061 747 3098; x_wconf 50' lang='grc' dir='ltr'><em>ἦ</em></span> <span class='ocrx_word' id='word_1_656' title='bbox 777 3063 806 3090; x_wconf 75' lang='lat' dir='ltr'>et</span> <span class='ocrx_word' id='word_1_657' title='bbox 835 3060 902 3091; x_wconf 81' lang='lat' dir='ltr'>iam</span> <span class='ocrx_word' id='word_1_658' title='bbox 926 3061 1049 3100; x_wconf 84' lang='lat' dir='ltr'>populo</span> <span class='ocrx_word' id='word_1_659' title='bbox 1080 3062 1225 3095; x_wconf 84' lang='lat' dir='ltr'>Romano</span> <span class='ocrx_word' id='word_1_660' title='bbox 1254 3065 1402 3096; x_wconf 73' lang='lat' dir='ltr'>minatur</span> <span class='ocrx_word' id='word_1_661' title='bbox 1425 3067 1498 3098; x_wconf 92' lang='lat' dir='ltr'>LO.</span> <span class='ocrx_word' id='word_1_662' title='bbox 1537 3068 1606 3108; x_wconf 80' lang='lat' dir='ltr'>(Ait</span> <span class='ocrx_word' id='word_1_663' title='bbox 1627 3069 1838 3105; x_wconf 87' lang='lat' dir='ltr'>Niebuhrius</span> <span class='ocrx_word' id='word_1_664' title='bbox 1862 3074 1895 3107; x_wconf 88' lang='lat' dir='ltr'>in</span> 
     </span>
     <span class='ocr_line' id='line_1_50' title="bbox 146 3103 1897 3164; baseline 0.013 -32"><span class='ocrx_word' id='word_1_665' title='bbox 146 3103 283 3143; x_wconf 82' lang='lat' dir='ltr'>Scriptis</span> <span class='ocrx_word' id='word_1_666' title='bbox 304 3105 384 3136; x_wconf 84' lang='lat' dir='ltr'>min.</span> <span class='ocrx_word' id='word_1_667' title='bbox 409 3105 521 3138; x_wconf 79' lang='lat' dir='ltr'>histor.</span> <span class='ocrx_word' id='word_1_668' title='bbox 547 3111 577 3139; x_wconf 80' lang='lat' dir='ltr'>et</span> <span class='ocrx_word' id='word_1_669' title='bbox 595 3109 706 3147; x_wconf 78' lang='lat' dir='ltr'>philol.</span> <span class='ocrx_word' id='word_1_670' title='bbox 725 3110 772 3148; x_wconf 87' lang='lat'>11,</span> <span class='ocrx_word' id='word_1_671' title='bbox 796 3118 831 3150; x_wconf 92' lang='lat' dir='ltr'>p.</span> <span class='ocrx_word' id='word_1_672' title='bbox 856 3110 930 3141; x_wconf 78' lang='lat'><strong>222.</strong></span> <span class='ocrx_word' id='word_1_673' title='bbox 958 3110 1118 3143; x_wconf 87' lang='lat' dir='ltr'>codicem</span> <span class='ocrx_word' id='word_1_674' title='bbox 1141 3113 1221 3153; x_wconf 74' lang='lat' dir='ltr'><strong>Lag.</strong></span> <span class='ocrx_word' id='word_1_675' title='bbox 1241 3114 1272 3145; x_wconf 87' lang='grc'>9.</span> <span class='ocrx_word' id='word_1_676' title='bbox 1291 3113 1445 3147; x_wconf 86' lang='lat' dir='ltr'>habere:</span> <span class='ocrx_word' id='word_1_677' title='bbox 1473 3125 1539 3156; x_wconf 83' lang='lat' dir='ltr'>qua</span> <span class='ocrx_word' id='word_1_678' title='bbox 1557 3119 1678 3157; x_wconf 76' lang='lat' dir='ltr'>poterit</span> <span class='ocrx_word' id='word_1_679' title='bbox 1700 3124 1730 3151; x_wconf 78' lang='lat' dir='ltr'>et</span> <span class='ocrx_word' id='word_1_680' title='bbox 1751 3121 1819 3154; x_wconf 80' lang='lat' dir='ltr'>iam</span> <span class='ocrx_word' id='word_1_681' title='bbox 1836 3132 1897 3164; x_wconf 88' lang='lat' dir='ltr'>po-</span> 
     </span>
     <span class='ocr_line' id='line_1_51' title="bbox 142 3152 1896 3211; baseline 0.013 -29"><span class='ocrx_word' id='word_1_682' title='bbox 142 3152 222 3190; x_wconf 81' lang='lat' dir='ltr'>pulo</span> <span class='ocrx_word' id='word_1_683' title='bbox 244 3154 334 3185; x_wconf 84' lang='lat' dir='ltr'><strong>Rom.</strong></span> <span class='ocrx_word' id='word_1_684' title='bbox 352 3155 516 3195; x_wconf 74' lang='lat' dir='ltr'>minatur,</span> <span class='ocrx_word' id='word_1_685' title='bbox 542 3157 606 3188; x_wconf 86' lang='lat' dir='ltr'>sed</span> <span class='ocrx_word' id='word_1_686' title='bbox 629 3157 729 3191; x_wconf 88' lang='lat' dir='ltr'>abest</span> <span class='ocrx_word' id='word_1_687' title='bbox 748 3159 870 3198; x_wconf 83' lang='lat' dir='ltr'>populo</span> <span class='ocrx_word' id='word_1_688' title='bbox 893 3160 930 3190; x_wconf 82' lang='lat' dir='ltr'>R.</span> <span class='ocrx_word' id='word_1_689' title='bbox 957 3159 1000 3190; x_wconf 87' lang='lat' dir='ltr'>ab</span> <span class='ocrx_word' id='word_1_690' title='bbox 1026 3162 1198 3202; x_wconf 79' lang='lat' dir='ltr'>excerptis</span> <span class='ocrx_word' id='word_1_691' title='bbox 1223 3163 1330 3203; x_wconf 91' lang='lat' dir='ltr'>ipsius</span> <span class='ocrx_word' id='word_1_692' title='bbox 1355 3172 1460 3196; x_wconf 86' lang='lat' dir='ltr'>manu</span> <span class='ocrx_word' id='word_1_693' title='bbox 1483 3166 1638 3207; x_wconf 85' lang='lat' dir='ltr'>scriptis,</span> <span class='ocrx_word' id='word_1_694' title='bbox 1665 3177 1814 3211; x_wconf 88' lang='lat' dir='ltr'>eamque</span> <span class='ocrx_word' id='word_1_695' title='bbox 1838 3182 1896 3205; x_wconf 86' lang='lat' dir='ltr'>ve-</span> 
     </span>
     <span class='ocr_line' id='line_1_52' title="bbox 147 3202 1894 3261; baseline 0.011 -29"><span class='ocrx_word' id='word_1_696' title='bbox 147 3209 222 3232; x_wconf 88' lang='lat' dir='ltr'>ram</span> <span class='ocrx_word' id='word_1_697' title='bbox 246 3210 324 3234; x_wconf 89' lang='lat' dir='ltr'>esse</span> <span class='ocrx_word' id='word_1_698' title='bbox 341 3202 526 3237; x_wconf 81' lang='lat' dir='ltr'>lectionem</span> <span class='ocrx_word' id='word_1_699' title='bbox 543 3205 691 3246; x_wconf 85' lang='lat' dir='ltr'>codicis,</span> <span class='ocrx_word' id='word_1_700' title='bbox 719 3209 916 3240; x_wconf 86' lang='lat' dir='ltr'>testimonio</span> <span class='ocrx_word' id='word_1_701' title='bbox 934 3209 1063 3242; x_wconf 85' lang='lat' dir='ltr'>codicis</span> <span class='ocrx_word' id='word_1_702' title='bbox 1083 3212 1133 3249; x_wconf 84' lang='lat' dir='ltr'>M,</span> <span class='ocrx_word' id='word_1_703' title='bbox 1160 3220 1267 3252; x_wconf 90' lang='lat' dir='ltr'>quem</span> <span class='ocrx_word' id='word_1_704' title='bbox 1290 3221 1397 3255; x_wconf 84' lang='lat' dir='ltr'>saepe</span> <span class='ocrx_word' id='word_1_705' title='bbox 1422 3215 1455 3246; x_wconf 88' lang='lat' dir='ltr'>in</span> <span class='ocrx_word' id='word_1_706' title='bbox 1479 3215 1544 3247; x_wconf 86' lang='lat' dir='ltr'>hae</span> <span class='ocrx_word' id='word_1_707' title='bbox 1560 3218 1646 3248; x_wconf 83' lang='lat' dir='ltr'>orat.</span> <span class='ocrx_word' id='word_1_708' title='bbox 1666 3226 1747 3251; x_wconf 85' lang='lat' dir='ltr'>cum</span> <span class='ocrx_word' id='word_1_709' title='bbox 1763 3220 1842 3261; x_wconf 83' lang='lat' dir='ltr'><strong>Lag.</strong></span> <span class='ocrx_word' id='word_1_710' title='bbox 1862 3222 1894 3255; x_wconf 88' lang='grc'>9.</span> 
     </span>
     <span class='ocr_line' id='line_1_53' title="bbox 147 3252 1897 3304; baseline 0.012 -23"><span class='ocrx_word' id='word_1_711' title='bbox 147 3252 346 3291; x_wconf 86' lang='lat' dir='ltr'>conspirare</span> <span class='ocrx_word' id='word_1_712' title='bbox 370 3252 537 3292; x_wconf 67' lang='lat' dir='ltr'>vidimus,</span> <span class='ocrx_word' id='word_1_713' title='bbox 565 3257 804 3298; x_wconf 83' lang='lat' dir='ltr'>convincitur.)</span> <span class='ocrx_word' id='word_1_714' title='bbox 825 3276 859 3280; x_wconf 93' lang='lat'><em>—</em></span> <span class='ocrx_word' id='word_1_715' title='bbox 885 3259 938 3290; x_wconf 83' lang='lat'>26.</span> <span class='ocrx_word' id='word_1_716' title='bbox 964 3260 1170 3293; x_wconf 76' lang='lat' dir='ltr'>advolavicE</span> <span class='ocrx_word' id='word_1_717' title='bbox 1186 3262 1249 3293; x_wconf 94' lang='lat' dir='ltr'><strong>GC</strong></span> <span class='ocrx_word' id='word_1_718' title='bbox 1263 3269 1347 3304; x_wconf 76' lang='grc' dir='ltr'>χψ.</span> <span class='ocrx_word' id='word_1_719' title='bbox 1369 3281 1404 3285; x_wconf 66' lang='grc'>»-</span> <span class='ocrx_word' id='word_1_720' title='bbox 1430 3265 1464 3295; x_wconf 80' lang='lat' dir='ltr'>in</span> <span class='ocrx_word' id='word_1_721' title='bbox 1486 3266 1603 3297; x_wconf 75' lang='lat' dir='ltr'>castris</span> <span class='ocrx_word' id='word_1_722' title='bbox 1618 3267 1699 3299; x_wconf 88' lang='lat' dir='ltr'>Mv:</span> <span class='ocrx_word' id='word_1_723' title='bbox 1724 3269 1759 3301; x_wconf 88' lang='lat' dir='ltr'>in</span> <span class='ocrx_word' id='word_1_724' title='bbox 1780 3272 1897 3304; x_wconf 75' lang='lat' dir='ltr'>rostris</span> 
     </span>
     <span class='ocr_line' id='line_1_54' title="bbox 146 3299 1585 3347; baseline 0.011 -17"><span class='ocrx_word' id='word_1_725' title='bbox 146 3299 226 3340; x_wconf 81' lang='lat' dir='ltr'><strong>Lag.</strong></span> <span class='ocrx_word' id='word_1_726' title='bbox 251 3299 311 3340; x_wconf 73' lang='lat'>243</span> <span class='ocrx_word' id='word_1_727' title='bbox 338 3311 407 3334; x_wconf 89' lang='lat' dir='ltr'>om.</span> <span class='ocrx_word' id='word_1_728' title='bbox 435 3303 557 3344; x_wconf 85' lang='lat' dir='ltr'>CEG,</span> <span class='ocrx_word' id='word_1_729' title='bbox 583 3306 657 3336; x_wconf 86' lang='lat' dir='ltr'><strong>Par.</strong></span> <span class='ocrx_word' id='word_1_730' title='bbox 682 3305 714 3339; x_wconf 82' lang='lat'>4.</span> <span class='ocrx_word' id='word_1_731' title='bbox 741 3316 821 3340; x_wconf 84' lang='lat' dir='ltr'>eum</span> <span class='ocrx_word' id='word_1_732' title='bbox 846 3307 990 3347; x_wconf 75' lang='lat' dir='ltr'>lacuna:</span> <span class='ocrx_word' id='word_1_733' title='bbox 1018 3308 1155 3343; x_wconf 83' lang='lat' dir='ltr'>videtur</span> <span class='ocrx_word' id='word_1_734' title='bbox 1178 3311 1414 3346; x_wconf 85' lang='lat' dir='ltr'>intercidisse:</span> <span class='ocrx_word' id='word_1_735' title='bbox 1440 3314 1474 3346; x_wconf 84' lang='lat' dir='ltr'>in</span> <span class='ocrx_word' id='word_1_736' title='bbox 1495 3314 1585 3347; x_wconf 84' lang='lat' dir='ltr'><strong>urbe.</strong></span> 
     </span>
    </p>
   </div>
  </div>
 </body>
</html>
