2143 3713
431 213 525 253 ΟΜ).
547 208 823 252 xv—xvll.
853 205 926 261 §§.
957 204 1149 247 32—38.
1183 203 1426 260 [XI—XIII.
1456 201 1650 257 22-28.]
1838 200 1917 242 473

181 326 357 367 maxime
388 325 514 378 gloria
543 336 589 364 ac
619 320 742 362 laude
767 320 993 366 ducuntur,
1025 333 1166 359 verum
1189 318 1309 358 etiam
1331 317 1482 356 exteris
1503 317 1736 356 nationibus
1759 321 1800 356 et
1820 328 1921 368 gen-

181 389 284 428 tibus
316 387 531 427 ostendere
562 397 633 423 vos
662 383 702 422 in
734 382 948 421 sententiis
980 381 1160 421 ferendis
1192 380 1269 419 civi
1299 391 1463 431 parcere
1496 392 1617 431 quam
1644 379 1750 418 hosti
1772 377 1920 417 cedere

180 449 404 489 maluisse?
463 447 570 486 XVI.
591 443 656 483 36.
691 441 796 497 [Xll.
819 440 900 495 Qu]
935 446 1081 496 Magna
1112 457 1175 482 nie
1205 441 1395 482 hercules
1422 454 1562 487 causa,
1592 441 1770 486 iudices,
1803 439 1921 478 abso-

178 511 347 551 lutionis
378 524 467 549 cum
499 506 644 547 ceteris
675 507 810 545 causis
841 505 942 544 haec
974 512 1055 553 ost,
1087 519 1138 544 ne
1170 517 1276 558 quae
1309 503 1482 553 insignis
1513 502 1606 541 huic
1637 502 1808 553 imperio
1836 513 1922 538 ma-

179 573 270 612 cula
310 578 434 625 atque
473 568 698 622 ignominia
737 568 1002 620 suscipiatur,
1043 567 1076 606 si
1115 567 1192 606 hoc
1230 566 1284 605 ita
1321 564 1522 617 perlatum
1555 563 1629 602 erit
1659 564 1699 602 in
1732 561 1953 608 Galliam,5

179 639 389 675 senatores
421 632 662 685 equitesque
693 629 832 681 populi
855 630 1026 669 Romani
1058 642 1139 668 non
1170 626 1417 667 testimoniis
1445 625 1673 671 Gallorum,
1706 623 1777 663 sed
1800 623 1921 662 minis

179 700 401 736 commotos
440 706 522 733 rem
561 692 611 731 ad
643 691 805 730 illorum
838 691 1067 731 lubidinem
1098 690 1314 729 iudicasse.
1362 690 1422 729 Ita
1452 702 1574 735 vero,
1613 689 1646 727 si
1677 688 1737 726 illi
1767 686 1922 726 bellum

178 757 311 797 facere
344 755 614 800 conabuntur,
647 753 890 792 excitandus
922 754 1040 793 nobis
1072 753 1147 792 erit
1177 752 1227 790 ab
1259 751 1400 791 inferis
1429 751 1470 791 C.
1493 751 1664 797 Marius,
1696 749 1767 803 qui
1799 749 1924 787 Indu-

178 819 346 859 tiomaro
383 816 468 863 isti,
509 815 657 854 minaci
694 820 817 867 atque
849 816 1071 868 arroganti,
1114 827 1187 866 par
1218 814 1259 852 in
1291 814 1401 853 bello
1433 813 1613 865 gerendo
1646 826 1735 852 esse
1766 811 1922 865 possit:

178 878 417 920 excitandus
455 878 526 917 Cn.
557 877 758 916 Domitius
801 883 840 915 et
879 878 928 925 Q.
960 878 1184 923 Maximus,
1232 876 1300 929 qui
1340 877 1548 916 nationem
1578 875 1847 927 Allobrogum
1883 878 1972 912 etto

178 943 355 996 reliquas
396 941 480 979 suis
519 940 665 978 iterum
703 940 825 978 armis
867 938 1054 979 conficiat
1094 944 1217 992 atque
1250 938 1474 990 opprimat:
1520 941 1610 983 ant,
1655 937 1851 990 quoniam
1882 934 1923 975 id

177 1004 341 1057 quidem
372 1016 452 1042 non
486 1007 642 1054 potest,
684 1001 862 1041 orandus
895 1003 970 1041 erit
999 1002 1116 1041 nobis
1147 1000 1299 1043 amicus
1336 1012 1471 1046 meus,
1512 999 1564 1038 M.
1596 998 1840 1045 Plaetorius,
1879 1000 1925 1036 ut

176 1079 270 1106 suos
309 1078 436 1104 novos
479 1064 649 1103 clientes
682 1077 704 1103 a
735 1064 843 1103 bello
874 1063 1066 1103 faciendo
1099 1063 1320 1108 deterreat,
1364 1066 1407 1100 ut
1438 1074 1580 1100 eorum
1610 1060 1734 1100 iratos
1765 1060 1922 1099 animos

174 1134 297 1180 atque
327 1126 543 1166 horribiles
574 1125 750 1178 impetus
773 1126 1039 1179 deprecetur:
1070 1130 1159 1172 ant,
1191 1125 1224 1164 si
1247 1137 1331 1163 non
1358 1123 1528 1176 poterit,
1559 1123 1613 1162 M.
1637 1121 1806 1161 Fabium
1829 1121 1924 1161 sub—

175 1190 411 1242 scriptorem
442 1189 528 1227 eius
560 1188 815 1239 rogabimus,
847 1194 891 1227 ut
921 1188 1188 1240 Allobrogum
1211 1187 1368 1226 animos
1392 1186 1565 1238 mitiget,
1598 1185 1794 1239 quoniam
1816 1183 1923 1238 apud
1938 1193 1974 1222 ⁴5

175 1251 265 1291 illos
295 1250 514 1290 Fabiorum
546 1263 696 1290 nomen
729 1255 789 1289 est
818 1250 1129 1303 amplissimum.
1180 1249 1337 1289 Volunt
1379 1248 1445 1287 isti
1488 1254 1559 1287 aut
1598 1247 1835 1300 quiescere,
1882 1245 1923 1285 id

175 1313 286 1367 quod
315 1313 408 1352 victi
440 1325 486 1352 ac
517 1312 673 1352 subacti
706 1312 860 1359 solent,
899 1317 989 1358 aut,
1032 1325 1122 1351 cum
1154 1311 1382 1357 minantur,
1422 1310 1653 1363 intelligere
1695 1322 1739 1350 se
1771 1308 1923 1363 populo

174 1376 357 1416 Romano
388 1388 470 1414 non
500 1380 653 1414 metum
684 1374 804 1421 belli,
837 1374 909 1414 sed
943 1388 1057 1426 spem
1090 1373 1287 1425 triumphi
1319 1372 1552 1412 ostendere.

284 1436 349 1477 37.
375 1433 471 1491 [272]
507 1436 625 1484 Quod
658 1437 690 1476 si
722 1437 762 1475 in
785 1434 894 1489 turpi
916 1450 987 1476 roo
1020 1436 1259 1489 patiendum
1283 1449 1365 1475 non
1388 1439 1516 1481 esset,
1547 1438 1592 1473 ut
1614 1434 1835 1487 quicquam
1856 1433 1923 1473 isti

175 1516 217 1542 se
249 1501 371 1540 minis
402 1499 622 1554 profecisse
649 1498 956 1545 arbitrarentur,
988 1499 1087 1552 quid
1111 1498 1342 1538 faciendum
1374 1498 1489 1538 vobis
1520 1498 1561 1536 in
1584 1498 1637 1536 M.
1659 1496 1829 1535 Fonteio
1862 1505 1973 1535 ar-Qo

173 1563 404 1603 bitramini‘?
427 1563 477 1601 de
496 1574 577 1614 quo
594 1560 776 1607 homine,
798 1561 1027 1607 indices,-
1045 1561 1124 1600 iam
1145 1561 1252 1600 enim
1271 1560 1368 1600 mihi
1391 1561 1534 1599 videor
1555 1559 1632 1599 hoc
1653 1571 1781 1612 prope
1803 1571 1925 1598 causa

176 1625 333 1664 duabus
363 1623 591 1664 actionibus
622 1628 811 1675 perorata
842 1623 993 1662 debore
1025 1623 1161 1662 dicere
1192 1644 1266 1670 —,
1299 1623 1348 1662 de
1381 1636 1461 1676 quo
1492 1635 1565 1662 vos
1595 1621 1760 1661 homine
1791 1634 1843 1660 ne
1874 1620 1924 1660 ab

175 1686 352 1725 inimicis
384 1685 551 1739 quidem
580 1685 709 1723 ullum
742 1683 877 1724 lictum
908 1686 1151 1738 probrosum
1182 1699 1265 1725 non
1298 1685 1418 1725 modo
1447 1685 1621 1731 crimen,
1653 1684 1727 1724 sed
1757 1697 1809 1723 ne
1840 1696 1925 1723 ma-

175 1748 370 1787 ledictum
404 1748 571 1800 quidem
602 1747 787 1786 audistis·
828 1747 982 1800 Ecquis
1014 1760 1209 1801 umquam
1231 1761 1351 1794 reus,
1384 1746 1628 1800 praesertim
1649 1747 1690 1786 in
1718 1746 1795 1786 hac
1816 1747 1924 1786 vitae

176 1809 333 1849 ratione
363 1815 568 1855 versatuS,
599 1810 639 1848 in
669 1809 894 1848 honoribus
925 1809 1138 1861 petendis,
1172 1810 1212 1849 in
1244 1809 1537 1862 potestatibus,
1568 1809 1609 1848 in
1640 1808 1824 1862 imperiis
1855 1817 1973 1861 ‘ge-⁶25

176 1871 336 1918 rendis,
368 1871 425 1910 sic
455 1877 668 1910 accusatus
700 1876 781 1918 est,
815 1876 859 1910 ut
880 1871 1039 1910 nullum
1066 1872 1282 1925 probrum,
1313 1872 1472 1911 nullum
1493 1871 1673 1918 facinus,
1705 1871 1820 1910 nulla
1841 1876 1925 1910 tur-

176 1932 340 1986 pitudo,
382 1946 486 1986 qnae
517 1946 538 1971 a
570 1933 753 1972 lubidine
784 1938 852 1972 aut
883 1946 905 1972 a
934 1933 1162 1985 petulantia
1194 1939 1263 1973 aut
1299 1933 1348 1972 ab
1379 1933 1549 1972 audacia
1579 1938 1672 1972 nata
1704 1937 1834 1980 esset,
1874 1933 1925 1972 ab

177 2001 411 2035 accusatore
443 1995 710 2041 obiiceretur,
742 1996 775 2034 si
806 2008 891 2034 non
910 2008 1031 2041 vcra,
1064 2001 1104 2034 at
1134 1995 1348 2035 commode
1381 1994 1472 2034 ficta
1493 2008 1582 2034 cum
1605 1994 1746 2048 aliqua
1767 1995 1924 2034 ratione

176 2069 221 2096 ac
253 2057 523 2109 suspicione?
581 2058 709 2096 xvii.
740 2055 805 2095 38.
840 2055 966 2110 [xm.
999 2055 1081 2109 ⁶28]
1125 2059 1177 2097 M.
1209 2057 1425 2097 Aemilium
1459 2057 1679 2104 Scaurum,
1719 2071 1925 2096 summum

177 2125 340 2158 nostrae
371 2119 542 2159 civitatis
572 2120 725 2167 virum,
758 2120 907 2159 scimus
939 2125 1175 2159 accusatum
1206 2133 1229 2159 a
1255 2121 1307 2159 M.
1329 2121 1466 2158 Bruto.
1506 2120 1680 2160 Exstant
1702 2120 1924 2167 orationes,
1939 2129 1975 2159 30

178 2196 230 2221 ex
261 2181 409 2234 quibus
440 2182 612 2234 intelligi
643 2188 778 2235 potest
799 2182 928 2221 multa
949 2183 989 2221 in
1012 2182 1126 2221 illum
1150 2183 1283 2235 ipsum
1307 2182 1503 2220 Scaurum
1528 2195 1619 2220 esse
1642 2182 1768 2229 dicta3
1798 2181 1924 2221 falso:

178 2243 271 2296 quis
303 2245 452 2296 negat?
483 2257 625 2283 verum
656 2249 793 2283 tamen
825 2244 875 2283 ab
905 2244 1071 2283 inimico
1104 2245 1212 2283 dicta
1243 2250 1282 2283 et
1313 2243 1487 2283 obiecta.
1538 2243 1673 2291 Quam
1703 2244 1831 2283 multa
1860 2244 1924 2284 Μ’.

176 2304 368 2358 Aquilius
399 2306 555 2345 audivit
584 2306 624 2344 in
656 2319 730 2346 suo
761 2306 935 2346 iudicio!
970 2319 1091 2359 quam
1125 2307 1254 2346 multa
1284 2307 1328 2345 L.
1361 2305 1497 2345 Cottal
1531 2305 1712 2359 denique
1741 2307 1783 2345 P.
1811 2306 1927 2346 Ruti-

176 2366 276 2413 lius,
308 2367 378 2420 qui
411 2368 487 2406 etsi
518 2366 733 2408 damnatus
765 2373 847 2416 est,
880 2369 979 2407 mihi
1000 2368 1166 2408 videtur
1184 2375 1321 2409 tamen
1342 2369 1451 2408 inter
1470 2369 1581 2408 viros
1603 2369 1779 2421 optimos
1800 2375 1925 2422 atque

175 2429 536 2469 innocentissimos
576 2443 666 2469 esse
702 2431 993 2470 numerandus.
1040 2432 1114 2470 Ille
1144 2432 1268 2484 igitur
1296 2432 1384 2484 ipse
1415 2430 1537 2470 homo
1569 2431 1848 2471 sanctissimus
1879 2445 1924 2472 ac
1938 2441 1975 2471 35

176 2492 571 2544 temperantissimus
610 2492 735 2532 multa
766 2493 923 2532 audivit
951 2493 992 2532 in
1024 2507 1097 2532 sua
1128 2507 1270 2541 causa,
1314 2506 1419 2547 quae
1449 2492 1500 2532 ad
1533 2491 1809 2546 suspicionem
1839 2499 1925 2534 stu-

261 2626 291 2656 l.
318 2629 386 2657 nat.
413 2630 442 2657 el
464 2626 610 2667 ,qenlibus
633 2627 778 2667 scripsi:
805 2631 832 2658 el
857 2636 926 2659 om.
945 2628 1026 2666 VSg
1052 2628 1237 2659 vnationibus
1259 2637 1299 2658 ac
1321 2627 1468 2668 gentibus
1490 2626 1569 2658 edd.
1597 2627 1646 2658 Cf.
1666 2628 1708 2659 de
1726 2629 1827 2661 Deor.
1847 2631 1922 2662 Nat.

174 2676 228 2707 ΙΙΙ.
255 2676 284 2716 ἓ.
311 2676 362 2708 93.
389 2686 426 2707 ne
451 2678 597 2708 nationes
620 2678 749 2715 quidem
772 2681 800 2708 el
823 2682 941 2718 ,qeulcs
972 2696 1005 2699 —
1040 2678 1070 2709 Ξ.
1097 2679 1247 2709 sementis
1270 2678 1308 2709 V.
1338 2694 1371 2699 —
1400 2678 1430 2708 3.
1456 2686 1505 2708 mc
1527 2677 1670 2708 hercules
1692 2679 1720 2708 V
1733 2679 1774 2709 L:
1798 2680 1924 2710 meher-

174 2726 242 2756 cule
266 2727 285 2756 S
301 2727 337 2757 O.
359 2745 392 2749 —
420 2726 449 2758 4».
477 2736 514 2757 ne
538 2736 621 2766 quac
645 2728 788 2767 scripsi:
816 2738 853 2759 ne
877 2737 937 2767 que
960 2728 1006 2758 V:
1034 2737 1071 2758 ne
1095 2737 1160 2767 qua
1184 2728 1256 2759 SO.
1279 2745 1313 2749 ——
1339 2727 1370 2758 5.
1392 2727 1562 2766 prolatum
1585 2728 1617 2757 S.
1646 2744 1679 2747 —
1708 2727 1737 2758 6.
1763 2731 1926 2759 senatores

175 2775 324 2806 Faernus
350 2778 383 2806 et
408 2777 451 2807 L:
489 2780 611 2808 senates
634 2777 674 2815 V,
701 2779 736 2808 ut
760 2777 890 2808 rettulit
913 2776 1121 2808 Niebuhrius
1150 2777 1181 2808 in
1207 2775 1366 2816 exemplo
1391 2784 1454 2807 suo
1479 2775 1639 2807 editionis
1664 2776 1761 2811 Gar.;
1797 2781 1927 2809 senalus

175 2825 213 2860 S,
238 2828 384 2855 senatum
408 2827 444 2856 O.
474 2844 508 2848 ——
540 2827 570 2857 7.
597 2826 770 2858 lubidinem
800 2829 845 2865 (et
869 2828 917 2858 sic
944 2827 1094 2866 semper)
1120 2827 1163 2857 V:
1198 2827 1360 2857 libidinem
1385 2826 1456 2856 SO.
1494 2842 1529 2846 —
1564 2826 1593 2856 9.
1620 2826 1797 2866 adroganti
1818 2827 1857 2858 V.
1886 2845 1919 2851 -

175 2873 252 2904 bello
274 2876 413 2915 gerendo
438 2876 611 2907 Faernus:
638 2876 849 2916 bellisserendo
867 2877 911 2907 V:
938 2876 1155 2915 belliqeranclo
1180 2876 1251 2906 SO.
1271 2893 1306 2896 —
1335 2876 1384 2906 40.
1414 2876 1450 2914 Q.
1468 2875 1649 2915 Maximus]
1676 2876 1867 2907 Omaoeimus
1883 2877 1922 2913 Υς

177 2923 213 2961 Q.
239 2932 307 2955 orn.
334 2924 366 2955 S.
394 2942 428 2945 —
463 2927 513 2957 Μ.
540 2926 683 2964 reliquas
715 2925 924 2957 Lambinus:
958 2926 1116 2963 reliquias
1138 2926 1211 2956 VS.
1240 2942 1274 2946 -—
1310 2925 1360 2956 12.
1387 2925 1516 2963 quidem
1544 2924 1641 2955 edd.:
1677 2926 1761 2964 quod
1784 2926 1856 2957 Vs.
1886 2943 1921 2947 —

172 2974 285 3012 polcsl]
311 2977 437 3012 «potest
457 2975 529 3015 ficri
553 2974 657 3005 dubia
681 2976 719 3006 L.
745 2984 840 3016 susp.
872 2973 957 3006 Nihil
983 2983 1088 3015 opus:
1116 2974 1158 3005 cf.
1185 2973 1357 3015 Spalding.
1385 2974 1427 3005 ad
1454 2974 1587 3013 Quintil.
1606 2974 1631 3004 1.
1657 2983 1689 3015 p.
1710 2975 1783 3006 65.»
1809 2976 1865 3006 On.
1885 2992 1920 2997 —

178 3023 228 3054 43.
247 3023 367 3054 clienlis
382 3025 464 3055 V.—
492 3024 542 3056 214.
560 3025 722 3056 horribilis
738 3026 763 3055 V
779 3026 810 3056 S.
831 3043 866 3046 —
886 3025 937 3056 stss.
956 3028 999 3055 esl
1017 3033 1086 3055 oni.
1106 3025 1133 3053 V
1146 3025 1178 3055 S.
1198 3043 1232 3046 —
1250 3025 1362 3055 volunt
1378 3024 1446 3054 VS:
1472 3026 1507 3054 uc
1521 3023 1621 3054 velint
1637 3023 1661 3053 O
1679 3032 1759 3055 cuin
1777 3025 1921 3056 Iuntina.

180 3089 214 3092 —
235 3072 285 3102 Π.
310 3073 491 3113 intelleyere
515 3075 552 3106 V.
571 3092 606 3096 —
633 3075 684 3105 ⁶20.
710 3075 743 3105 in
766 3076 812 3106 Μ.
831 3074 961 3105 Fonleio
986 3074 1025 3104 S:
1050 3074 1097 3104 M.
1124 3074 1233 3104 Fonlei
1258 3074 1295 3104 V.
1313 3091 1348 3095 —
1374 3074 1426 3104 Ἣ.
1451 3073 1513 3103 hac
1536 3073 1568 3103 S.
1591 3090 1625 3093 —
1652 3073 1703 3104 ⁵22.
1731 3074 1768 3104 dc
1791 3083 1854 3113 quo
1870 3084 1925 3106 vos

177 3120 301 3151 homine
322 3121 441 3153 iudices
463 3123 543 3154 edd.
562 3125 644 3154 vett.
667 3139 701 3145 -
727 3123 780 3155 ⁶24.
807 3124 914 3162 ecquis
936 3124 974 3154 S:
1000 3123 1153 3162 haecqnis
1176 3124 1214 3153 V.
1242 3141 1277 3145 —
1310 3123 1361 3153 25.
1387 3123 1421 3153 in
1441 3121 1662 3162 potestatibus]
1698 3122 1860 3161 Yidetur,
1886 3125 1924 3155 ut

178 3170 424 3203 Mommsenius
448 3173 583 3208 monet,
616 3170 765 3203 verbum
789 3171 1018 3212 gerundivum
1043 3171 1220 3203 obtinendis
1242 3171 1296 3202 vel
1321 3170 1432 3203 simile
1456 3171 1685 3203 intercidisse.
1714 3190 1749 3194 —
1781 3172 1833 3204 228.
1859 3172 1925 3204 obi—

177 3222 303 3250 caretur
317 3220 388 3252 Vs.
409 3239 443 3243 —
470 3222 497 3252 si
520 3230 584 3252 non
605 3230 686 3252 vera
709 3225 743 3252 al
765 3222 929 3253 commode
949 3223 1028 3262 ficla
1045 3222 1186 3261 scripsi:
1212 3221 1239 3252 si
1260 3230 1343 3253 uera
1365 3231 1430 3253 non
1453 3225 1488 3253 at
1511 3222 1627 3263 deficta
1639 3221 1681 3252 V:
1708 3223 1733 3252 si
1758 3231 1821 3254 non
1842 3232 1924 3254 vera

178 3271 211 3298 al
234 3272 340 3300 tamen
359 3270 436 3310 ficta
459 3271 480 3301 S
497 3271 533 3302 Ο.
554 3288 589 3291 -
616 3270 668 3302 30.
694 3274 809 3302 eoelanl
831 3271 859 3301 V
875 3272 907 3302 S.
936 3288 970 3291 —
998 3270 1050 3301 32.
1075 3270 1133 3302 Μ’.
1152 3270 1332 3302 Garatoni:
1358 3271 1404 3301 M.
1423 3270 1451 3301 V
1467 3271 1499 3302 S.
1520 3285 1556 3292 -—
1582 3269 1634 3302 33.
1661 3270 1809 3311 Aquilius
1830 3272 1860 3303 V
1875 3273 1918 3304 S:

177 3316 335 3357 Aquillius
358 3318 394 3349 O.
423 3336 456 3340 ——
485 3319 583 3352 Cocta
606 3320 638 3351 S.
667 3336 701 3342 —
728 3319 780 3352 34.
806 3321 1002 3360 dampnatus
1026 3320 1066 3351 V.
