2143 3713
609 248 705 289 cst.
735 247 1138 287 XXVIII—XXIX.
1176 243 1249 298 ὃς.
1280 243 1478 284 56—60.
1835 238 1916 280 739

282 360 474 401 XXVIII.
505 358 570 400 58.
601 361 733 401 Venio
767 374 874 401 nunc
904 360 952 399 ad
984 361 1038 399 M.
1061 359 1281 404 Catonem,
1313 358 1422 411 quod
1456 361 1518 397 est
1546 354 1849 396 firmamentum
1871 367 1917 394 ac

175 424 299 464 robur
328 424 454 463 totius
485 423 782 463 accusationis:
815 424 882 476 qui
916 428 1050 461 tamen
1072 422 1128 460 ita
1149 419 1283 472 gravis
1308 425 1368 458 est
1390 424 1599 458 accusator
1620 424 1662 458 et
1680 417 1917 463 vehemens,

176 490 222 525 ut
251 484 379 525 multo
411 485 540 538 magis
571 485 656 523 eius
688 485 969 523 auctoritatem
1000 496 1121 536 quam
1154 481 1481 520 criminationem
1516 482 1814 533 pertimescam.
1875 479 1919 517 ln

177 560 259 600 quo
293 559 368 599 ego
399 551 645 592 accusatore,
676 545 846 593 iudices,
876 546 1055 597 primum
1089 539 1222 597 [illud]
1256 542 1523 595 deprecabor,
1553 556 1604 581 nc
1635 541 1735 593 quid
1767 542 1810 579 L.
1834 541 1922 580 Mu—

177 621 298 647 renae
330 608 507 660 dignitas
537 607 668 654 illius,
701 621 752 646 nc
784 607 882 661 quid
914 606 1169 659 exspectatio
1201 605 1460 652 tribunatus,
1493 617 1544 644 ne
1576 603 1678 657 quid
1710 603 1834 642 totius
1864 603 1954 640 vi-r,

178 675 240 709 tae
272 669 469 722 splendor
499 674 538 709 et
567 669 745 721 gravitas
777 674 940 716 noceat;
972 668 1153 720 denique
1184 680 1236 705 ne
1268 679 1315 706 ea
1346 666 1424 705 soli
1453 665 1549 705 huic
1581 665 1717 704 obsint
1737 664 1844 703 bona
1870 663 1922 702 M.

179 732 367 779 Catonis,
407 744 513 785 quae
551 731 622 769 ille
661 730 836 783 adeptus
868 736 953 777 est,
993 735 1039 769 ut
1067 728 1207 768 multis
1237 727 1438 781 prodesse
1469 731 1621 779 posset.
1681 725 1749 764 Bis
1781 725 1923 764 consul

176 793 309 834 suerat
337 795 380 833 P.
409 792 628 833 Africanus
660 798 700 832 et
732 794 836 832 duos
867 799 1043 832 terrores
1065 791 1188 831 huius
1210 790 1395 843 imperii,
1425 788 1725 840 Karthaginem
1745 789 1926 826 Numan-

178 856 381 908 tiamque,
423 854 651 901 deleverat,
695 868 788 894 cum
826 854 1034 894 accusavit
1065 853 1106 892 L.
1141 853 1313 892 Cottam.
1371 852 1471 891 Erat
1501 851 1541 890 in
1573 864 1621 890 eo
1653 864 1812 890 summa
1842 849 1928 888 elo-

180 916 369 970 quentia,
412 929 571 956 summa
610 914 733 963 fides,
779 929 937 956 summa
977 916 1213 967 integritas,
1259 913 1482 953 auctoritas
1524 917 1658 959 tanta,
1702 918 1855 966 quanta
1886 912 1926 950 in
1945 923 1978 949 io

179 978 351 1031 imperio
382 979 527 1031 populi
558 979 756 1025 Romani,
788 979 898 1031 quod
931 978 1044 1017 illius
1075 990 1199 1030 opera
1228 976 1455 1016 tenebatur.
1499 975 1630 1027 Saepe
1652 975 1730 1015 hoc
1752 975 1929 1015 maiores

179 1045 277 1079 natu
319 1039 455 1080 dicere
495 1040 657 1087 audivi,
698 1040 803 1079 hanc
844 1039 1094 1080 accusatoris
1137 1039 1329 1078 eximiam
1362 1037 1603 1089 dignitatem
1633 1037 1855 1090 plurimum
1887 1036 1930 1074 L.

181 1101 320 1142 Cottae
359 1102 576 1155 profuisse.
634 1102 866 1141 Nolucrunt
905 1101 1196 1153 sapientissimi
1227 1101 1437 1147 homines,
1482 1100 1553 1153 qui
1586 1105 1671 1139 tum
1702 1113 1788 1138 rem
1820 1098 1931 1138 illam

180 1162 438 1211 iudicabant,
471 1164 527 1203 ita
558 1177 809 1217 quemquam
841 1163 988 1203 cadere
1020 1164 1059 1202 in
1090 1163 1267 1209 iudicio,
1298 1168 1343 1202 ut
1372 1162 1512 1201 nimiis
1533 1160 1759 1202 adversarii
1779 1160 1934 1199 viribus

181 1225 367 1266 abiectus
397 1225 621 1265 videretur.
662 1224 728 1264 59.
761 1225 902 1272 Quid?
936 1225 1124 1263 Servium
1148 1224 1317 1264 Galbam
1349 1223 1457 1275 (nam
1487 1223 1681 1263 traditum
1712 1221 1986 1262 memoriaeis

182 1287 265 1340 est)
305 1301 443 1328 nonne
483 1300 638 1340 proavo
679 1293 771 1334 tuo,
811 1286 1036 1326 fortissimo
1070 1291 1194 1339 atque
1226 1286 1516 1326 florentissimo
1546 1285 1656 1332 viro,
1690 1284 1744 1324 M.
1777 1283 1936 1329 Catoni,

183 1350 438 1389 incumbenti
469 1349 521 1389 ad
554 1350 642 1389 eius
671 1349 920 1403 perniciem,
951 1347 1131 1401 populus
1161 1348 1372 1388 Romanus
1395 1348 1574 1401 eripuit?
1607 1347 1779 1399 Semper
1797 1347 1840 1385 in
1860 1345 1937 1384 hac

183 1412 345 1452 civitate
375 1411 498 1451 nimis
530 1412 687 1464 magnis
718 1416 1003 1451 accusatorum
1036 1410 1185 1463 opibus
1208 1416 1247 1450 et
1276 1410 1456 1463 populus
1476 1410 1693 1449 universus
1715 1413 1756 1448 et
1775 1407 1939 1461 sapien-

184 1478 244 1513 tes
275 1486 322 1513 ac
353 1473 527 1512 multum
558 1474 600 1513 in
631 1478 845 1526 posterum
875 1472 1182 1525 prospicientes
1214 1472 1372 1511 iudices
1392 1472 1645 1511 restiterunt.
1682 1469 1788 1510 Nolo
1819 1482 1940 1509 accu-

183 1540 295 1575 sator
324 1536 366 1575 in
397 1534 596 1574 iudicium
628 1535 855 1589 potentiam
886 1535 1053 1581 afferat,
1083 1548 1167 1574 non
1198 1534 1280 1573 vim
1312 1535 1509 1574 maiorem
1530 1534 1730 1587 aliquam,
1761 1544 1846 1571 non
1868 1543 1989 1572 au-eo

186 1597 418 1638 ctoritatem
462 1596 756 1643 excellentem,
802 1610 886 1636 non
926 1596 1093 1635 nimiam
1134 1596 1319 1649 gratiam.
1368 1596 1543 1636 Valeant
1578 1596 1681 1635 haec
1719 1593 1857 1634 omnia
1888 1591 1939 1631 ad

185 1658 362 1699 salutem
395 1658 702 1704 innocentium,
734 1658 785 1697 ad
808 1672 927 1712 opem
950 1659 1261 1710 impotentium,
1293 1658 1343 1696 ad
1366 1657 1564 1697 auxilium
1588 1657 1940 1697 calamitosorum:

184 1722 227 1761 in
257 1721 443 1774 periculo
473 1734 570 1761 vero
604 1726 643 1760 et
672 1720 715 1759 in
745 1720 929 1773 pernicie
961 1720 1111 1759 civium
1144 1719 1429 1773 repudientur.
1479 1717 1545 1758 60.
1566 1720 1669 1758 Nam
1692 1719 1725 1758 si
1747 1717 1841 1771 quis
1864 1717 1942 1756 hoc

183 1782 289 1823 forte
319 1783 447 1830 dicet,
480 1783 676 1822 Catonem
708 1782 1005 1822 descensurum
1035 1782 1087 1822 ad
1118 1782 1394 1822 accusandum
1424 1795 1507 1821 non
1538 1781 1687 1828 fuisse,
1718 1780 1798 1819 nisi
1827 1779 1942 1832 prius

186 1845 237 1885 de
270 1859 394 1886 causa
423 1844 667 1891 iudicasset,
710 1844 895 1898 iniquam
926 1845 1082 1897 legem,
1122 1844 1305 1891 iudices,
1347 1849 1388 1884 et
1427 1844 1622 1883 miseram
1659 1842 1941 1883 conditionem
1956 1855 1992 1883 25

185 1908 372 1948 instituet
400 1907 598 1960 periculis
628 1907 866 1954 hominum,
898 1907 932 1947 si
964 1907 1219 1947 existimabit
1248 1906 1445 1946 iudicium
1473 1905 1722 1946 accusatoris
1752 1905 1795 1944 in
1825 1917 1941 1943 reum

185 1984 261 2024 pro
292 1969 434 2024 aliquo
465 1969 720 2023 praeiudicio
751 1969 889 2009 valere
919 1975 1123 2022 oportere.

298 2032 454 2072 XXIX.
484 2032 573 2084 Ego
604 2036 720 2070 tuum
751 2031 993 2079 consilium,
1026 2031 1149 2079 Cato,
1188 2035 1358 2085 propter
1388 2030 1598 2083 singulare
1629 2029 1752 2070 animi
1783 2029 1863 2069 mei
1893 2027 1943 2067 de

189 2100 259 2136 tua
296 2096 446 2136 virtute
484 2093 685 2133 iudicium
721 2093 956 2146 vituperare
992 2107 1077 2133 non
1114 2107 1307 2146 possum3
1345 2093 1546 2133 nonnulla
1574 2091 1750 2132 forsitan
1781 2090 1946 2131 confor-

190 2220 316 2252 deesse
341 2218 438 2251 testis
468 2218 521 2249 est
543 2216 670 2249 Plinius
700 2217 800 2258 epist.
828 2218 851 2248 Ι.
878 2218 951 2255 20.‚
989 2225 1096 2258 quem
1120 2217 1235 2249 locum
1260 2217 1394 2258 primus
1418 2215 1628 2248 Niebuhrius
1651 2215 1695 2246 ad
1719 2215 1784 2247 Cic.
1808 2215 1944 2255 Fraym.

189 2279 223 2311 p.
247 2269 301 2302 40.
327 2267 457 2300 attulit:
486 2267 587 2298 Testes
608 2270 684 2298 sunt
704 2266 827 2298 multae
850 2267 1029 2298 mullorum
1045 2268 1208 2298 orationes
1231 2271 1260 2299 ct
1276 2267 1439 2299 Ciceronis
1458 2275 1522 2306 pro
1536 2267 1701 2303 Murena,
1723 2274 1786 2304 pro
1806 2265 1946 2302 Vareno,

187 2321 222 2351 in
250 2318 366 2359 quibus
394 2317 497 2348 brevis
524 2320 554 2349 et
581 2317 671 2347 nuda
698 2317 792 2355 quasi
815 2316 1006 2356 subscriptio
1031 2317 1239 2355 quorundam
1262 2316 1437 2347 criminum
1460 2315 1536 2346 sotis
1558 2315 1659 2346 titulis
1680 2315 1858 2345 indicatur.
1894 2314 1948 2344 Ea·

187 2370 236 2400 his
257 2371 397 2409 apparet
418 2368 510 2398 illum
527 2366 694 2406 permulta
718 2366 850 2403 divisse,
876 2375 950 2397 cum
965 2367 1071 2397 ederet
1087 2367 1238 2397 omisisse.
1266 2365 1401 2406 (Orelli:
1428 2366 1477 2396 De
1494 2365 1550 2396 Cn.
1566 2364 1721 2396 Postumii
1743 2362 1946 2394 criminibus.

188 2419 238 2450 De
252 2419 324 2450 Ser.
342 2417 479 2457 Sulpicii
502 2415 710 2447 adolescentis
732 2415 946 2455 criminibus.)
967 2433 1001 2438 —
1029 2416 1058 2446 4.
1079 2416 1165 2455 quod
1180 2419 1224 2447 est
1240 2434 1288 2439 --
1304 2415 1522 2447 accusationis
1539 2423 1608 2446 oni.
1635 2415 1675 2445 H.
1697 2431 1731 2436 —-
1757 2414 1949 2454 fundamen-

188 2471 257 2499 tum
280 2468 307 2499 G
329 2468 365 2499 et
388 2465 499 2498 codex
516 2465 651 2504 Lamb.,
677 2465 737 2505 (St.
756 2464 893 2504 Victa),
920 2464 997 2496 sort..
1016 2466 1131 2497 recte:
1158 2475 1190 2497 v,
1210 2468 1328 2498 tamen
1345 2466 1388 2497 de
1413 2466 1498 2506 imp.
1520 2466 1582 2497 Cn.
1603 2465 1723 2505 Pomp.
1743 2463 1772 2503 g.
1790 2464 1841 2496 40.
1860 2482 1893 2486 -
1921 2468 1948 2495 et

187 2516 291 2548 robur
306 2525 382 2548 V.—
399 2517 430 2548 2.
450 2519 479 2548 et
492 2516 657 2547 vehemens
673 2523 742 2546 om.
759 2516 838 2546 G.—
858 2514 890 2547 4.
908 2515 989 2546 illud
1004 2524 1074 2547 om.
1091 2517 1169 2547 G.—
1190 2516 1222 2547 5.
1240 2519 1364 2555 expect.
1383 2515 1509 2547 mei.—
1529 2514 1625 2546 totius
1641 2522 1709 2544 om.
1727 2514 1806 2544 G.—
1827 2514 1857 2545 7.
1874 2522 1951 2553 pro-

189 2568 277 2600 desse
296 2567 408 2599 multis
421 2575 497 2598 v.—
521 2568 625 2605 posset
639 2573 680 2594 v:
702 2565 803 2604 possit
820 2566 845 2595 G
859 2565 891 2596 M
904 2565 928 2595 L
941 2574 965 2602 χ
989 2566 1162 2604 (prodesset
1185 2574 1247 2606 pro
1269 2566 1421 2605 prodesse
1431 2568 1538 2604 posset
1553 2565 1579 2596 E
1594 2564 1617 2596 C
1633 2564 1660 2595 H
1674 2563 1695 2594 S
1709 2567 1755 2602 ψ,
1783 2562 1877 2603 quod
1894 2572 1947 2595 re-

191 2616 286 2659 cepit
299 2615 475 2656 Klotzius).
488 2632 524 2638 —
544 2615 575 2646 8.
594 2614 744 2655 carthag.
760 2615 791 2646 M
800 2624 832 2652 v,
850 2618 981 2655 cartaq.
998 2616 1034 2646 G.
1052 2632 1087 2636 —
1112 2616 1316 2646 nemantiam
1333 2617 1413 2647 G.-
1440 2615 1471 2646 9.
1497 2615 1532 2645 in
1554 2622 1593 2645 ea
1610 2613 1656 2646 H2
1681 2621 1717 2645 eo
1734 2622 1803 2644 om.
1823 2614 1848 2645 G
1862 2613 1948 2645 M.—

191 2666 245 2698 40.
268 2666 305 2698 in
325 2667 463 2706 imperio
487 2665 512 2696 E
526 2665 613 2701 GM,
639 2665 658 2695 5
677 2666 787 2701 Para,
813 2663 832 2695 4
850 2664 947 2701 ΟΧΧ.,
973 2664 1076 2704 Lagg.
1102 2672 1248 2696 omnes:
1275 2666 1310 2696 in
1334 2673 1403 2696 om.
1422 2665 1446 2695 T
1460 2669 1512 2703 ψ,
1539 2664 1573 2694 in
1595 2663 1664 2702 ipso
1680 2663 1816 2702 imperio
1832 2661 1903 2695 Pal.
1919 2664 1949 2700 4,

194 2715 249 2748 ed.
274 2717 383 2757 Naug.
409 2716 484 2748 LO.
513 2715 650 2755 (quanta
672 2714 706 2744 in
729 2714 856 2745 homine
879 2722 1045 2753 quoquam
1068 2717 1097 2745 et
1119 2714 1155 2744 in
1177 2715 1246 2754 ipso
1270 2714 1348 2753 imp.
1374 2713 1421 2753 v.)
1449 2731 1484 2735 —
1512 2714 1564 2744 4⁶2.
1590 2712 1703 2743 audivi
1727 2713 1831 2744 dicere
1853 2721 1886 2743 v.
1916 2730 1950 2734 -

193 2765 352 2798 eximiam
373 2766 407 2798 M
430 2774 478 2798 m.
504 2773 577 2806 pin:
604 2763 762 2795 eaeimiam
783 2763 850 2794 vim
874 2764 898 2794 E
914 2765 938 2794 G
952 2772 993 2802 v,
1018 2765 1094 2795 Par.
1121 2765 1151 2795 4.
1178 2763 1224 2802 4.,
1250 2765 1269 2795 5
1294 2764 1394 2801 Oxx.;
1430 2763 1589 2795 eoeimiam
1611 2763 1677 2794 vim
1700 2765 1730 2793 et
1752 2762 1785 2793 M
1808 2770 1854 2793 m.
1881 2769 1952 2793 seo.

193 2816 271 2847 Par.
297 2815 328 2847 7.
354 2814 386 2847 8.
411 2815 458 2854 9.‚
483 2814 525 2846 H.
558 2831 592 2835 —
628 2813 809 2853 plurimum
838 2813 930 2845 EM:
963 2814 1145 2853 plurimam
1169 2815 1247 2852 GV,
1284 2815 1359 2844 Par.
1387 2814 1416 2844 4.
1443 2813 1473 2845 4.
1511 2831 1544 2835 -
1580 2812 1632 2844 43.
1659 2815 1728 2843 tum
1751 2819 1820 2843 om.
1846 2811 1889 2842 M.
1917 2828 1951 2832 —

195 2863 248 2897 44.
273 2864 433 2896 iudicium
454 2864 532 2902 Ηχ.
562 2881 594 2887 —-
627 2863 724 2894 nimis
747 2864 770 2894 E
786 2863 834 2901 H,
859 2863 957 2894 unius
980 2863 1023 2895 M.
1052 2881 1086 2886 —
1121 2863 1292 2894 adversari
1316 2864 1352 2893 G.
1382 2880 1416 2884 —
1449 2862 1573 2893 viribus
1596 2870 1666 2893 om.
1692 2861 1729 2892 E.
1758 2878 1792 2882 —
1820 2860 1872 2891 45.
1899 2858 1956 2890 ob-

196 2913 298 2946 iectus
321 2913 360 2946 C.
389 2930 424 2936 -—
450 2914 577 2945 seruius
600 2914 637 2944 G.
666 2930 701 2935 —
731 2913 782 2943 46.
809 2915 855 2943 est
877 2913 930 2943 M:
958 2920 1028 2943 om.
1054 2912 1245 2944 EGCHv.
1274 2929 1308 2933 —
1337 2911 1388 2942 47.
1409 2919 1488 2950 pop.
1508 2911 1613 2952 Rom]
1634 2914 1733 2949 pater
1757 2912 1783 2941 G
1807 2918 1886 2941 cum
1911 2908 1957 2940 la-

196 2971 300 2995 cuna.
324 2981 368 2986 —
398 2963 451 2995 48.
477 2962 627 3003 operibus
650 2968 696 3003 ψ.
729 2980 764 2984 -
798 2962 850 2993 20.
877 2962 1009 3001 adferat
1032 2963 1068 2993 G.
1109 2979 1144 2983 —
1176 2962 1228 2993 ⁴22.
1255 2961 1461 2992 innocentum
1484 2961 1565 3001 Lag.
1591 2960 1622 2991 9.
1648 2959 1700 2992 24.
1730 2978 1765 2982 —
1800 2959 1843 2990 ad
1866 2967 1957 2998 opem

195 3011 308 3052 impot.
335 3021 405 3044 om.
430 3021 464 3044 v.
491 3029 526 3034 ——
551 3013 763 3052 impotentum
787 3012 867 3051 Lag.
893 3011 924 3042 3.
951 3011 981 3042 7.
1008 3012 1038 3043 8.
1065 3011 1095 3043 9.
1124 3029 1160 3034 -—
1186 3011 1239 3043 23.
1265 3012 1300 3042 in
1317 3012 1464 3051 pernicie
1486 3020 1563 3042 vero
1587 3013 1616 3041 et
1638 3010 1674 3040 in
1693 3007 1840 3048 periculo
1863 3015 1896 3038 v.
1917 3024 1952 3028 —

197 3070 275 3094 vero
299 3071 369 3095 om.
395 3072 431 3101 χ.
459 3079 494 3084 -
519 3061 573 3094 24.
599 3062 718 3094 diceret
740 3070 772 3092 κ’.
793 3078 827 3082 -
855 3061 1077 3092 discensurum
1099 3061 1144 3092 M.
1165 3078 1199 3082 —
1225 3069 1291 3091 non
1315 3069 1384 3092 om.
1403 3061 1440 3092 E.
1462 3077 1497 3082 —
1523 3061 1576 3092 25.
1602 3059 1723 3090 iudices
1745 3057 1847 3098 legem
1870 3066 1902 3087 v.
1922 3074 1955 3079 —-

196 3113 251 3145 26.
269 3113 408 3145 instituit
429 3117 476 3154 ψ.
491 3129 526 3134 -
552 3111 762 3144 existimabat
779 3113 824 3147 G.
850 3109 1010 3142 estimabit
1026 3110 1063 3141 E.
1086 3125 1120 3132 -
1147 3110 1201 3141 27.
1224 3118 1286 3149 pro
1310 3118 1380 3141 om.
1398 3110 1545 3149 ECSuJ.
1562 3126 1596 3131 —
1622 3108 1676 3139 28.
1696 3105 1798 3147 tuum]
1823 3106 1908 3137 enim
1923 3114 1956 3136 v.

201 3179 237 3184 —
256 3162 336 3194 Cato
361 3171 433 3194 om.
452 3163 490 3193 G.
511 3179 547 3184 —
571 3161 626 3192 29.
650 3170 716 3192 non
735 3168 867 3200 possum
891 3160 981 3197 ΜΗ,
1008 3160 1083 3191 Par.
1110 3160 1141 3191 7.
1168 3159 1214 3196 9..
1241 3159 1297 3191 ed.
1315 3161 1394 3191 Asc.
1422 3159 1524 3191 4544:
1551 3167 1616 3189 non.
1636 3165 1723 3197 poss.
1750 3163 1820 3187 om.
1846 3155 1957 3191 EGv,

198 3210 218 3242 3
235 3212 346 3250 Parr.,
363 3211 384 3244 4
405 3212 504 3248 Oxx.;
529 3218 596 3241 non
611 3211 716 3241 audeo
732 3209 788 3241 ed.
808 3210 915 3246 Crat..
933 3209 958 3240 L
972 3208 1010 3240 O.
1026 3225 1061 3229 —
1080 3207 1240 3239 nonnulla
1263 3209 1288 3240 E
1303 3210 1328 3239 G
1342 3209 1366 3240 C
1381 3209 1402 3239 S
1415 3209 1440 3239 T
1453 3217 1492 3246 χ,
1515 3206 1611 3246 Pall.,
1630 3207 1677 3237 St.
1695 3205 1797 3243 Vict.‚
1823 3204 1959 3236 Franc.:

200 3260 393 3293 nonnullam
407 3268 447 3300 v,
474 3259 633 3290 nonnulla
648 3259 683 3290 in
698 3268 735 3291 re
750 3260 827 3291 Par.
846 3259 890 3297 9.‚
910 3257 966 3289 ed.
984 3259 1076 3296 Asc.‚
1095 3257 1141 3295 03
1166 3258 1326 3289 nonnulla
1348 3258 1384 3289 in
1399 3261 1429 3289 te
1444 3258 1468 3288 L
1485 3267 1491 3296 ;
1516 3257 1551 3288 in
1566 3265 1603 3288 re
1618 3255 1726 3287 habet
1741 3255 1774 3287 M
1789 3255 1869 3296 post
1889 3254 1962 3294 for—

199 3309 297 3341 sitan.
325 3325 360 3332 —
386 3309 594 3350 conformare
616 3309 670 3342 M:
701 3309 890 3350 confortare
914 3309 957 3347 G,
982 3308 1180 3348 confirmare
1202 3307 1230 3339 11
1244 3307 1264 3338 S
1278 3307 1322 3346 T,
1357 3306 1376 3338 3
1400 3307 1510 3346 Parr.‚
1534 3306 1707 3348 infirmare
1728 3313 1768 3342 v;
1794 3303 1961 3343 conferam

198 3366 236 3391 re
258 3358 302 3400 E,
327 3366 397 3393 om.
422 3363 470 3401 ψ.
