2143 3713
541 215 627 255 Lm.
658 214 707 255 V.
747 212 842 254 cip,
873 212 1223 255 XXX—XXXI.
1259 212 1334 267 §§.
1365 212 1561 255 77—82.
1851 216 1931 258 405

177 326 288 368 enim
319 340 410 367 esse
441 332 572 366 totum
601 324 703 365 mihi
727 324 884 363 crimen
914 323 995 364 hoc
1024 325 1252 378 integrum:
1283 330 1345 365 est
1375 331 1512 367 certus
1543 327 1676 376 locus,
1707 335 1820 371 certa
1848 330 1930 379 lex,

176 394 330 430 certum
364 388 563 435 tribunal,
599 399 683 440 quo
713 385 792 426 hoc
823 393 1069 427 reservetur.

285 451 440 490 XXXI.
485 448 550 488 80.
596 448 682 487 Hac
722 452 836 487 tanta
876 449 1031 500 praeda
1072 453 1240 496 auctus,
1280 449 1527 502 mancipiis,
1573 458 1769 504 argento,
1816 460 1929 495 veste

172 513 466 566 locupletatus,
498 510 628 551 nihilo
660 509 902 561 diligentior
932 511 983 550 ad
1015 511 1189 551 classem
1221 511 1464 558 ornandam,
1495 512 1649 553 milites
1670 518 1929 557 revocandos

172 575 433 627 alendosque
465 585 553 613 esse
585 571 737 623 coepit,
769 585 863 611 cum
895 585 943 612 ea
972 586 1038 612 res
1070 585 1153 612 non
1185 572 1320 612 solum
1352 574 1593 625 provinciae
1617 576 1754 624 saluti,
1785 585 1961 619 νει-111115

171 637 297 676 etiam
328 636 407 688 ipsi
438 633 616 688 praedae
647 637 790 685 posset
821 646 925 673 esse.
975 636 1076 674 Nam
1099 639 1254 674 aestate
1276 649 1451 682 summa,
1484 649 1568 690 quo
1590 642 1778 690 tempore
1801 641 1927 680 ceteri

168 703 379 752 praetores
410 697 524 736 obire
554 695 811 747 provinciam
843 701 884 735 et
914 709 1163 736 concursare
1195 703 1452 737 consuerunt
1481 703 1553 738 aut
1583 699 1707 739 etiam
1738 700 1780 740 in
1813 706 1928 742 tanto

168 761 426 814 praedonum
465 763 577 797 metu
616 761 656 796 et
696 757 881 809 periculo
922 760 1004 811 ipsi
1046 759 1261 811 navigare,
1309 773 1357 799 eo
1398 765 1586 813 tempore
1623 761 1676 801 ad
1716 762 1927 803 luxuriam

167 822 447 874 libidinesque
479 832 576 859 suas
608 819 732 858 domo
765 832 840 859 sua
870 821 1003 873 regia,
1045 834 1152 874 quae
1183 823 1291 874 regis
1323 822 1519 862 Hieronis
1550 823 1651 871 fuit,
1694 837 1779 878 qua
1809 839 1928 879 prae-

167 891 275 925 tores
306 884 365 923 uti
396 882 542 929 solent,
574 886 794 921 contentus
826 896 911 923 non
942 883 1040 922 fuit:
1074 882 1354 932 tabernacula,
1388 898 1512 938 quem
1544 885 1596 924 ad
1627 887 1797 927 modum
1828 895 1976 928 con-io

166 951 305 987 suerat
346 943 602 997 temporibus
643 944 833 991 aestivis,
876 946 988 998 quod
1028 951 1150 984 antea
1189 946 1490 994 demonstravi,
1529 948 1735 988 carbaseis
1765 949 1928 990 intenta

170 1008 272 1048 velis
307 1006 499 1077 collecari
540 1007 662 1047 iussit
691 1007 734 1046 in
766 1006 909 1054 litore,
952 1008 1065 1061 quod
1104 1012 1167 1047 est
1207 1008 1305 1048 litus
1336 1009 1378 1049 in
1410 1009 1552 1052 Insula
1583 1010 1800 1064 Syracusis
1830 1018 1928 1065 post

164 1069 392 1110 Arethusae
423 1067 579 1109 fontem
610 1074 782 1122 propter
812 1070 949 1122 ipsum
981 1070 1198 1110 introitum
1229 1076 1357 1125 atque
1379 1072 1532 1112 ostium
1555 1078 1715 1126 portus,
1746 1087 1924 1116 amoeno

165 1145 264 1173 sane
294 1136 335 1171 et
363 1131 413 1170 ab
443 1131 608 1171 arbitris
638 1136 798 1171 remoto
830 1131 936 1171 loco.
996 1128 1062 1171 81.
1105 1133 1182 1172 Hic
1219 1132 1308 1173 dies
1348 1135 1531 1174 aestivos
1569 1141 1737 1188 praetor
1778 1139 1924 1191 populi

163 1193 357 1240 Romani,
392 1198 530 1233 custos
563 1193 842 1247 defensorque
874 1194 1128 1246 provinciae,
1160 1195 1218 1234 sic
1249 1195 1376 1243 vixit,
1407 1203 1453 1235 ut
1482 1197 1702 1238 muliebria
1733 1200 1922 1252 quotidie
1937 1208 1973 1237 45

163 1255 352 1296 convivia
393 1260 552 1303 essent,
596 1256 658 1295 vir
699 1256 963 1296 accumberet
1001 1270 1122 1296 nemo
1162 1263 1330 1310 praeter
1366 1259 1505 1311 ipsum
1545 1264 1586 1298 et
1615 1266 1922 1311 praetextatum

161 1317 314 1358 filium:
343 1338 398 1346 —
429 1318 505 1357 etsi
534 1322 646 1358 recte
678 1318 769 1357 sine
812 1320 1060 1371 exceptione
1092 1319 1306 1368 dixeram,
1344 1321 1499 1368 virum,
1545 1335 1637 1361 cum
1667 1322 1736 1362 isti
1767 1329 1921 1371 essent,

161 1381 369 1420 neminem
397 1378 549 1419 fuisse:
581 1401 635 1408 —
667 1392 982 1434 nonnumquam
1020 1381 1144 1422 etiam
1174 1382 1346 1422 libertus
1378 1382 1666 1424 Timarchides
1695 1384 1922 1426 adhibeba-

161 1447 247 1489 tur;
288 1440 485 1481 mulieres
524 1446 662 1481 autem
705 1448 860 1495 nuptae
898 1443 1061 1483 nobiles
1090 1449 1257 1497 praeter
1295 1458 1422 1485 unam
1452 1447 1567 1486 mimi
1598 1446 1748 1486 Isidori
1779 1445 1920 1496 filiam,

161 1515 285 1557 quam
306 1503 386 1543 iste
406 1509 578 1556 propter
597 1516 781 1544 amorem
802 1505 852 1544 ab
874 1505 1037 1546 Rhodio
1059 1506 1229 1546 tibicine
1255 1507 1497 1555 abduxerat,
1529 1508 1559 1560 ·1-
1579 1508 1680 1561 Pipa
1700 1509 1921 1562 quaedam,
1934 1518 1970 1547 20

158 1580 263 1607 uxor
301 1565 571 1606 Aeschrionis
609 1567 877 1620 Syracusani,
919 1567 969 1606 de
1010 1582 1093 1621 qua
1131 1570 1305 1610 muliere
1342 1570 1511 1623 plurimi
1551 1584 1718 1619 versus,
1763 1572 1836 1625 qui
1876 1574 1920 1613 in

158 1629 277 1669 istius
308 1627 579 1682 cupiditatem
608 1629 705 1668 facti
736 1633 845 1677 sunt,
883 1635 967 1670 tota
999 1631 1139 1670 Sicilia
1168 1632 1519 1685 percelebrantur.
1578 1631 1645 1672 82.
1676 1634 1776 1674 Erat
1804 1635 1918 1684 Nice,

157 1692 263 1732 facie
294 1690 460 1737 eximia,
492 1695 538 1730 ut
556 1690 828 1743 praedicatur,
859 1706 965 1733 uxor
988 1692 1200 1732 Cleomeni
1224 1694 1489 1748 Syracusani.
1534 1695 1652 1735 Hanc
1676 1695 1918 1738 Cleomenes

158 1755 221 1794 vir
242 1753 427 1799 amabat3
457 1766 601 1793 verum
622 1758 761 1793 tamen
781 1753 906 1794 huius
927 1755 1089 1794 libidini
1112 1755 1321 1797 adversari
1345 1770 1421 1796 nec
1442 1762 1607 1810 poterat
1624 1772 1703 1800 nec
1724 1761 1917 1810 audebat,

160 1821 200 1856 et
230 1815 353 1855 simul
384 1814 434 1855 ab
474 1814 552 1855 isto
594 1816 713 1855 donis
752 1814 1051 1870 beneficiisque
1089 1819 1231 1859 multis
1272 1819 1598 1860 devinciebatur.
1658 1822 1736 1862 Illo
1778 1828 1967 1865 autem25

159 1883 344 1930 tempore
383 1876 481 1923 iste,
523 1878 684 1917 tametsi
726 1891 774 1918 ea
817 1884 879 1918 est
916 1878 1098 1920 hominis
1135 1880 1414 1934 impudentia,
1461 1895 1587 1935 quam
1627 1884 1784 1933 nostis,
1825 1886 1916 1939 ipse

247 2038 277 2069 4.
303 2038 388 2070 enim
411 2046 475 2069 esse
499 2041 600 2069 lolam
622 2038 700 2069 milii
723 2039 843 2070 crimen
870 2037 889 2069 7.
907 2039 974 2071 03:
1000 2041 1031 2071 in
1059 2041 1098 2071 R:
1125 2050 1190 2072 esse
1210 2041 1296 2072 enim
1319 2045 1340 2073 t.
1366 2050 1409 2072 m.
1428 2050 1475 2073 cr.
1502 2041 1565 2073 sed
1588 2051 1653 2074 esse
1677 2043 1762 2084 (sic),
1789 2045 1916 2086 quibus

157 2089 292 2130 punctis
316 2092 501 2129 peccatum
526 2097 604 2120 esse
630 2089 661 2119 iu
687 2088 751 2119 hoc
780 2089 888 2120 verbo
914 2089 1141 2129 significatur:
1179 2100 1244 2122 esse
1273 2092 1355 2122 enim
1387 2091 1465 2122 mihi
1496 2095 1598 2122 tolum
1621 2101 1668 2124 cr.
1695 2094 1785 2133 Lg29
1811 2094 1915 2135 [unde

157 2137 384 2170 confirmatur
407 2138 577 2178 scriptura
603 2137 679 2170 cod.
708 2139 778 2177 R.];
803 2140 888 2170 enim
910 2139 988 2170 mihi
1012 2144 1114 2171 tolum
1137 2150 1202 2172 esse
1225 2150 1272 2172 cr.
1301 2141 1385 2172 dett.
1412 2142 1449 2172 Ο.
1471 2159 1506 2164 -
1533 2143 1564 2173 2.
1591 2143 1665 2184 quo]
1691 2144 1777 2183 quod
1799 2144 1858 2177 R3.
1877 2163 1912 2167 -

155 2189 187 2219 5.
212 2186 322 2228 saluti]
341 2210 520 2218 .......
539 2188 591 2218 dio
615 2189 666 2219 sic
690 2197 810 2220 rursus
834 2189 953 2229 incipit
970 2190 1015 2227 νς
1042 2190 1134 2221 unde
1153 2191 1261 2221 Maius
1287 2191 1375 2221 coni.
1399 2191 1578 2230 praesidio.
1606 2191 1744 2232 (desinit
1759 2193 1788 2223 V
1811 2193 1842 2234 g.
1860 2194 1913 2225 85.

155 2245 188 2267 v.
216 2237 245 2268 vi.
272 2236 305 2267 in
330 2235 450 2267 litteris
476 2237 558 2267 inter
582 2240 641 2268 tu.
664 2239 697 2276 .)
725 2254 759 2258 —
786 2238 817 2269 6.
845 2238 903 2277 ipsi
928 2247 997 2269 om.
1025 2239 1062 2270 V.
1091 2240 1168 2279 (ΒΓ.)
1198 2258 1231 2262 -
1256 2241 1402 2279 praedae
1420 2244 1527 2280 posset
1550 2250 1615 2273 esse
1636 2240 1669 2279 λ,
1694 2242 1803 2282 Lg29‚
1830 2243 1914 2275 item

153 2287 184 2318 V
208 2285 282 2328 (sed
300 2286 355 2318 hic
374 2286 538 2327 praeda):
560 2287 710 2326 praedae
728 2289 831 2327 possit
853 2297 918 2319 esse
942 2289 965 2319 R
992 2290 1032 2320 Gi
1056 2290 1073 2320 ’Ξ
1101 2290 1166 2329 (hic
1187 2298 1256 2321 om.
1276 2290 1370 2329 esse):
1392 2300 1447 2330 pr.
1467 2300 1532 2323 esse
1547 2292 1651 2332 possit
1666 2292 1745 2329 Ld.;
1768 2293 1916 2333 praedae

153 2344 219 2368 esse
236 2339 343 2376 posset
366 2336 450 2368 dett.
471 2337 507 2367 O.
529 2354 563 2358 —
583 2337 714 2378 aestate]
740 2341 822 2369 state
841 2339 876 2369 R.
899 2356 933 2360 —
954 2339 984 2370 7.
1003 2340 1265 2372 circumcursare
1280 2348 1388 2380 marg.
1407 2341 1528 2372 Lamb.
1549 2342 1644 2374 4584.
1667 2359 1701 2365 -
1720 2348 1915 2376 consuerunt

155 2387 181 2418 R
207 2387 253 2418 G2
278 2386 339 2418 Ld.
366 2387 394 2416 V
416 2387 523 2426 Lg‘29:
549 2392 783 2419 consueverunt
807 2389 849 2419 Gi
880 2388 963 2419 dett.
991 2389 1026 2420 O.
1050 2408 1084 2412 —
1104 2389 1173 2430 aut]
1197 2393 1234 2421 ut
1255 2390 1294 2421 V.
1318 2408 1351 2411 —
1372 2391 1476 2432 tanto]
1499 2394 1544 2423 tol
1567 2392 1607 2423 V.
1629 2410 1663 2414 —
1683 2393 1714 2425 8.
1740 2394 1808 2433 ipse
1823 2394 1860 2426 R.
1875 2412 1910 2416 —

155 2436 327 2468 luxuriam
352 2435 398 2467 G3
415 2437 455 2474 V,
482 2438 584 2477 Lagg.
612 2446 753 2469 omnes:
788 2439 954 2470 Iaoeariem
989 2440 1026 2470 R.
1054 2440 1103 2471 Cf.
1131 2439 1243 2471 Madv.
1278 2448 1312 2481 p.
1345 2439 1413 2472 ¹84.
1440 2440 1515 2472 coll.
1543 2450 1576 2482 p.
1602 2441 1655 2474 47.
1684 2461 1718 2464 —
1746 2443 1776 2475 9.
1803 2444 1914 2475 domos

154 2495 215 2518 sua
239 2486 279 2517 V.
308 2486 387 2526 (ΒΓ.)
416 2504 450 2508 -
479 2496 562 2526 qaae
585 2497 652 2528 req.
671 2489 845 2530 -—solcnl]
884 2490 977 2520 ilaec
999 2498 1052 2520 vv.
1079 2489 1158 2521 Ern.
1186 2492 1220 2521 et
1242 2491 1378 2531 Zumpt.
1416 2499 1455 2521 ex
1486 2491 1541 2522 IV.
1569 2490 1599 2531 S.
1627 2492 1700 2524 448.
1734 2493 1803 2524 huc
1833 2501 1912 2524 esse

155 2535 319 2568 translata
343 2537 408 2567 rati
431 2545 494 2577 pro
517 2538 642 2579 spuriis
668 2537 807 2569 habent.
839 2556 872 2561 —
901 2540 951 2570 40,
979 2542 1177 2579 contemptus
1206 2540 1243 2571 R.
1272 2558 1305 2563 —
1334 2544 1508 2572 consuerat
1531 2540 1598 2579 R3,
1623 2541 1663 2580 V,
1689 2542 1795 2582 Lgs·29:
1832 2551 1912 2574 con-

153 2589 303 2618 sueverat
326 2586 410 2618 dett.
439 2587 476 2618 O.
506 2605 540 2609 —
568 2588 620 2619 44.
646 2591 744 2620 antea
769 2588 827 2626 R3.
853 2586 885 2625 λ,
915 2589 957 2618 V:
984 2592 1082 2620 antea
1106 2590 1173 2620 iam
1197 2589 1281 2621 dett.
1308 2590 1345 2621 Ο.
1374 2607 1409 2612 -
1437 2590 1583 2622 carbasis
1605 2592 1643 2623 R.
1665 2610 1701 2615 -
1727 2592 1779 2624 42.
1805 2593 1912 2624 conlo-

153 2636 226 2668 cari
248 2637 273 2667 R
296 2636 336 2674 V3
361 2636 521 2668 collocare
543 2638 644 2677 Lg29.
666 2654 700 2659 ——
720 2638 754 2669 in
777 2640 856 2669 ante
872 2638 983 2669 Insula
999 2647 1068 2670 om.
1089 2638 1147 2670 R3.
1175 2648 1254 2671 xnon
1271 2639 1323 2679 V.)
1344 2658 1380 2663 —-
1400 2640 1450 2673 013.
1469 2644 1645 2672 araetusae
1660 2641 1697 2672 R.
1719 2642 1911 2674 —hostium

153 2687 179 2718 R
203 2685 305 2726 Lg29.
333 2702 368 2707 —
401 2685 453 2718 ili.
485 2688 622 2718 aestivos
650 2687 696 2718 R3
721 2686 756 2718 2:
794 2688 930 2719 aestivos
960 2688 1028 2719 iam
1056 2689 1225 2720 continuos
1254 2689 1300 2728 V,
1333 2690 1426 2730 quod
1456 2691 1591 2731 recepit
1622 2690 1738 2729 Halm;
1774 2694 1912 2724 aestivos

153 2735 328 2776 serayinta
351 2735 435 2767 deit.
462 2736 499 2767 Ο.
526 2737 714 2777 Utrumque
740 2746 782 2769 ex
805 2737 930 2777 glossa.
958 2738 999 2769 cf.
1027 2739 1161 2779 Zumpt.
1188 2738 1219 2780 ἓ.
1247 2739 1298 2771 94.
1324 2740 1397 2771 437.
1420 2750 1548 2781 -ρορ,
1574 2742 1610 2772 R.
1636 2750 1706 2773 om.
1732 2742 1798 2773 R3:
1822 2743 1858 2774 in
1881 2744 1910 2774 V

154 2788 208 2818 est
229 2786 391 2823 PROPR,
421 2785 514 2818 unde
539 2787 658 2818 mendi
681 2788 776 2827 origo
801 2789 956 2828 apparet.
983 2788 1067 2819 Hinc
1090 2787 1139 2819 Kl.
1167 2791 1201 2820 et
1226 2789 1341 2821 Halm:
1374 2791 1490 2831 populi
1512 2792 1602 2822 Rom.
1623 2795 1780 2831 praetor,
1813 2792 1909 2832 quod

153 2844 236 2868 sane
261 2834 304 2866 ad
328 2836 446 2866 notam
471 2835 599 2869 codicis
623 2838 662 2868 V.
692 2838 834 2878 propius
860 2837 1004 2869 accedit.
1048 2838 1097 2869 Cf.
1136 2837 1180 2869 ad
1211 2838 1264 2870 IV.
1297 2839 1328 2879 g.
1356 2840 1428 2871 450.
1458 2859 1493 2863 -
1520 2841 1572 2872 45.
1604 2842 1720 2873 cotidie
1753 2841 1778 2872 R
1801 2841 1841 2871 V.
1870 2859 1906 2863 —

155 2885 206 2917 46.
232 2884 407 2917 accubaret
429 2885 468 2916 V.
491 2903 526 2908 —
548 2887 598 2918 47.
624 2888 680 2918 etsi
704 2886 806 2919 1332:
833 2889 960 2919 tametsi
977 2888 1004 2919 V
1030 2888 1119 2927 (Bu),
1147 2888 1231 2920 dett.
1258 2889 1295 2920 O.
1318 2906 1352 2911 —
1372 2891 1561 2930 acceptione
1584 2899 1652 2922 om.
1671 2891 1712 2921 V.
1733 2908 1767 2913 —
1785 2889 1906 2931 virum]

153 2937 263 2966 ulrum
286 2935 332 2971 R;
369 2935 419 2967 sic
444 2934 529 2966 infra
553 2944 585 2966 v.
611 2935 664 2968 Ἡ.
699 2940 921 2969 αἱνωνιίανηειι
953 2945 1016 2978 pro
1046 2941 1279 2970 verumtamen.
1307 2957 1341 2961 —
1368 2940 1420 2972 48.
1448 2941 1667 2972 Thimarcicles
1687 2940 1726 2971 V.
1762 2939 1840 2980 (Br.)
1868 2958 1904 2962 —

158 2983 209 3015 49.
233 2984 505 3016 nobilissimorum
534 2985 564 3015 V
586 2995 638 3027 pr.
664 2995 711 3018 m.
750 2988 798 3026 (ut
819 2987 981 3026 videtur.)
1010 3005 1043 3008 Ἠ
1074 2988 1123 3018 20.
1155 2989 1196 3019 ab
1226 2989 1356 3030 Rhodio]
1389 2991 1543 3023 archodio
1574 2991 1632 3022 R3.
1660 3008 1695 3012 —
1721 2990 1908 3021 abduxerat

155 3035 183 3064 el
204 3032 285 3072 Pipa
305 3033 334 3064 V
365 3035 481 3074 (etiam
506 3037 593 3067 teste
617 3036 702 3075 Br.);
736 3036 932 3068 abduxerat.
958 3038 1042 3068 Erat
1065 3038 1147 3076 Pipa
1171 3039 1259 3070 coni.
1287 3040 1412 3070 Schiitz
1436 3040 1634 3080 ingeniose,
1668 3040 1765 3071 cuius
1789 3040 1906 3071 conie-

156 3084 291 3115 cturam
313 3083 467 3117 Halmius
489 3086 633 3127 recepit.
672 3087 706 3118 ln
733 3087 893 3119 codicum
918 3085 1065 3118 lectione
1090 3087 1192 3119 nimis
1217 3090 1372 3119 contorta
1398 3091 1451 3121 est
1475 3090 1638 3122 orationis
1662 3089 1901 3122 conformatio.

154 3134 257 3174 Pippa
278 3141 367 3166 unus
390 3136 490 3175 Lag,
522 3135 559 3166 Ο.
589 3153 623 3157 —
650 3136 703 3167 ⁶21.
728 3137 912 3168 Aescrionis
935 3138 958 3167 R
982 3136 1023 3167 V.
1052 3154 1085 3158 -—
1113 3137 1166 3168 2⁴2.
1191 3138 1401 3177 cupiditatem
1425 3138 1531 3179 Lg4‘2:
1567 3140 1746 3179 cupiditate
1768 3138 1834 3177 R3,
1860 3139 1900 3178 V,

156 3182 229 3214 rell.
255 3183 355 3223 Lagg.
383 3201 418 3206 —
444 3184 523 3215 Nice
546 3184 611 3222 R3,
638 3185 685 3223 V,
712 3185 782 3217 aiii:
809 3190 837 3217 el
861 3187 939 3217 Nice
962 3187 985 3217 L
1011 3186 1047 3217 O.
1077 3204 1111 3208 ——
1137 3187 1189 3221 ⁶23.
1217 3188 1376 3220 Cleomeni
1398 3188 1474 3228 Syr.
1499 3190 1525 3221 R
1550 3190 1597 3221 G?
1621 3189 1702 3221 Ld.:
1729 3189 1905 3221 Cleomenis

157 3234 198 3263 Gi
226 3232 256 3262 V
281 3232 371 3272 (Br.),
399 3233 482 3265 dett.
510 3235 546 3265 Ο.
569 3252 604 3257 -
623 3235 707 3266 hanc
727 3236 781 3267 vir
797 3236 976 3268 Cleomenes
991 3236 1030 3267 V.
1059 3235 1201 3276 [Erravit
1225 3237 1347 3273 Maius,
1375 3238 1433 3277 qui
1455 3238 1508 3269 vir
1530 3239 1656 3270 omisit.
1682 3238 1797 3270 Lectio
1821 3237 1898 3269 cod.

154 3282 183 3311 V
211 3282 279 3313 iam
310 3283 521 3314 restituenda
553 3284 632 3326 est]
659 3303 694 3308 —
720 3285 773 3317 24.
806 3294 862 3317 nec
891 3286 1063 3317 adversari
1085 3289 1217 3325 poterat
1246 3285 1308 3317 Iul.
1334 3288 1451 3318 Sex-er.
1480 3303 1516 3310 —
1542 3289 1594 3320 25.
1620 3288 1730 3320 mullis
1756 3287 1803 3320 R3
1827 3288 1856 3320 V
1879 3287 1899 3321 λ

156 3331 260 3371 Lg29:
283 3330 434 3371 plurimis
458 3333 540 3365 dett.
568 3335 605 3365 O.
633 3352 667 3356 —
694 3335 748 3367 26.
773 3344 814 3368 ea
835 3335 890 3377 est]
915 3339 985 3368 east
1008 3337 1033 3368 R
1056 3344 1109 3377 pr.
1135 3344 1181 3368 m.
1211 3353 1245 3359 ——
1273 3337 1385 3377 inpud.
1410 3337 1439 3368 V
1462 3338 1499 3371 R,
