2127 3708
165 233 246 276 430
696 233 750 273 IN
780 232 1001 274 VERREM
1030 230 1192 272 ACTIO
1224 231 1386 273 PRIMA

164 361 246 402 que
277 345 631 386 existimationem
661 345 793 385 nostri
825 345 1011 391 ordinis,
1043 357 1136 384 cum
1168 343 1271 383 socii
1301 341 1448 396 populi
1477 340 1654 381 Romani
1684 340 1839 383 iudicia
1869 343 1920 383 de

161 409 351 463 pecuniis
380 408 625 461 repetundis
656 406 743 447 lieri
765 407 934 454 nolunt,
967 419 1072 460 quae
1095 420 1117 445 a
1139 406 1366 445 maioribus
1388 405 1541 445 nostris
1563 403 1774 443 sociorum
1797 417 1921 445 causa

163 476 402 525 comparata
429 470 545 510 sunt!
591 471 653 510 An
685 470 761 509 iste
792 482 991 521 umquam
1024 469 1074 507 de
1106 482 1150 507 se
1175 468 1328 506 bonam
1360 481 1475 521 spem
1496 465 1726 512 habuisset,
1757 465 1837 506 nisi
1869 466 1919 505 de

160 535 279 575 vobis
310 534 459 573 malam
491 533 734 584 opinionem
765 531 905 570 animo
937 530 1199 569 imbibisset?
1253 530 1347 576 Quo
1391 528 1546 568 maiore
1579 527 1726 574 etiam,
1768 527 1802 567 si
1832 525 1920 566 fieri

129 602 318 650 5potest,
361 597 472 649 apud
503 608 578 635 vos
609 595 705 634 odio
739 607 829 633 esse
861 592 1006 639 debet,
1048 604 1174 644 quam
1207 596 1269 630 est
1298 591 1409 643 apud
1440 590 1643 643 populum
1673 590 1920 636 Romanum,

161 673 254 699 eum
286 659 329 698 in
360 658 555 704 avaritia,
588 658 766 701 scelere,
799 654 983 707 periurio
1016 668 1089 693 vos
1123 652 1186 692 sui
1219 653 1376 692 similes
1408 666 1499 692 esse
1531 652 1766 691 arbitretur.

272 723 361 761 XV.
394 719 460 759 43.
494 719 568 759 Cui
602 719 716 763 loco,
748 730 822 769 per
853 716 953 754 deos
986 715 1264 754 innnortales!
1298 715 1477 761 iudices,
1510 714 1716 753 consulite
1749 726 1795 753 ao
1826 726 1922 766 pro-

159 786 310 826 videte.
359 785 511 823 Moneo
544 780 848 833 p1·aedi‹1·oque,
888 779 928 816 id
962 777 1075 830 quod
1109 777 1322 828 intelligo,
1355 782 1518 829 tempus
1549 776 1628 815 hoc
1658 776 1780 816 vohis
1817 776 1923 816 divi-

158 849 270 887 nitus
302 847 443 885 datum
476 857 586 889 esse,
618 847 663 881 ut
693 842 811 887 odio,
846 839 1022 885 invidia,
1055 838 1244 884 infamia,
1277 839 1535 891 turpitudine
1569 843 1700 878 totum
1732 838 1921 877 ordinem

109 909 358 948 loliberetis.
418 905 541 945 Nulla
582 904 623 942 in
664 902 829 942 iudiciis
861 901 1082 947 severitas,
1122 900 1236 939 nulla
1266 901 1436 953 religio,
1477 901 1593 940 nulla
1624 900 1808 954 denique
1840 900 1921 939 iam

159 971 452 1011 existimantur
485 980 574 1006 esse
608 965 774 1004 iudicia.
835 965 980 1016 ltaque
1012 977 1036 1002 a
1066 963 1224 1015 populo
1258 964 1445 1003 Romano
1478 964 1805 1011 contemnimur,
1851 964 1922 1003 de-

158 1032 380 1085 spicimur:
420 1028 534 1082 gravi
575 1028 857 1079 diuturnaque
900 1025 982 1063 iam
1024 1023 1245 1077 flagramus
1282 1025 1467 1064 infamia.
1535 1023 1600 1064 44.
1632 1027 1779 1079 Neque
1811 1026 1921 1066 enim

157 1095 284 1133 ullam
315 1093 439 1132 aliam
473 1092 525 1131 ob
558 1103 726 1130 causam
769 1088 951 1140 populus
982 1088 1194 1126 Romanus
1228 1087 1494 1127 tribuniciam
1525 1093 1774 1141 potestatem
1806 1093 1920 1128 tanto

158 1155 295 1196 studio
335 1154 576 1207 requisivit,
620 1166 745 1206 quam
783 1165 875 1190 cum
919 1150 1138 1202 poscebat,
1178 1151 1305 1189 verbo
1337 1150 1451 1189 illam
1483 1162 1656 1203 poscere
1688 1150 1921 1197 videbatur,

108 1228 201 1258 mre
232 1231 330 1258 vera
360 1216 516 1256 iudicia
546 1215 758 1268 poscebat.
808 1214 953 1265 Neque
984 1212 1064 1251 hoc
1098 1212 1147 1259 Q.
1172 1212 1383 1260 Catulum,
1414 1212 1628 1252 hominem
1660 1213 1922 1265 sapientissi-

158 1295 270 1320 mum
310 1284 435 1332 atque
475 1277 802 1330 amplissimum,
841 1274 968 1326 fugit,
1011 1274 1082 1327 qui
1128 1274 1199 1313 Cn.
1231 1274 1454 1327 Pompeio,
1491 1275 1581 1314 viro
1620 1273 1849 1314 fortissimo
1881 1280 1922 1314 et

157 1343 410 1388 clarissimo,
443 1341 493 1380 de
524 1339 750 1379 tribunicia
779 1342 987 1390 potestate
1019 1336 1225 1376 referente
1257 1350 1351 1376 eum
1383 1341 1492 1377 esset
1522 1336 1771 1376 sententiam
1802 1350 1922 1389 roga-

157 1411 243 1453 tus,
276 1405 356 1445 hoc
386 1404 506 1443 initio
538 1408 600 1442 est
630 1415 792 1441 summa
822 1414 916 1440 eum
947 1399 1194 1439 auctoritate
1223 1413 1347 1439 usus:
1383 1400 1556 1439 «Patres
1577 1398 1838 1451 conscriptos
1859 1399 1922 1438 iu-

157 1469 266 1508 dicia
304 1468 410 1507 male
450 1470 491 1505 et
532 1463 737 1517 flagitiose
778 1464 908 1503 tueri:
956 1461 1070 1515 quod
1103 1463 1135 1502 si
1169 1462 1211 1500 in
1243 1462 1366 1501 rebus
1398 1460 1632 1501 iudicandis
1662 1461 1809 1514 populi
1840 1462 1922 1501 Ro—

107 1539 143 1568 20
158 1530 268 1570 mani
291 1528 594 1569 existimationi
617 1527 716 1566 satis
738 1525 872 1565 facere
896 1525 1149 1571 voluissent,
1182 1538 1266 1563 non
1288 1529 1404 1563 tanto
1428 1537 1553 1576 opere
1574 1523 1769 1563 homines
1790 1524 1921 1563 fuisse

156 1592 423 1633 tribuniciam
456 1595 702 1643 potestatem
733 1589 1083 1628 desideraturos.»
1146 1585 1212 1625 45.
1244 1588 1338 1639 Ipse
1369 1586 1552 1639 denique
1586 1586 1657 1625 Cn.
1682 1586 1921 1639 Pompeius,

157 1669 251 1694 eum
282 1654 462 1707 primum
494 1653 733 1692 contionem
761 1652 811 1690 ad
834 1652 979 1690 urbem
1002 1650 1148 1688 consul
1171 1649 1410 1700 designatus
1432 1648 1600 1695 habuit,
1632 1649 1718 1696 ubi,
1742 1649 1784 1687 id
1808 1649 1920 1702 quod

158 1717 338 1757 maxime
369 1714 603 1768 exspectari
630 1714 861 1760 videbatur,
894 1711 1078 1752 ostendit
1109 1724 1152 1750 se
1183 1711 1449 1750 tribuniciam
1482 1716 1729 1763 potestatem
1754 1711 1921 1750 restitu-

157 1785 320 1826 turum,
349 1778 483 1818 faetus
515 1782 577 1817 est
606 1777 648 1815 in
682 1790 731 1815 eo
764 1775 963 1827 strepitus
992 1778 1031 1812 ct
1061 1779 1176 1825 grata
1199 1773 1410 1812 contionis
1432 1773 1775 1813 admurmuratio.
1805 1773 1920 1812 Idem

108 1842 201 1881 25in
233 1842 378 1881 eadem
409 1840 605 1880 contione
648 1853 742 1878 cum
783 1838 959 1877 dixisset
1004 1836 1225 1888 populatas
1257 1840 1514 1888 vexatasque
1545 1848 1637 1874 esse
1668 1836 1921 1889 provincias,

157 1904 312 1943 iudicia
343 1908 481 1943 autem
513 1901 652 1955 turpia
681 1915 728 1941 ae
759 1899 963 1951 flagitiosa
993 1897 1102 1946 lieri;
1135 1897 1172 1937 ei
1204 1897 1264 1936 rei
1296 1910 1339 1937 se
1370 1897 1591 1949 providere
1623 1910 1669 1937 ae
1701 1898 1921 1938 consulere

157 1966 286 2006 velle:
329 1970 415 2005 tum
456 1978 555 2004 vero
587 1977 671 2003 non
703 1963 902 2015 strepitu,
943 1960 1014 1999 sed
1047 1960 1230 2000 maximo
1263 1960 1443 1999 clamore
1475 1973 1592 1999 suam
1623 1961 1807 2013 populus
1838 1962 1921 2000 Ro-

158 2042 305 2068 manus
338 2025 587 2081 significavit
606 2026 878 2066 voluntatem.
920 2023 1029 2063 XVI.
1061 2020 1127 2061 46.
1158 2023 1276 2062 Nunc
1297 2027 1436 2061 autem
1455 2021 1649 2061 homines
1672 2022 1716 2062 in
1737 2024 1921 2077 speculis

158 2096 279 2131 sunt:
312 2091 552 2136 observant,
591 2087 944 2141 quemadmodum
976 2098 1066 2124 sese
1097 2084 1392 2138 unusquisque
1424 2089 1606 2123 vestrum
1637 2090 1754 2137 gerat
1784 2086 1826 2125 in
1857 2099 1922 2125 re-

107 2155 329 2196 30tinenda
366 2153 570 2205 religione
611 2149 995 2201 conservandisque
1036 2147 1212 2199 legibus.
1283 2147 1438 2186 Vident
1475 2146 1611 2186 adhuc
1650 2151 1747 2200 post
1786 2148 1921 2200 legem

156 2216 422 2257 tribuniciam
453 2227 583 2253 unum
614 2218 871 2258 senatorem,
902 2211 1096 2250 hominem
1116 2209 1182 2249 vel
1214 2209 1506 2248 tenuissimum
1538 2222 1629 2249 esse
1664 2209 1919 2249 damnatum.

159 2279 283 2327 Quod
315 2276 477 2318 tametsi
508 2289 592 2315 non
623 2273 959 2327 reprehendunt,
992 2277 1130 2312 tamen
1152 2283 1302 2322 magno
1325 2284 1451 2323 opere
1473 2271 1588 2324 quod
1610 2270 1802 2319 laudent,
1833 2285 1919 2311 non

156 2342 324 2381 habent.
373 2339 497 2379 Nulla
527 2343 590 2378 est
620 2338 729 2378 enim
760 2337 851 2376 laus
884 2334 940 2374 ibi
973 2348 1064 2374 esse
1094 2334 1324 2385 integrum,
1365 2333 1436 2371 ubi
1468 2346 1589 2372 nemo
1618 2337 1703 2381 est,
1745 2333 1819 2387 qui
1850 2339 1921 2373 aut

156 2403 292 2455 possit
328 2407 399 2442 aut
438 2407 612 2440 conetur
651 2412 930 2451 corrumpere.
991 2395 1056 2436 4-7.
1097 2396 1187 2435 Hoc
1219 2399 1282 2434 est
1311 2394 1533 2442 iudicium,
1572 2396 1614 2434 in
1646 2408 1731 2449 quo
1762 2410 1837 2437 vos
1868 2397 1919 2436 de

107 2470 254 2514 35reo,
301 2464 483 2517 populus
522 2464 733 2502 Romanus
771 2462 821 2500 de
858 2460 976 2500 vobis
1016 2458 1229 2499 iudicabit.
1288 2458 1335 2496 In
1376 2457 1456 2497 hoc
1494 2458 1665 2498 homine
1698 2462 1919 2505 statuetur,

156 2528 344 2581 possitne
370 2526 633 2566 senatoribus
656 2523 936 2564 iudicantibus
958 2523 1084 2561 homo
1106 2519 1429 2561 nocentissimus
1454 2519 1919 2574 pecuniosissimusque

156 2590 358 2631 damnari.
416 2588 577 2627 Deinde
620 2592 683 2626 est
720 2585 926 2626 eiusmodi
968 2598 1082 2632 reus,
1122 2584 1165 2623 in
1205 2596 1288 2636 quo
1332 2582 1503 2622 homine
1534 2582 1640 2621 nihil
1670 2582 1725 2622 sit
1753 2586 1920 2635 praeter

156 2665 316 2693 summa
346 2655 517 2704 peecata
549 2649 858 2701 maximamque
890 2647 1132 2700 pecuniam3
1172 2650 1240 2692 ut,
1283 2645 1317 2684 si
1350 2644 1549 2684 liberatus
1580 2644 1656 2693 sit,
1690 2645 1807 2686 nulla
1836 2644 1920 2686 alia

241 2806 271 2836 4.
297 2804 541 2836 erlimalmnem
559 2803 599 2833 ut
620 2803 653 2833 et
677 2802 727 2833 sic
751 2810 856 2841 saepe
883 2809 945 2840 pro
971 2800 1095 2830 aen-tim.
1116 2800 1149 2829 et
1166 2797 1307 2829 erislim.
1327 2815 1361 2819 —
1389 2797 1419 2828 3.
1442 2797 1478 2827 cle
1495 2805 1528 2827 se
1542 2805 1702 2836 umquam
1719 2798 1777 2830 Gt.
1805 2798 1848 2830 At
1871 2798 1915 2830 cs.

151 2857 258 2889 Prisc.
286 2857 309 2886 1.
337 2864 369 2895 p.
397 2853 470 2885 482.
500 2871 531 2874 κ
561 2853 590 2883 6.
618 2853 841 2883 aovin-arena·
865 2850 942 2885 dtt.,
969 2849 1154 2880 ‹tt-bilralur
1178 2848 1212 2878 L.
1240 2848 1337 2878 Mart.
1366 2847 1448 2886 Cap.
1475 2855 1508 2886 p.
1534 2845 1606 2878 423,
1639 2848 1747 2887 Capp,
1777 2847 1819 2888 (p,
1838 2845 1914 2878 504,

152 2907 258 2945 Grot.)
287 2921 321 2926 —
349 2904 380 2935 8.
407 2906 531 2941 tempus
555 2903 612 2932 hnc
635 2901 723 2931 vobis
747 2902 788 2931 Gt
810 2902 826 2931 ‘2
854 2901 895 2939 (in
923 2901 969 2930 ΗΞ
995 2900 1092 2938 nohis)
1118 2896 1159 2929 λ;
1198 2900 1293 2936 temp.
1320 2897 1377 2926 hoc
1401 2896 1500 2927 (lirin.
1527 2896 1597 2927 rob.
1625 2906 1647 2934 ς
1671 2896 1754 2935 Ld.;
1793 2900 1918 2936 tempus

151 2954 461 2995 opportunissimum
484 2951 573 2981 robis
594 2952 653 2981 hoc
677 2951 738 2981 dtt.
759 2954 795 2981 0.
820 2968 852 2971 -
882 2950 932 2980 lt).
960 2948 1123 2988 servre'las]
1152 2948 1260 2978 «Fort.
1286 2946 1407 2976 vertras
1424 2945 1500 2976 coll.
1520 2946 1551 2985 g.
1571 2946 1625 2976 3.»
1654 2946 1760 2977 HALM.
1790 2947 1833 2977 At
1852 2947 1917 2977 ha-

151 3005 215 3037 bes
241 3004 463 3035 «severitatem
488 3000 714 3031 iudiciorum»
742 3000 888 3030 liniunt.
917 3000 947 3037 ξ’.
974 3001 1004 3028 S.
1030 2998 1078 3028 21.
1107 3006 1140 3037 p.
1167 2995 1247 3027 Sull.
1275 2996 1306 3035 g.
1333 2995 1384 3025 02.
1413 2994 1558 3025 «iudicia
1582 3002 1715 3026 severa»
1740 2996 1913 3027 Ver1·.lV.

150 3054 179 3092 ,ξ
208 3054 280 3085 133,
308 3060 452 3083 «severos
477 3050 627 3081 iudices»
655 3060 686 3090 p.
714 3049 778 3089 leg.
807 3050 894 3079 Man.
923 3050 951 3087 ξ
980 3049 1031 3078 138.
1060 3049 1094 3077 ct
1118 3045 1223 3077 multa
1250 3045 1324 3076 eius
1349 3045 1487 3082 generis
1513 3043 1578 3075 alia
1603 3044 1776 3087 exempla.
1804 3045 1847 3077 cf.
1867 3046 1916 3076 in-

149 3104 197 3134 sra
224 3103 254 3142 g·v
280 3103 332 3133 51.
363 3103 395 3132 et
419 3109 523 3140 supra
549 3100 591 3129 ad
618 3102 647 3137 ξ,
675 3100 704 3131 53.
735 3117 769 3121 —
797 3100 849 3132 26,
877 3108 916 3128 aa·
940 3099 980 3128 u!
1012 3099 1082 3128 st:
1117 3100 1214 3133 alque
1239 3095 1308 3131 (223
1344 3098 1373 3125 et
1397 3094 1459 3125 dtt.
1486 3095 1523 3125 O.
1552 3110 1590 3117 —
1615 3094 1668 3126 29.
1694 3098 1843 3126 nostrum
1867 3095 1914 3126 Ga

148 3163 167 3190 ς
193 3152 280 3191 Lg29
306 3150 348 3182 al.
378 3168 412 3172 —
445 3150 496 3180 31.
534 3159 635 3179 νιηιιηι4
664 3152 862 3180 senatorem.
895 3148 1056 3178 hominem
1087 3147 1176 3178 coni.
1204 3144 1376 3176 Fritzschc
1402 3143 1422 3175 1.
1449 3143 1488 3175 l.:
1520 3153 1623 3176 unum
1645 3143 1809 3175 hominem
1832 3145 1912 3175 Asc.

148 3200 228 3232 edd.
255 3202 360 3237 vctt.;
392 3208 449 3231 nec
475 3208 574 3229 unum
597 3202 697 3229 semel.
719 3199 779 3235 (3¹3
818 3206 920 3227 unum
943 3201 1044 3228 senaa.
1073 3198 1130 3228 ctt.
1156 3196 1192 3225 O.
1214 3211 1249 3216 —
1277 3193 1328 3224 37.
1356 3193 1512 3225 eiusmodi
1537 3192 1583 3224 (33
1601 3192 1692 3233 Lg29
1710 3192 1778 3223 St.:
1805 3192 1914 3223 huius-

146 3251 234 3281 modi
264 3249 323 3280 du.
352 3250 388 3280 O.
419 3266 452 3269 -«
490 3248 628 3278 homenis
658 3247 736 3277 nillil
765 3247 854 3277 coni.
890 3246 1060 3277 Fritzsclw
1086 3245 1106 3276 l.
1134 3244 1154 3276 l.
1191 3244 1232 3274 At
1262 3243 1303 3274 cs.
1332 3243 1443 3274 Divin.
1471 3243 1501 3283 g.
1527 3242 1581 3275 44.
1619 3242 1729 3273 «illius
1761 3242 1915 3282 temporis

147 3299 231 3330 milii
260 3300 354 3330 venit
383 3300 415 3330 in
453 3300 628 3335 mentem,
665 3307 727 3335 ιμιω
756 3297 838 3327 die.»
876 3295 932 3326 lib.
964 3296 999 3326 κ’.
1033 3296 1065 3333 ἓ.
1092 3295 1145 3326 29.
1178 3296 1310 3325 «aestas
1340 3301 1470 3324 summa
1498 3300 1578 3326 esse
1603 3292 1790 3333 coeperat,
1827 3290 1914 3332 quod

147 3352 280 3388 tempus.
289 3362 303 3375 υ
