2143 3713
280 191 359 234 484
822 192 1018 234 ORATIO
1049 193 1150 234 PRO
1181 193 1230 233 A.
1261 193 1485 235 CAECINA

280 304 392 357 gotia
421 303 628 351 mulieris,
660 304 694 344 si
725 318 807 358 qua
837 305 1093 352 acciderent,
1127 308 1511 359 controversiasque
1544 305 1796 358 susciperet,
1826 310 2019 350 versaba-

281 374 345 407 tur
384 379 432 406 eo
473 379 640 419 quoque
677 371 861 419 tempore
896 367 939 406 in
968 367 1034 406 his
1064 367 1293 407 rationibus
1323 369 1527 408 auctionis
1559 373 1600 407 et
1629 368 1864 420 partitionis
1893 376 2018 424 atque

279 430 403 468 etiam
433 442 477 468 se
507 429 597 481 ipse
626 428 829 468 inferebat
858 435 897 468 et
929 430 1036 469 intro
1069 429 1193 468 dabat
1222 435 1262 469 et
1290 431 1332 469 in
1363 444 1453 470 eam
1484 430 1726 482 opinionem
1749 431 2020 473 Caesenniam

277 490 531 538 adducebat,
571 496 618 531 ut
651 491 801 530 mulier
829 492 1020 544 imperita
1049 491 1153 530 nihil
1184 497 1346 544 putaret
1376 493 1442 545 agi
1476 492 1620 532 callide
1651 505 1796 543 posse,
1835 493 1905 533 uhi
1935 507 2021 534 non

245 553 442 593 5adesset
477 553 692 593 Aebutius.
752 550 817 593 tt.
864 554 996 602 Quam
1036 566 1253 606 personam
1289 554 1370 593 iam
1401 567 1454 594 ex
1485 554 1727 607 quotidiana
1756 554 1840 595 vita
1870 568 2022 608 cogno-

277 617 373 664 stis,
420 621 754 668 recuperatores,
803 616 1022 656 mulierum
1065 615 1357 663 assentatoris,
1399 616 1624 669 cognitoris
1669 615 1910 663 viduarum,
1950 617 2022 657 de-

275 677 451 718 fensoris
482 678 656 717 nimium
686 678 877 730 litigiosi,
909 677 1074 717 contriti
1105 677 1157 716 ad
1178 677 1368 729 Regiam,
1400 678 1529 731 inepti
1560 691 1606 717 ac
1629 677 1744 717 stulti
1765 678 1874 717 inter
1894 678 2020 726 viros,

275 739 383 780 inter
423 740 618 780 mulieres
656 740 776 793 periti
808 740 908 778 iuris
941 745 981 779 et
1011 739 1168 786 callidi,
1209 739 1315 778 hanc
1346 752 1565 791 personam
1596 739 2020 791 imponite-Aebutio.

274 803 312 841 Is
356 803 465 842 enim
507 802 759 842 Caesenniae
800 801 879 840 fuit
916 802 1127 840 Aebutius.
1188 802 1246 840 Ne
1288 799 1391 840 forte
1431 802 1663 854 quaeratis,
1709 814 1807 840 num
1853 803 2021 854 propin-

226 873 260 901 to
275 866 410 917 quus?
453 864 567 903 Nihil
596 864 785 903 alienius.
829 863 994 902 Amicus
1026 876 1049 902 a
1080 870 1193 915 patre
1228 868 1339 902 anta
1360 863 1447 902 viro
1480 863 1686 902 traditus?
1727 863 1838 902 Nihil
1869 864 2020 903 minus.

275 925 379 973 Quis
410 925 564 977 igitur?
610 925 703 971 Ille,
736 938 860 977 quem
893 937 1016 975 supra
1048 924 1297 963 deformavi:
1339 924 1595 964 voluntarius
1635 924 1790 963 amicus
1821 925 2020 973 mulieris,

273 1000 357 1026 non
398 985 708 1026 necessitudine
747 985 907 1038 aliqua,
946 986 1017 1025 sed
1058 986 1152 1025 licto
1195 985 1333 1025 officio
1364 987 1638 1039 simulataque
1670 986 1891 1026 sedulitate
1923 1000 2022 1026 con-

271 1049 457 1094 iunctus,
497 1048 626 1100 magis
667 1052 903 1101 opportuna
945 1062 1070 1100 opera
1100 1061 1438 1100 nonnumquam,
1480 1062 1603 1102 quam
1636 1048 1863 1101 aliquando
1895 1046 2019 1088 fideli.

273 1111 337 1151 1155.
371 1112 474 1151 Cum
505 1115 633 1157 esset,
671 1115 715 1149 ut
744 1110 880 1149 dicere
912 1110 1191 1157 institueram,
1235 1110 1457 1149 constituta
1489 1111 1625 1149 auctio
1657 1111 1831 1158 Romae,
1874 1111 2021 1150 suade-

224 1183 260 1211 115
272 1174 371 1214 bant.
400 1173 523 1213 amici
553 1172 803 1225 cognatique
837 1171 1112 1218 Caesenniae,
1146 1171 1187 1210 id
1220 1171 1332 1225 quod
1354 1172 1432 1224 ipsi
1458 1186 1622 1225 quoque
1646 1171 1807 1210 mulieri
1831 1171 2023 1211 veniebat

272 1238 315 1276 in
354 1242 554 1282 mentem,
593 1234 790 1287 quoniam
821 1239 1003 1286 potestas
1036 1240 1145 1274 esset
1175 1233 1340 1273 emendi
1370 1234 1542 1273 fundum
1574 1234 1689 1273 illum
1720 1233 2021 1282 Fulcinianum,

272 1301 345 1353 qui
374 1299 502 1338 fundo
535 1298 622 1338 eius
654 1296 825 1349 antiquo
857 1288 1074 1336 continens
1107 1302 1236 1342 esset,
1268 1297 1424 1336 nullam
1455 1310 1546 1337 esse
1579 1297 1801 1343 rationem,
1831 1297 2020 1337 amittere

271 1363 360 1402 eius
390 1361 503 1400 modi
535 1358 819 1406 occasionem,
852 1372 944 1398 cum
977 1358 1013 1397 ei
1045 1359 1287 1412 praesertim
1317 1360 1494 1411 pecunia
1525 1373 1576 1399 ex
1606 1359 1828 1412 partitione
1851 1359 2021 1399 debere-

269 1428 359 1471 tur;
389 1436 595 1475 nusquam
627 1434 751 1475 posse
783 1435 871 1461 eam
902 1421 1049 1461 melius
1072 1421 1280 1461 collocari.
1325 1422 1467 1473 Itaque
1498 1421 1577 1461 hoc
1599 1421 1747 1461 mulier
1766 1420 1903 1461 facere
1925 1434 2022 1461 con-

221 1485 422 1525 20stituit:
462 1485 629 1525 mandat
668 1490 710 1523 ut
744 1483 918 1523 fundum
960 1483 1037 1522 sibi
1084 1488 1192 1522 emat
1220 1505 1273 1511 —
1321 1484 1394 1524 Cui
1429 1484 1620 1524 tandem?
1651 1506 1704 1513 —
1737 1483 1810 1523 Cui
1840 1484 2020 1537 putatis?

270 1548 333 1588 An
363 1560 449 1588 non
479 1547 522 1586 in
552 1552 732 1586 mentem
762 1545 880 1585 vohis
911 1545 1025 1584 venit
1045 1545 1257 1591 omnibus,
1286 1546 1398 1585 illius
1419 1546 1498 1585 hoc
1521 1560 1669 1585 munus
1693 1559 1784 1586 esse
1805 1545 1857 1585 ad
1880 1546 2020 1585 omnia

270 1609 455 1648 mulieris
494 1609 660 1661 negotia
697 1608 849 1660 parati,
894 1607 982 1646 sine
1025 1619 1107 1659 quo
1147 1607 1252 1646 nihil
1291 1607 1390 1646 satis
1422 1614 1563 1655 caute,
1607 1607 1712 1646 nihil
1742 1609 1840 1648 satis
1872 1607 2021 1648 callide

269 1678 411 1726 posset
439 1672 538 1724 agi?
586 1671 710 1710 Recte
740 1669 966 1709 attenditis.
1031 1669 1097 1707 VI.
1129 1665 1192 1708 to.
1224 1669 1405 1709 Aebutio
1449 1671 1657 1723 negotium
1702 1671 1834 1711 datur.
1892 1671 2022 1711 Adest

356 1816 386 1846 ⁶2.
412 1823 448 1846 eo
472 1822 599 1853 quoque
621 1813 778 1844 PETO:
807 1820 932 1851 quoque
956 1820 990 1843 eo
1014 1812 1078 1843 ΒΑ
1094 1811 1164 1845 LQ.
1195 1830 1229 1834 —
1253 1812 1416 1851 partionis
1439 1813 1474 1843 T.
1503 1812 1551 1844 Cl'.
1580 1812 1610 1852 g.
1631 1813 1681 1843 1¹5.
1702 1829 1736 1834 —
1765 1812 1795 1843 3.
1821 1812 1908 1844 intro
1924 1813 2023 1844 dabat

270 1863 576 1905 PETVubay:
603 1862 788 1894 intrudebat
812 1862 836 1892 R
851 1860 999 1894 ALQO.
1021 1879 1055 1882 —
1083 1862 1113 1892 13.
1140 1861 1193 1902 er]
1219 1871 1234 1892 e
1258 1870 1341 1893 casu
1365 1861 1518 1902 quodam
1537 1862 1572 1892 O.
1610 1861 1709 1892 Errat
1734 1862 1827 1892 enim
1854 1861 2021 1893 Iordanus

270 1913 359 1945 hanc
390 1912 577 1945 lectionem
601 1912 829 1952 Palimpsesto
856 1911 1023 1942 tribuens.
1072 1912 1107 1942 ln
1139 1912 1163 1942 1⁴:
1188 1920 1230 1941 ec
1253 1919 1356 1951 supra
1382 1911 1549 1951 scriptum
1575 1913 1638 1941 est.
1678 1927 1713 1931 —
1751 1911 1918 1941 cotidiana
1941 1911 2021 1948 PT;

269 1963 450 1994 cottidiana
475 1975 506 2005 γ.
537 1982 570 1985 -
596 1963 665 1993 vita
688 1971 780 2002 cosm.
810 1961 963 1992 PETO:
1002 1970 1093 2001 coyn.
1119 1961 1187 1991 cita
1211 1962 1272 1992 BA
1290 1962 1358 1995 LQ.
1381 1979 1414 1982 —
1441 1962 1600 2002 coynostis
1616 1961 1806 1993 Weiskius:
1833 1961 2026 2003 cognoscitis

269 2012 461 2046 QtALQO.
489 2031 525 2035 —
556 2013 587 2044 6.
613 2013 855 2051 ricuperatores
884 2013 926 2042 P:
959 2012 1194 2051 reciperatores
1222 2012 1322 2049 Eat3
1359 2013 1586 2051 ›emper-almis
1615 2011 1720 2052 bpq.
1764 2011 1879 2044 «Alias
1903 2012 2020 2050 omisi,

270 2072 358 2103 quae
384 2063 427 2094 acl
452 2071 585 2094 meram
611 2063 802 2102 scripturae
829 2062 977 2092 lerinam
1000 2062 1247 2101 pertinerent.»
1275 2063 1372 2092 Rem..
1408 2063 1456 2093 (lt.
1484 2064 1513 2102 g.
1534 2062 1564 2092 6.
1594 2079 1628 2084 —
1654 2065 1876 2093 ansentatores
1898 2063 1922 2093 P
1949 2062 2023 2101 (nisi

270 2115 323 2145 est
346 2113 514 2144 mendum
538 2111 858 2153 typographicnin),
893 2114 1107 2142 assentatores
1131 2123 1162 2153 y.
1192 2129 1225 2134 —
1252 2113 1433 2152 coffinum-es
1458 2114 1499 2147 1‘;
1532 2112 1715 2151 <panorm-is
1738 2112 1868 2152 qut.
1898 2129 1933 2133 -—
1967 2110 2024 2141 cte-
2056 2118 2061 2123 ·

267 2164 408 2203 sensores
432 2165 501 2205 Py.
531 2181 565 2184 —
595 2163 625 2193 7.
653 2163 781 2193 contriti
806 2163 847 2191 (id
872 2161 998 2200 remam
1023 2162 1082 2192 Ple
1098 2162 1121 2191 T
1150 2162 1197 2201 (in
1225 2162 1247 2192 P
1273 2161 1403 2192 litterae
1431 2161 1467 2191 TI
1491 2161 1747 2201 superscriptae
1772 2161 1881 2200 suno:
1907 2159 2023 2191 conciti

269 2213 313 2242 ad
336 2213 463 2252 remam
487 2213 508 2242 R
525 2214 569 2247 A;
596 2212 711 2242 conciti
735 2212 777 2241 ad
801 2212 912 2241 rit-am
938 2218 1016 2241 cuni
1042 2211 1173 2242 Iuntina
1199 2211 1221 2241 L
1238 2210 1257 2244 8
1273 2212 1308 2241 O.
1347 2211 1562 2251 «Litiginsum
1589 2211 1767 2242 hominem
1785 2209 1866 2241 etin
1883 2210 2022 2240 contro-

269 2263 391 2293 versiis
416 2270 455 2293 ac
480 2261 595 2293 litibus
619 2262 820 2291 versantem
850 2259 999 2291 describi
1025 2263 1185 2300 oportere
1212 2270 1253 2291 cx
1287 2262 1358 2291 toto
1383 2261 1635 2292 sententiarum
1661 2262 1779 2291 tenore
1805 2257 2020 2298 intelligitur3

269 2312 373 2350 atque
399 2319 479 2342 cum
505 2312 626 2342 Cicero
652 2310 705 2350 (de
731 2311 822 2342 Orat.
852 2311 873 2340 Ι.
900 2310 957 2345 58,
984 2309 1072 2345 ⁶249.)
1098 2320 1157 2341 eos
1183 2311 1314 2341 conteri
1339 2310 1447 2346 dicat,
1475 2310 1532 2349 qui
1557 2309 1668 2340 causis
1693 2308 1856 2348 agendis,
1883 2309 2024 2339 contro-

270 2361 391 2391 versiis
416 2360 663 2401 suscipiendis,
699 2361 842 2400 negotiis
867 2359 1028 2400 gerendis
1064 2359 1227 2400 implicati
1252 2360 1337 2398 sint,
1370 2360 1501 2390 contriti
1524 2359 1566 2390 ad
1590 2359 1723 2399 Iteyiam
1746 2359 1766 2389 ii
1792 2357 1935 2389 fortasse
1960 2365 2023 2398 ap-

269 2409 505 2450 pellabantur,
533 2411 590 2450 qui
615 2410 860 2441 controversiis
885 2418 925 2440 ac
951 2408 1065 2439 litibus
1092 2418 1236 2449 operam
1261 2408 1391 2440 dabant
1414 2411 1515 2448 atquc
1542 2408 1585 2439 ob
1611 2408 1698 2439 hanc
1722 2416 1796 2439 rem
1822 2405 1866 2438 ad
1882 2406 2024 2447 Regiam

268 2461 387 2491 nescio
413 2469 518 2500 quani
544 2460 688 2500 [Reyiam
713 2460 841 2490 Numae
864 2457 917 2489 vel
942 2459 1054 2489 aedem
1082 2460 1189 2491 I'estac
1212 2460 1255 2490 ad
1277 2460 1395 2490 Ianum
1420 2459 1561 2489 medium
1592 2458 1732 2498 (Butlett.
1759 2456 1898 2488 archeol.
1925 2455 2021 2487 4850.

269 2518 303 2549 p.
323 2508 384 2540 4¹¹4
402 2511 487 2549 sq),
514 2509 573 2540 uhi
597 2509 827 2549 negotiatores
851 2507 1093 2548 versabantur]
1120 2510 1307 2540 convenire
1332 2508 1525 2541 solebant.»
1549 2509 1682 2540 lonmx.
1712 2525 1747 2530 ——
1780 2507 1811 2538 8.
1837 2509 1866 2538 et
1889 2514 1958 2538 om.
1984 2506 2021 2537 T.

272 2577 306 2580 —
332 2559 428 2600 hanc]
452 2560 526 2590 hinc
549 2560 585 2590 T.
614 2575 647 2579 —
676 2559 830 2597 impunite
853 2559 896 2595 Ρ;
922 2558 1046 2598 eponite
1070 2558 1105 2589 T.
1135 2576 1169 2581 -
1196 2558 1226 2590 9.
1254 2559 1398 2598 queratis
1421 2559 1456 2590 T.
1485 2576 1520 2580 —
1544 2557 1737 2597 prolinquos
1762 2557 1862 2597 (corr.
1886 2557 1921 2588 in
1939 2565 2025 2597 pro-

263 2608 414 2648 pinques)
440 2610 475 2640 P.
496 2627 530 2630 —
559 2609 610 2639 40.
630 2607 756 2639 alienus
778 2608 802 2638 T
817 2606 915 2645 att-J,
943 2608 1090 2638 atiaenus
1114 2617 1144 2639 c.
1167 2626 1200 2631 -
1228 2618 1249 2640 a
1268 2612 1366 2649 patre
1390 2609 1467 2640 PT:
1502 2611 1559 2639 aut
1582 2617 1602 2638 α
1624 2608 1760 2647 patreR
1778 2607 1894 2647 (etiam
1910 2606 1946 2646 E)
1963 2607 2023 2638 AL

268 2656 342 2691 80.
371 2676 406 2680 —
434 2658 485 2689 ti.
511 2658 566 2689 Ille
590 2658 641 2689 ille
664 2666 757 2697 quem
782 2658 816 2688 P.
846 2675 880 2679 —
913 2658 1107 2697 deformavit
1130 2659 1166 2689 P.
1195 2676 1229 2681 —
1267 2659 1319 2690 43.
1345 2662 1507 2698 oportuna
1530 2658 1566 2689 E.
1596 2675 1630 2679 —-
1658 2656 1710 2689 44.
1736 2657 1870 2688 dicerem
1890 2656 2024 2687 studue-

267 2716 342 2737 ram
366 2707 401 2738 T.
431 2725 466 2728 ——
504 2708 556 2738 45.
584 2707 756 2738 Cesenniac
779 2706 827 2744 id,
853 2708 939 2744 quod
962 2707 995 2740 Β.
1024 2725 1058 2728 Μ
1095 2708 1240 2739 veniebat
1269 2709 1303 2739 in
1334 2711 1471 2740 mentem
1493 2708 1611 2739 PET:
1650 2708 1683 2738 in
1711 2709 1847 2738 mentem
1877 2704 2023 2737 veniebat

268 2754 458 2789 RALQO.
488 2774 522 2778 —
551 2757 602 2787 16.
630 2756 795 2797 quoniam]
822 2765 922 2795 quum
944 2758 979 2788 T.
1019 2757 1067 2789 Cf.
1094 2757 1124 2797 g.
1143 2759 1174 2789 ⁶2.
1195 2775 1229 2779 —
1258 2758 1308 2789 48.
1335 2767 1408 2789 cum
1431 2758 1459 2789 ei
1478 2755 1734 2797 praeserlimE:
1761 2763 1835 2785 cum
1849 2754 1912 2785 mei
1924 2762 2023 2794 prae-

266 2805 377 2836 sertim
401 2806 424 2837 T
452 2805 503 2845 [cs.
530 2815 601 2837 var.
628 2806 706 2838 lect.
735 2807 766 2847 g.
793 2807 856 2846 7.);
891 2816 964 2838 cum
983 2808 1181 2846 praesertim
1205 2806 1390 2841 RALsso.
1418 2807 1467 2838 Cf.
1494 2807 1524 2847 g.
1551 2807 1602 2837 tc.
1632 2824 1667 2828 —
1692 2808 1721 2836 et
1745 2813 1833 2836 corr.
1859 2804 1893 2834 in
1916 2811 1958 2834 ea:
1980 2803 2018 2835 E.

270 2873 304 2877 -
326 2856 480 2894 portione
503 2857 538 2887 T.
578 2856 627 2887 Cf.
655 2858 684 2897 δ’.
714 2857 764 2887 «13.
795 2873 828 2878 -
868 2858 918 2888 49.
945 2866 1039 2896 posse
1070 2866 1150 2888 eam„
1167 2857 1288 2889 PET:
1322 2865 1414 2896 posse
1439 2858 1518 2895 (om.
1545 2856 1629 2896 eam)
1654 2855 1801 2896 Gkay3
1837 2861 1909 2885 eam
1927 2860 2022 2892 posse

266 2904 329 2935 RA
346 2904 403 2938 Ltt
418 2906 454 2936 O.
485 2922 519 2926 —
546 2905 656 2944 itaque
679 2906 736 2936 hoc
760 2906 876 2937 mulier
899 2908 943 2937 P:
970 2907 1080 2946 itaque
1104 2907 1219 2938 mulier
1244 2907 1323 2946 (om.
1349 2907 1416 2946 hoc)
1443 2907 1466 2937 R
1481 2908 1505 2938 A
1521 2907 1543 2937 L
1558 2905 1577 2939 Ε
1593 2906 1630 2936 Ο.
1659 2923 1693 2927 -
1720 2905 1772 2936 ⁵20.
1798 2905 1883 2934 emat
1906 2920 1940 2924 —
1961 2901 2021 2933 Cui

266 2953 422 2984 landem?
448 2972 482 2975 —
516 2954 574 2985 Cui
606 2953 686 2994 cet.]
727 2955 780 2986 Sic
807 2955 1023 2987 distinximus
1053 2965 1093 2987 cx
1118 2956 1212 2987 Rauii
1250 2956 1338 2995 (ῐάν.
1366 2955 1447 2986 lectt.
1474 2956 1512 2987 ΙΙ.
1539 2964 1572 2995 p.
1601 2954 1685 2993 476.)
1721 2954 1755 2984 et
1778 2950 1895 2982 Klotzii
1928 2950 2017 2990 (coll.

267 3004 390 3034 Aecus.
411 3003 464 3034 IV.
485 3002 515 3041 3,
533 3004 577 3043 5.)
603 3004 759 3034 ratione:
787 3006 893 3036 ceteri
917 3009 1013 3036 emat.
1041 3006 1099 3037 Cni
1124 3004 1282 3036 tandem?
1308 3004 1366 3036 Cui
1391 3006 1455 3035 cet.
1479 3023 1512 3027 —
1540 3004 1594 3044 qui
1618 3003 1748 3034 tandem
1767 3000 1822 3040 qui
1842 3000 1966 3040 putatis
1981 3001 2016 3032 P.

267 3051 316 3081 Cf.
344 3051 374 3091 ἓ,
392 3051 444 3084 48.
472 3051 523 3083 64.
546 3070 580 3074 ——
601 3054 722 3092 putetis
745 3063 762 3084 a
779 3053 799 3085 b
814 3064 831 3085 e
847 3064 866 3094 p
882 3064 902 3094 q
918 3053 966 3092 ίβ
991 3056 1023 3086 et
1040 3058 1078 3086 A.
1102 3073 1135 3077 —
1162 3056 1213 3086 et.
1240 3057 1377 3086 mentem
1398 3055 1485 3085 vobis
1506 3055 1592 3086 venit
1616 3055 1655 3084 1³:
1682 3054 1818 3082 mentem
1834 3050 1919 3080 venit
1936 3051 2016 3089 (om.

264 3100 365 3140 robis)
391 3102 414 3132 R
428 3100 575 3134 ALQO.
606 3120 639 3124 —-
678 3103 823 3134 omnibus
851 3104 946 3145 ritlius]
979 3104 1124 3135 omnibus
1152 3104 1252 3135 illisus
1284 3103 1357 3143 (nisi
1388 3106 1437 3135 est
1470 3104 1636 3135 mendum
1668 3099 1958 3142 typographicum
1982 3099 2016 3129 in

267 3150 487 3190 Corrigendis
511 3153 809 3193 praetermissum)
836 3155 878 3188 P;
916 3154 1061 3185 munibus
1088 3154 1151 3184 illis
1174 3163 1212 3192 213
1248 3153 1385 3184 hominis
1416 3154 1499 3184 illius
1525 3153 1674 3188 luntina3
1712 3149 1858 3181 omnibus
1879 3147 2016 3179 hominis

265 3198 351 3229 illius
375 3209 453 3231 cum
470 3202 692 3241 *norvagiam
717 3201 758 3239 ἒς
785 3203 931 3234 omnibus
953 3204 1133 3235 hominibus
1156 3204 1242 3235 illius
1265 3206 1300 3235 L.
1323 3222 1356 3226 —
1382 3204 1450 3245 hoc]
1476 3205 1518 3235 act
1541 3204 1598 3234 hoe
1622 3209 1701 3233 cum
1725 3200 1858 3230 Iuntina
1882 3196 1954 3230 Lss.
1976 3213 2010 3218 -—

267 3255 330 3278 esse
353 3249 484 3280 PETk
509 3252 543 3281 et
566 3251 607 3281 0:
635 3254 663 3282 et
687 3253 747 3283 lm
764 3252 834 3286 Lss.
864 3271 898 3277 —-
930 3254 982 3286 23.
1004 3258 1110 3294 posset
1132 3255 1188 3295 aqi
1211 3255 1252 3286 P:
1279 3262 1373 3294 posse
1395 3254 1451 3295 ‘¹95
1474 3254 1555 3292 ET;
1589 3252 1644 3294 aqi
1662 3252 1769 3292 posset
1789 3249 1812 3282 k
1836 3249 1870 3282 et
1891 3245 2005 3287 L805

268 3297 323 3338 assi
343 3306 434 3337 posse
456 3300 482 3332 R
494 3300 533 3332 A.
562 3318 596 3322 -
623 3302 795 3334 attendistis
818 3302 854 3334 T.
