2143 3713
545 250 639 291 Cu.
668 247 1091 288 XXXV—XXXVI.
1128 245 1201 301 55.
1232 243 1425 286 93-98.
1780 241 1860 283 637

117 369 213 404 nata
245 369 307 404 est
337 363 588 415 arrogantia,
632 374 738 413 quae
778 373 800 399 a
832 361 1054 401 maioribus
1095 358 1246 398 nostris
1277 358 1449 397 alterum
1483 358 1620 411 Capua
1650 356 1861 397 consulem

123 425 366 478 postulavit;
397 423 548 464 deinde
569 435 616 462 ea
636 421 835 468 luxuries,
868 436 972 475 quae
994 423 1127 475 ipsum
1150 420 1447 467 Hannibalem,
1477 420 1602 460 armis
1623 421 1746 460 ctiam
1768 425 1863 459 tunc

120 488 335 534 invictum,
376 485 588 537 voluptate
628 482 738 522 vicit.
798 482 864 522 96.
896 484 986 522 lluc
1023 484 1090 522 isti
1135 481 1356 522 decemviri
1397 495 1488 521 cum
1527 494 1591 520 mr)
1624 482 1862 521 colonorum

121 563 172 588 cx
204 550 293 600 lege
324 547 434 587 Rulli
465 544 732 591 deduxerint,
764 550 926 584 centum
949 545 1218 591 decuriones,
1257 544 1398 583 decem
1431 557 1629 596 augures,
1660 556 1731 583 sex
1760 557 1865 596 pon-

121 610 248 649 tifices
293 607 600 653 constituerint,
647 620 752 659 quos
791 606 956 646 illorum
991 607 1174 653 animos,
1206 618 1311 658 quos
1350 605 1552 657 impetuS‚
1598 618 1723 658 quam
1757 604 1896 644 fero-5

120 672 224 710 ciam
261 670 349 710 fore
388 669 572 722 putatis?
617 668 787 707 Romam
820 668 861 706 in
894 668 1100 707 montibus
1141 667 1316 721 positam
1348 672 1389 706 et
1429 667 1707 713 convallibus,
1747 680 1866 706 cena-

120 733 222 772 culis
253 732 453 771 sublatam
483 734 606 782 atque
638 743 904 781 suspensam,
936 743 1018 769 non
1051 729 1216 781 optimis
1237 728 1339 775 viis,
1371 728 1673 780 angustissimis
1696 729 1866 773 semitis,

119 808 217 847 prae
250 806 322 833 sua
343 793 500 845 Capua,
533 791 774 844 planissimo
807 793 846 831 in
878 793 970 831 loco
993 791 1197 844 explicata
1219 804 1264 830 ac
1289 790 1616 842 praeclarissime
1649 789 1745 837 sita,
1777 790 1867 829 irri-

121 855 276 895 debunt
304 859 425 907 atque
457 857 743 899 contemnent;
775 867 896 905 agros
924 866 1044 899 vero,
1075 853 1318 892 Vaticanum
1341 857 1381 892 et
1402 852 1639 904 Pupiniam,
1671 865 1761 891 cum
1783 853 1867 891 suis

121 917 268 970 opimis
306 921 428 967 atque
459 915 655 954 uberibus
687 915 841 968 campis
873 913 1145 955 conferendos
1176 915 1332 954 scilicet
1362 927 1446 953 non
1467 914 1687 966 putabunt.
1739 914 1918 967 Oppi-10

121 979 264 1018 dorum
308 981 445 1016 autem
481 974 748 1016 finitimorum
790 976 901 1016 illam
944 976 1106 1029 copiam
1147 990 1238 1016 cum
1279 976 1354 1016 hac
1395 990 1470 1029 per
1499 977 1625 1016 risum
1655 989 1702 1016 ac
1732 977 1869 1017 iocum

121 1037 396 1080 contendent:
426 1038 624 1085 Labicos,
657 1038 856 1085 Fidenas,
891 1038 1126 1085 Collatiam,
1158 1039 1293 1091 ipsum
1323 1038 1463 1078 hercle
1495 1039 1749 1088 Lanuvium,
1780 1041 1870 1080 Ari-

120 1101 245 1147 ciam,
276 1100 499 1139 Tusculum
531 1113 624 1142 cum
657 1100 843 1147 Calibus,
886 1102 1051 1147 Teano,
1090 1100 1288 1153 Neapoli,
1322 1101 1525 1148 Puteolis,
1558 1101 1719 1148 Cumis,
1750 1103 1870 1141 Pom-

119 1162 245 1215 peiis,
275 1161 453 1201 Nuceria
483 1162 794 1214 comparabunt.
853 1160 919 1201 97.
944 1162 1105 1209 Quibus
1136 1162 1197 1201 illi
1219 1163 1342 1201 rebus
1364 1162 1460 1202 elati
1483 1167 1524 1202 et
1545 1163 1675 1202 inssati
1695 1163 1870 1204 fortasse

120 1237 203 1264 non
235 1223 456 1270 continuo,
500 1223 571 1263 sed
604 1228 736 1271 certe,
774 1225 804 1263 si
837 1224 1008 1277 paulum
1038 1225 1340 1277 assumpserint
1369 1225 1589 1265 vetustatis
1620 1239 1667 1265 ac
1697 1226 1870 1273 roboris,
1886 1232 1920 1261 ⁴5

119 1299 204 1326 non
235 1286 576 1326 continebuntur:
617 1286 938 1338 progredientur
966 1286 1154 1339 longius,
1190 1287 1426 1327 efferentur.
1487 1287 1714 1340 Singularis
1744 1287 1870 1327 homo

119 1349 324 1402 privatus,
355 1348 434 1388 nisi
464 1361 612 1400 magna
641 1348 846 1401 sapientia
875 1348 1106 1401 praeditus,
1137 1348 1208 1387 vix
1228 1348 1348 1388 facile
1370 1362 1462 1389 sese
1485 1349 1724 1402 regionibus
1747 1348 1872 1389 officii

119 1411 279 1463 magnis
310 1410 353 1449 in
384 1409 560 1449 fortunis
591 1415 631 1449 et
661 1411 792 1463 copiis
823 1410 1032 1449 continet:
1064 1410 1218 1449 nedum
1248 1410 1318 1450 isti
1349 1410 1399 1450 ab
1420 1410 1543 1450 Rullo
1570 1416 1610 1450 et
1629 1411 1738 1451 Rulli
1761 1411 1874 1451 simi-

120 1472 228 1512 libus
259 1472 488 1525 conquisiti
519 1477 645 1524 atque
677 1471 796 1512 electi
820 1471 980 1519 coloni,
1014 1471 1179 1524 Capuae
1208 1472 1251 1511 in
1273 1472 1485 1513 domicilio
1506 1473 1728 1526 superbiae
1749 1478 1874 1526 atque

119 1534 162 1574 in
193 1533 361 1574 sedibus
392 1533 582 1574 luxuriae
613 1533 824 1581 collocati,
855 1547 941 1573 non
965 1534 1099 1573 statim
1121 1534 1399 1587 conquisituri
1421 1535 1504 1575 sint
1524 1535 1685 1588 aliquid
1707 1535 1874 1575 sceleris
1889 1544 1925 1573 20

121 1601 162 1635 et
202 1594 374 1649 flagitii:
414 1596 540 1635 immo
581 1609 678 1636 vero
717 1596 840 1636 etiam
878 1596 958 1635 hoc
989 1596 1118 1648 magis
1151 1609 1274 1650 quam
1312 1596 1373 1636 illi
1403 1602 1565 1637 veteres
1605 1597 1875 1650 germanique

122 1658 346 1711 Campani,
387 1658 500 1711 quod
539 1658 581 1697 in
611 1662 751 1697 vetere
786 1657 950 1697 fortuna
981 1657 1075 1697 illos
1106 1664 1226 1698 natos
1258 1664 1298 1698 et
1327 1659 1526 1699 educatos
1556 1660 1708 1700 nimiae
1739 1666 1876 1700 tamen

121 1732 257 1760 rerum
302 1720 489 1759 omnium
529 1720 670 1773 copiae
710 1719 1011 1772 depravabant,
1055 1719 1098 1759 hi
1139 1734 1191 1760 ex
1226 1734 1386 1760 summa
1416 1727 1598 1774 egestate
1627 1722 1671 1761 in
1702 1721 1876 1762 eandem

123 1795 259 1820 rerum
299 1781 593 1820 abundantiam
632 1781 808 1821 traducti
847 1794 932 1821 non
971 1781 1103 1821 solum
1140 1782 1282 1835 copia,
1320 1796 1461 1822 verum
1502 1784 1626 1824 etiam
1656 1783 1878 1824 insolentia

126 1843 508 1883 commovebuntur.
1891 1856 1927 1885 25

234 1905 427 1945 XXXVI.
458 1902 523 1943 98.
554 1904 666 1944 Haec
698 1909 764 1952 tu,
794 1906 839 1945 P.
864 1905 1005 1953 Rulle,
1036 1907 1090 1946 M.
1111 1906 1227 1945 Bruti
1259 1907 1428 1947 sceleris
1450 1908 1624 1961 vestigia
1644 1921 1768 1961 quam
1790 1921 1878 1947 mo-

123 1972 322 2007 numenta
351 1967 556 2006 maiorum
587 1967 817 2020 sapientiae
849 1968 968 2020 sequi
1001 1968 1207 2016 maluisti3
1242 1969 1345 2009 haec
1375 1975 1419 2009 tu
1451 1983 1543 2010 cum
1573 1970 1664 2010 istis
1694 1971 1777 2010 tuis
1807 1984 1879 2010 au-

125 2028 309 2068 ctoribus
340 2029 608 2081 excogitasti,
648 2033 692 2069 ut
722 2035 865 2069 vetera
896 2030 1116 2083 vectigalia
1194 2029 1213 2050 ‘³³‘
1240 2030 1262 2047 μ’
1295 2044 1344 2071 ea
1374 2031 1597 2084 expleretis
1628 2046 1736 2073 novo
1769 2038 1792 2049 ¹*
1813 2033 1835 2049 ἦ
1854 2033 1877 2044 ⁴⁴²

211 2207 240 2237 l.
266 2205 357 2246 nata]
382 2209 481 2245 capta
504 2206 528 2237 E
543 2206 601 2238 FP
627 2206 772 2247 (Madvig
796 2207 838 2239 ad
865 2209 934 2241 tlic.
963 2209 1005 2240 tle
1023 2209 1117 2240 Finn.
1136 2218 1170 2250 p.
1190 2208 1301 2249 664.);
1330 2213 1411 2249 apta
1433 2212 1471 2242 A.
1498 2211 1703 2245 Emendavit
1719 2215 1790 2246 Nic.
1808 2216 1882 2247 An·

126 2254 245 2296 gelius.
275 2273 309 2278 —
335 2260 380 2287 est
403 2255 623 2295 Wesenberg
648 2255 679 2295 (l.
706 2255 726 2287 l.
753 2266 787 2297 p.
813 2257 898 2297 442:
923 2262 996 2290 sunt
1021 2259 1140 2290 ceteri.
1171 2277 1205 2282 —
1233 2261 1582 2303 quae--postulavitJ
1608 2272 1692 2302 quae
1708 2269 1881 2304 -—p0stu-

125 2307 237 2337 larunt
259 2306 375 2343 EFP;
402 2314 467 2344 qua
484 2306 721 2345 ”postulavit
745 2315 826 2338 cum
851 2307 905 2339 cd.
933 2309 1148 2348 Hervagiana
1171 2309 1207 2339 L.
1235 2326 1269 2331 —
1296 2310 1462 2342 consulere
1484 2312 1557 2343 FP.
1579 2330 1613 2335 —
1632 2313 1663 2344 2.
1690 2323 1729 2345 ea
1753 2323 1823 2347 om.
1841 2316 1878 2348 T.

132 2373 167 2379 —
192 2355 291 2387 etiam
313 2355 428 2387 omisit
450 2355 487 2386 E.
515 2373 549 2377 -
576 2359 651 2387 tunc
674 2356 699 2387 E
713 2356 753 2387 F:
779 2359 848 2388 turn
870 2359 932 2389 AL
947 2357 967 2391 ἓ
981 2358 1018 2390 Ο.
1046 2377 1082 2381 -
1108 2359 1139 2391 3.
1164 2358 1238 2391 huic
1260 2360 1305 2398 E3
1330 2360 1365 2392 in
1386 2360 1444 2392 hoc
1465 2361 1539 2393 hinc
1567 2362 1599 2393 F.
1620 2379 1655 2384 —
1679 2371 1732 2395 193
1748 2365 1881 2397 Laure-

128 2410 256 2443 danus:
288 2411 383 2442 modo
413 2410 491 2452 (mo)
523 2411 674 2449 EFPAz,
712 2420 885 2444 numerum
914 2422 995 2446 cum
1025 2414 1081 2446 ed.
1113 2413 1235 2446 Aldina
1267 2414 1299 2447 53.
1335 2433 1368 2437 -
1402 2415 1433 2448 4.
1468 2417 1673 2450 deducerunt
1702 2419 1814 2452 EFP.
1842 2440 1878 2444 ——

127 2462 159 2493 5.
184 2461 418 2493 constituerunt
450 2462 484 2493 F.
517 2478 551 2483 —-
585 2461 696 2503 quam]
725 2469 820 2500 quem
842 2463 879 2494 E.
908 2480 942 2485 —
977 2464 1008 2495 7.
1038 2463 1110 2505 viis]
1142 2464 1209 2495 suis
1237 2464 1386 2497 EFGP.
1421 2483 1456 2488 —
1490 2466 1522 2498 8.
1549 2469 1646 2508 prae]
1673 2477 1736 2508 pro
1764 2470 1878 2503 EFA.

127 2511 333 2543 Emendavit
352 2512 424 2543 Nic.
450 2510 625 2551 Angelius.
647 2529 683 2532 —
703 2512 969 2552 praeclarissime
990 2513 1054 2545 sita
1076 2522 1158 2546 nos:
1181 2523 1266 2554 prae
1286 2514 1351 2546 illis
1373 2516 1492 2548 semitis
1515 2517 1539 2548 E
1554 2518 1576 2549 F
1590 2519 1616 2550 Α
1630 2519 1654 2550 L
1669 2517 1745 2557 ssO;
1778 2530 1882 2560 prae—

127 2561 316 2592 clarissimis
338 2561 400 2592 viis
421 2560 584 2593 Klotzius.
603 2578 633 2585 -
653 2561 684 2593 9.
709 2565 910 2594 contemnere
932 2563 970 2595 E.
986 2580 1021 2585 -
1035 2564 1254 2596 uaticantium
1277 2564 1302 2596 E
1317 2565 1338 2596 F
1351 2566 1387 2596 P.
1406 2581 1441 2588 —
1455 2566 1630 2606 Pupiniam
1644 2569 1691 2608 A,
1716 2568 1880 2610 Klotzius,

129 2611 261 2651 Ussing.
296 2611 346 2644 Cf.
374 2610 563 2643 Columella
586 2612 624 2642 R.
650 2612 688 2643 R.
715 2612 738 2643 1.
758 2611 794 2650 4,
817 2612 848 2644 3.
883 2629 917 2635 —
951 2613 1002 2644 40.
1028 2613 1144 2653 opimis
1171 2617 1268 2654 atque
1295 2614 1446 2646 uberibus
1475 2616 1718 2649 Lauredanus:
1754 2619 1883 2659 optimis

130 2663 227 2698 atque
260 2660 411 2693 uberibus
439 2659 555 2699 PA533
592 2660 721 2700 optimis
748 2665 846 2701 atque
875 2661 1047 2694 uberrimis
1068 2663 1141 2694 EF.
1170 2681 1204 2685 —
1231 2664 1360 2703 scilicet]
1391 2665 1418 2696 si
1445 2664 1517 2697 licet
1540 2665 1613 2697 EF.
1640 2684 1675 2688 —
1712 2677 1776 2700 non
1800 2677 1881 2701 cum

130 2707 329 2741 ed.Iuntina
343 2719 413 2743 om.
428 2711 466 2742 O.
485 2709 874 2752 —411.hac]hacinopia
886 2713 921 2743 T.
939 2731 973 2735 —
989 2722 1029 2744 ac
1045 2713 1146 2744 risum
1163 2713 1188 2744 E
1202 2714 1241 2745 F:
1274 2722 1314 2745 ac
1326 2723 1388 2754 per
1400 2715 1542 2746 risumA
1555 2715 1579 2746 L
1593 2712 1614 2748 ss
1628 2716 1665 2748 O.
1680 2735 1714 2740 —
1731 2718 1783 2749 42.
1802 2727 1882 2750 con-

130 2758 256 2789 tendent
289 2760 325 2790 P.
364 2760 555 2792 Manutius:
603 2763 804 2792 contemnent
837 2762 862 2792 E
881 2762 903 2793 F
923 2763 962 2793 A.
1000 2779 1035 2784 —-
1073 2762 1219 2804 Labicos]
1256 2764 1346 2794 uicos
1378 2764 1469 2801 EP;
1511 2765 1603 2804 fucos
1635 2766 1670 2796 F.
1709 2784 1744 2788 —
1779 2767 1883 2800 hercle

129 2808 324 2849 Lanuvium]
355 2809 553 2840 ercleiannm
576 2810 620 2847 E;
656 2810 866 2841 erculcanum
889 2811 911 2842 F
921 2820 927 2848 ;
963 2812 1162 2843 ercleianum
1188 2821 1348 2845 unmaum
1378 2815 1418 2851 P;
1454 2815 1568 2846 Hercle
1593 2815 1802 2848 Lanuuinum
1829 2819 1880 2855 A3

129 2857 234 2889 hercle
261 2858 438 2890 Lauinium
468 2858 534 2890 alii.
569 2878 603 2881 —
636 2860 688 2891 43.
723 2861 846 2892 leeano
871 2857 978 2892 ALQ.
1006 2878 1040 2883 —
1078 2861 1129 2894 44.
1162 2863 1411 2904 comparabunt]
1442 2873 1506 2895 non
1534 2864 1773 2904 comparabunt
1801 2875 1882 2898 cum

132 2906 335 2938 Lauredano
359 2909 394 2939 L.
432 2926 465 2929 —
494 2909 545 2940 ⁴5.
577 2910 631 2941 sed
661 2914 761 2948 ccrle,
797 2911 823 2942 si
848 2910 999 2951 paulum]
1031 2912 1059 2943 si
1086 2916 1171 2944 certe
1196 2914 1371 2953 paululum
1397 2915 1440 2951 E?
1476 2916 1503 2946 si
1530 2918 1615 2946 certe
1641 2916 1781 2956 paulum
1810 2918 1880 2949 FP.

135 2972 170 2978 —
204 2958 385 2988 uenustatis
413 2957 522 2988 EFP.
555 2974 588 2979 —
625 2959 677 2991 46.
707 2960 944 2992 continebinzur
972 2963 1008 2993 E.
1044 2981 1078 2985 —
1108 2964 1366 3005 prom-edwium
1394 2965 1494 2997 iuncti
1523 2974 1630 2997 secum
1661 2966 1809 3005 ferentur
1835 2968 1880 3006 E3

129 3005 387 3045 progrediuntur
414 3007 516 3038 iuncti
542 3015 649 3039 secum
674 3009 827 3049 feruntur
857 3011 878 3042 F
891 3021 897 3048 ;
929 3013 1184 3053 progredientur
1211 3014 1320 3045 cuncti
1352 3023 1459 3046 secum
1486 3015 1633 3055 ferentur
1666 3017 1709 3053 P;
1743 3025 1885 3057 progre-

134 3053 277 3094 dientur,
302 3059 420 3087 cuncta
442 3065 549 3088 secum
570 3057 674 3097 ferent
697 3058 840 3092 Orellius
865 3060 941 3093 coll.
968 3062 1038 3093 Liv.
1057 3063 1125 3094 XL.
1143 3062 1196 3095 49.
1216 3081 1251 3085 —
1279 3064 1331 3095 47.
1356 3064 1453 3104 facile
1474 3064 1550 3106 sese]
1572 3064 1681 3105 facilis
1702 3069 1780 3096 esset
1801 3066 1881 3105 EF?

133 3101 225 3141 facili
246 3108 324 3136 esset
346 3107 388 3143 P;
418 3105 510 3146 facili
531 3114 596 3138 sese
617 3107 656 3139 A.
683 3125 718 3130 —
745 3109 830 3150 offici
853 3110 878 3142 E
893 3111 926 3143 F.
955 3129 989 3133 —
1017 3111 1069 3143 118.
1094 3112 1129 3143 in
1149 3112 1300 3154 fortunis]
1329 3113 1517 3153 infortuniis
1539 3114 1564 3146 E
1579 3115 1613 3145 F.
1641 3132 1677 3136 —
1702 3115 1885 3147 continetur

136 3152 246 3184 EFP.
273 3171 307 3177 —
333 3156 386 3187 20.
412 3156 579 3197 laem-iae]
603 3157 783 3191 luaeuriosis
804 3160 865 3192 EF
879 3161 953 3192 PA.
991 3160 1198 3193 Emendavit
1226 3163 1418 3202 Naugerius
1441 3163 1475 3195 in
1500 3163 1556 3196 ed.
1581 3162 1715 3196 Aldina.
1742 3181 1779 3187 —
1805 3174 1884 3197 con-

137 3201 299 3256 quisituri]
331 3206 440 3237 «Fort.
473 3208 670 3246 concepturi.
710 3209 854 3242 Videtur
884 3209 966 3242 illud
998 3212 1112 3242 ortum
1136 3219 1154 3242 e
1178 3212 1344 3252 praeced.
1369 3214 1574 3252 conquisiti.»
1601 3214 1658 3245 On.
1686 3231 1721 3236 —
1747 3214 1801 3246 24.
1825 3215 1885 3248 hoc

136 3253 236 3305 ettam
251 3253 287 3284 T.
302 3273 337 3278 —
361 3255 415 3288 22.
434 3256 505 3288 illos
527 3256 561 3287 in
582 3260 687 3290 vetere
706 3258 843 3300 fortuna
857 3260 936 3291 L.—
961 3259 1014 3291 25.
1032 3260 1322 3293 commorabuntur
1336 3262 1361 3293 E
1374 3262 1397 3294 F
1409 3263 1445 3294 P.
1461 3281 1496 3286 —
1521 3263 1574 3294 26.
1593 3261 1685 3295 brute
1699 3264 1737 3296 E.
1754 3281 1791 3287 —
1815 3273 1884 3297 mo-

138 3303 283 3356 nimenta
304 3303 338 3334 F.
365 3321 399 3326 —
425 3305 478 3337 27.
503 3306 637 3338 malusti
658 3308 696 3340 E.
716 3326 750 3331 -—
777 3309 965 3342 auctoribus
987 3310 1232 3343 Lauredanus:
1259 3312 1422 3344 actoribus
1443 3313 1505 3345 EF
1519 3311 1629 3346 ΘΑΕ.
1653 3330 1687 3335 -
1714 3314 1768 3347 28.
1793 3316 1886 3356 coyi-

139 3351 217 3382 tastu
238 3351 273 3384 F.
301 3370 336 3376 -
359 3355 536 3397 vectigalia
558 3365 598 3390 ea
618 3357 792 3399 expleretis
811 3369 894 3393 novo
918 3359 991 3393 urbi
1013 3361 1057 3393 ad
1078 3361 1104 3395 E
1118 3361 1140 3394 F
1155 3362 1273 3395 GPA:
1306 3362 1482 3405 vectigalia
1501 3363 1695 3404 venderetis,
1719 3367 1750 3397 et
1771 3365 1884 3406 emple-
