2127 3708
209 236 262 279 76
612 237 810 278 ORATIO
841 237 941 278 PRO
974 237 1024 286 Q.
1053 237 1247 279 Rosmo
1280 213 1537 279 coMossno

206 362 297 389 rum
311 380 321 397 ,
351 348 549 402 simplex:
582 349 625 389 S1
650 362 782 390 PARET
803 350 880 390 Hs
902 362 992 388 1000
1014 363 1111 390 mm
1133 347 1393 403 [oronnae]
1423 350 1520 397 Hic,
1542 349 1623 390 nisi
1645 349 1813 403 planum
1833 351 1943 400 facit,

206 411 283 451 HS
314 422 405 448 1000
435 411 486 451 ad
516 411 698 452 libellam
729 413 807 451 sibi
839 413 1001 459 deberi,
1041 425 1206 452 causam
1236 413 1384 464 perdit.
1432 412 1542 460 Quid
1576 417 1637 452 est
1666 412 1709 451 in
1740 413 1943 454 arbitrio?

204 472 316 520 Mite,
337 473 615 513 moderatum:
647 474 852 522 QVANTVM
873 485 1049 520 AEQvivs
1072 487 1123 512 ET
1145 486 1295 513 xmmvs
1325 487 1387 513 sir
1407 486 1518 514 mni.
1549 474 1622 513 Ille
1641 473 1670 524 ἦ·
1688 479 1826 515 tamen
1848 489 1946 515 con-

204 532 343 574 fitetur
372 535 466 588 plus
497 549 540 575 se
571 540 711 588 petere
742 548 865 588 quam
897 536 1116 581 debeatur3
1157 536 1229 574 sed
1271 535 1368 574 satis
1399 549 1606 589 superque
1638 535 1790 576 habere
1821 537 1944 584 dicit,

175 597 319 651 5quod
351 597 429 637 sibi
459 597 509 636 ab
539 598 692 637 arbitro
724 598 941 636 tribuatur.
1001 598 1145 650 Itaque
1176 596 1279 636 alter
1309 609 1456 637 causae
1488 596 1681 644 confidit,
1713 597 1816 637 alter
1842 596 1947 637 diffi-

204 658 277 698 dit.
336 655 400 698 42.
433 659 549 707 Quae
580 672 672 698 cum
703 659 760 698 ita
790 659 892 704 sint,
934 671 1088 711 quaero
1126 658 1197 697 abs
1239 663 1301 705 te,
1343 658 1443 711 quid
1485 659 1541 698 ita
1571 660 1620 698 de
1651 659 1726 698 hac
1757 659 1947 711 pecunia,

204 720 254 759 de
285 720 349 760 his
378 721 480 774 ipsis
512 720 587 759 ΗΒ
610 734 724 767 1000,
758 726 918 759 tuarum
950 720 1181 759 tabularum
1213 718 1291 759 fide
1319 722 1661 773 compromissum
1692 721 1852 768 feceris,
1884 734 1948 760 ar-

203 783 356 823 bitrum
387 783 631 835 sumpseris,
664 788 864 836 quantum
886 783 1062 835 aequius
1084 788 1123 821 et
1145 783 1291 821 melius
1321 782 1375 820 sit
1405 783 1490 822 dari
1520 784 1856 837 repromittique,
1888 785 1947 824 sic

203 847 397 898 petieris?
443 845 546 893 Quis
577 846 618 884 in
649 845 754 883 hanc
786 857 872 883 rem
891 843 971 882 fuit
990 844 1170 882 arbiter?
1204 843 1365 882 Utinam
1395 844 1428 882 is
1451 845 1620 897 quidem
1642 847 1795 886 Romae
1817 846 1945 886 essetl

155 909 357 947 ioRomae
389 914 462 948 est.
523 907 684 946 Utinam
714 906 878 945 adesset
908 906 951 944 in
982 905 1162 944 iudicio!
1206 905 1345 944 Adest.
1391 906 1553 945 Utinam
1584 908 1746 947 sederet
1776 909 1817 947 in
1848 921 1946 947 con-

204 970 298 1010 silio
341 969 383 1009 C.
414 969 598 1009 Pisonis!
646 970 737 1021 lpse
771 970 812 1007 ⁴3.
845 968 939 1007 Piso
971 973 1045 1007 est.
1104 967 1346 1006 Eundemnc
1387 973 1430 1006 tu
1470 969 1666 1008 arbitrum
1698 975 1738 1009 et
1767 971 1946 1010 iudicem

204 1032 427 1071 sumebas?
468 1031 602 1070 eidem
643 1036 683 1070 ct
721 1028 923 1069 infinitam
968 1030 1229 1081 largitionem
1260 1030 1497 1069 remittebas
1528 1036 1568 1070 et
1598 1032 1773 1071 eundem
1804 1032 1846 1071 in
1876 1046 1947 1071 an-

203 1094 483 1147 gustissimam
522 1093 743 1132 formulam
775 1094 1013 1145 sponsionis
1045 1092 1350 1131 concludebas?
1397 1092 1499 1140 Quis
1530 1107 1727 1146 umquam
1758 1095 1809 1134 ad
1840 1095 1948 1135 arbi-

202 1162 333 1203 trum,
367 1160 569 1208 quantum
598 1156 736 1209 petiit,
767 1161 928 1195 tantum
958 1156 1158 1195 abstulit?
1201 1155 1352 1194 Nemo:
1400 1160 1601 1208 quantum
1631 1157 1743 1196 enim
1772 1157 1946 1211 aequius

157 1223 313 1258 ⁴5esset
343 1218 419 1257 sibi
451 1218 559 1266 dari,
590 1218 722 1271 petiit.
780 1219 840 1257 De
872 1227 956 1271 quo
988 1218 1155 1257 nomine
1177 1218 1227 1257 ad
1251 1217 1448 1257 arbitrum
1470 1218 1611 1265 adisti,
1643 1219 1692 1257 de
1723 1232 1772 1258 eo
1803 1219 1854 1258 ad
1885 1219 1949 1258 iu-

203 1281 337 1321 dicem
366 1281 532 1321 venisti.
591 1277 656 1319 ¹13.
698 1280 831 1320 Ceteri
872 1294 965 1319 cum
996 1281 1047 1320 ad
1087 1280 1267 1320 iudicem
1298 1294 1462 1320 causam
1495 1281 1733 1321 labefactari
1763 1281 1950 1320 animad-

203 1347 389 1390 vertunt,
427 1343 478 1382 ad
520 1342 719 1382 arbitrum
750 1341 1018 1395 confugiunt:
1058 1343 1126 1382 hic
1156 1343 1206 1382 ab
1238 1343 1390 1382 arbitro
1421 1343 1472 1382 ad
1504 1343 1683 1383 iudicem
1714 1343 1856 1382 venire
1887 1347 1950 1383 est

204 1418 352 1453 ausus;
391 1405 463 1458 qui
501 1418 593 1445 cum
624 1406 675 1445 de
704 1405 782 1445 hac
822 1406 999 1458 pecunia
1028 1405 1260 1445 tabularum
1301 1402 1379 1444 lide
1418 1405 1616 1444 arbitrum
1649 1405 1846 1458 sumpsit,
1886 1404 1950 1443 iu-

204 1468 375 1515 dicavit,
418 1467 495 1507 sibi
537 1467 757 1520 pecuniam
795 1480 880 1506 non
911 1468 1064 1506 deberi.
1122 1468 1209 1506 Iam
1240 1468 1345 1506 duae
1377 1472 1514 1519 partes
1546 1480 1694 1506 causae
1724 1472 1820 1506 sunt
1851 1479 1950 1506 con-

154 1539 190 1569 20
203 1530 355 1570 fectae:
387 1531 680 1570 adnumerasse
712 1544 801 1570 sese
824 1536 966 1581 negat3
998 1543 1226 1582 expensum
1250 1530 1393 1569 tulisse
1416 1543 1499 1568 non
1522 1530 1644 1577 dicit,
1675 1542 1769 1568 cum
1789 1528 1948 1568 tabulas

203 1606 288 1633 non
318 1593 475 1633 recitat.
526 1594 747 1647 Reliquum
780 1598 863 1641 est,
894 1599 941 1632 ut
971 1594 1213 1646 stipulatum
1246 1606 1289 1631 se
1316 1605 1405 1631 esse
1429 1592 1560 1639 dicat3
1592 1596 1804 1644 praeterea
1825 1590 1947 1637 enim,

204 1656 554 1709 quemadmodum
585 1661 738 1696 certam
769 1656 947 1709 pecunia
968 1662 1108 1709 petere
1131 1655 1282 1709 possit,
1315 1668 1397 1693 non
1424 1655 1601 1707 reperio.
1646 1655 1695 1693 V.
1718 1653 1948 1706 Stipulatus

205 1720 278 1758 es?
322 1718 422 1757 ubi?
455 1731 537 1771 quo
570 1718 665 1757 die?
697 1731 780 1771 quo
812 1721 1027 1770 tempore?
1061 1732 1143 1771 quo
1176 1719 1420 1770 praesente?
1453 1718 1546 1770 quis
1576 1716 1852 1770 spopondisse
1883 1728 1948 1754 me

204 1782 331 1822 dicit?
375 1783 520 1822 Nemo.
580 1779 645 1821 sl4.
686 1782 763 1820 Hic
805 1794 880 1833 ego
914 1782 946 1820 si
978 1780 1098 1819 linem
1130 1780 1277 1819 faciam
1311 1779 1497 1825 dicendi,
1535 1779 1631 1818 satis
1663 1777 1757 1817 fidei
1787 1783 1828 1818 et
1857 1778 1949 1818 dili-

155 1855 191 1885 25
204 1845 368 1899 gentiae
399 1858 536 1892 meae,
567 1845 666 1884 satis
698 1857 846 1883 causae
879 1848 920 1882 et
950 1843 1279 1889 controversiae,
1312 1842 1410 1881 satis
1432 1841 1632 1881 formulae
1655 1846 1694 1881 et
1715 1840 1947 1893 sponsioni,

203 1908 302 1948 satis
333 1908 456 1948 etiam
487 1907 614 1949 iudici
637 1907 784 1946 secisse
806 1906 968 1953 videar,
1000 1920 1072 1945 cur
1100 1905 1327 1945 secundum
1357 1904 1551 1942 Roscium
1581 1903 1756 1943 iudicari
1788 1903 1947 1943 debeat.

202 1970 382 2010 Pecunia
412 1970 542 2022 petita
574 1974 634 2009 est
665 1974 802 2008 certa:
846 1981 939 2007 cum
968 1968 1089 2007 tertia
1119 1973 1234 2020 parte
1266 1966 1437 2019 sponsio
1468 1965 1575 2005 sacta
1606 1971 1679 2005 est.
1736 1966 1848 2005 Haec
1878 1978 1950 2018 pe·-

203 2032 325 2072 cunia
355 2046 525 2072 necesse
558 2037 619 2072 est
649 2037 720 2072 aut
751 2032 845 2071 data
876 2035 947 2071 aut
978 2044 1160 2083 expensa
1182 2030 1263 2069 lata
1284 2034 1356 2068 aut
1377 2028 1573 2081 stipulata
1594 2029 1658 2067 sit.
1697 2029 1843 2067 Datam
1863 2041 1949 2067 non

204 2108 293 2135 esse
324 2095 507 2134 Fannius
540 2092 781 2141 confitetur3
822 2107 1047 2146 expensam
1090 2093 1212 2132 latam
1243 2105 1327 2132 non
1358 2104 1447 2130 esse
1479 2091 1643 2130 codices
1675 2091 1820 2129 Fannii
1851 2104 1949 2130 con-

153 2155 385 2204 30firmant3
430 2157 666 2210 stipulatam
709 2170 793 2196 non
836 2170 925 2196 esse
966 2156 1224 2195 taciturnitas
1262 2155 1429 2194 testium
1468 2154 1670 2193 concedit.
1730 2150 1794 2191 ¹15.
1837 2154 1948 2201 Quid

203 2233 300 2273 ergo
333 2222 422 2260 est?
468 2220 591 2268 Quod
622 2224 662 2259 et
692 2233 788 2259 reus
819 2219 853 2257 is
886 2224 968 2265 est,
1010 2219 1075 2258 cui
1107 2223 1147 2257 et
1176 2217 1353 2270 pecunia
1384 2215 1593 2255 levissima
1625 2220 1665 2255 et
1695 2216 1946 2255 existimatio

203 2282 463 2324 sanctissima
493 2282 572 2321 fuit
601 2295 786 2334 semper,
819 2287 858 2321 et
887 2281 1015 2320 iudex
1037 2285 1098 2319 est
1128 2280 1183 2327 is,
1216 2293 1338 2332 quem
1371 2292 1446 2317 nos
1478 2292 1561 2317 non
1592 2278 1728 2317 minus
1759 2278 1864 2317 bene
1896 2278 1947 2317 de

202 2345 323 2385 nobis
355 2345 592 2384 existimare
624 2358 748 2398 quam
781 2344 1007 2383 secundum
1039 2355 1114 2381 nos
1146 2342 1329 2380 iudicare
1352 2341 1549 2387 velimus,
1581 2345 1620 2379 et
1650 2340 1866 2379 advocatio
1900 2353 1948 2380 ea

203 2412 284 2454 est,
317 2421 441 2461 quam
471 2413 643 2461 propter
673 2406 871 2445 eximium
903 2405 1166 2458 splendorem
1196 2409 1242 2443 ut
1272 2403 1451 2442 iudicem
1482 2416 1610 2442 unum
1631 2402 1767 2442 vereri
1798 2402 1947 2442 debea-

289 2513 319 2543 4.
344 2511 457 2553 PARET]
477 2515 599 2551 peteret
621 2512 679 2542 aF
693 2511 820 2548 GMA,
842 2513 969 2550 pateret
992 2510 1217 2541 Hotomanus.
1245 2507 1449 2539 Emendavit
1465 2507 1663 2538 Lambinus.
1691 2507 1739 2538 Cf.
1758 2508 1881 2548 Zumpt
1903 2507 1947 2539 ad

202 2563 347 2595 Divinat.
374 2563 407 2594 in
433 2560 558 2594 Caecil.
584 2560 614 2601 ἓ.
633 2561 685 2592 56.
707 2578 741 2582 -
767 2569 842 2591 mm
862 2569 912 2591 οι).
932 2568 1012 2590 cum
1030 2560 1220 2590 Hotomano
1238 2556 1290 2591 12³3
1307 2567 1312 2588 ς
1339 2558 1412 2588 dari
1436 2567 1459 2587 α
1474 2559 1496 2587 G
1512 2558 1543 2588 M
1557 2559 1583 2588 A
1601 2558 1680 2597 (om.
1700 2556 1745 2597 F).
1768 2557 1837 2588 —2
1862 2556 1949 2588 libel-

201 2613 269 2644 lum
291 2623 316 2644 α
329 2614 354 2644 G
368 2613 399 2644 M
423 2614 455 2644 et
474 2620 541 2649 mg.
561 2611 598 2642 A.
621 2628 655 2632 —
675 2610 705 2642 3.
725 2614 847 2649 quanto
863 2619 887 2640 α
901 2612 923 2640 G
939 2610 1016 2641 MA.
1046 2625 1080 2629 —
1106 2607 1240 2647 aequius
1263 2610 1291 2638 et
1312 2607 1424 2637 melius
1440 2617 1464 2637 α
1479 2607 1499 2637 κ’
1514 2609 1538 2635 t}
1553 2607 1584 2637 M
1596 2607 1622 2637 A
1636 2607 1659 2637 L
1673 2605 1710 2639 8:
1736 2614 1870 2643 AEQwvs
1886 2614 1947 2637 ME-

200 2671 270 2694 les
294 2671 373 2694 cum
393 2661 543 2694 Manutio
560 2661 596 2691 O.
617 2678 652 2683 —
678 2668 796 2691 MELIVS
818 2668 870 2692 sir
892 2668 969 2691 ΒΑΜ
991 2659 1177 2690 Manutius:
1204 2657 1316 2688 melius
1331 2656 1364 2687 id
1380 2657 1455 2687 dari
1472 2658 1494 2687 G
1508 2655 1611 2694 LQO,
1636 2655 1749 2686 melius
1771 2656 1805 2686 id
1826 2655 1948 2686 clarius

202 2723 226 2744 α
242 2715 262 2745 F
276 2714 357 2745 MA.
385 2712 434 2744 Cf.
454 2720 486 2743 V.
505 2712 535 2743 8.
557 2728 590 2732 -
617 2710 683 2751 Ille]
704 2711 783 2741 illud
800 2712 836 2741 A.
860 2728 894 2732 —
920 2709 1037 2749 tamen]
1061 2716 1166 2747 paene
1181 2707 1240 2738 Th.
1260 2707 1463 2744 Mommsen,
1489 2706 1584 2736 tacite
1604 2706 1809 2743 Iluschkius‚
1834 2705 1948 2737 saltem

204 2762 369 2795 Halmius.
390 2780 425 2785 —-
452 2763 482 2793 5.
509 2761 646 2793 arbitrio
663 2762 688 2791 G
702 2762 783 2792 MA.
806 2778 840 2782 —
866 2761 898 2791 7.
923 2762 1057 2790 tuarum
1073 2757 1261 2789 tabularum
1275 2757 1337 2796 fide
1354 2764 1433 2786 nos:
1461 2755 1497 2785 de
1513 2759 1535 2786 t.
1554 2758 1575 2786 t.
1592 2756 1655 2795 fide
1670 2764 1750 2787 cum
1767 2754 1946 2787 codicibus

202 2814 229 2845 A
244 2814 266 2844 L
280 2812 301 2846 Β
315 2813 351 2843 Ο.
379 2811 427 2843 Cf.
445 2821 478 2843 v,
498 2812 548 2843 48.
571 2829 605 2833 »-
624 2812 654 2843 8.
675 2810 849 2841 arbim-ium
866 2811 936 2841 GA.
959 2827 993 2830 —
1020 2811 1142 2848 quanto
1166 2807 1271 2838 aGM
1284 2807 1321 2837 A.
1343 2823 1376 2826 —
1402 2805 1536 2844 aequius
1557 2806 1673 2837 melius
1688 2806 1868 2843 Graevius,
1894 2813 1947 2836 ac-

203 2863 298 2902 quius
322 2861 372 2902 [et]
389 2862 502 2893 melius
517 2862 553 2892 Ο.
575 2879 609 2882 —
627 2861 872 2900 repromitlique
896 2861 958 2891 αθ
972 2860 1061 2890 MA:
1089 2857 1309 2896 repromittive
1325 2863 1403 2886 cum
1423 2855 1570 2885 Manutio
1588 2854 1689 2888 Leo.
1717 2854 1765 2886 Cf.
1785 2855 1815 2895 g.
1835 2855 1886 2886 37.
1908 2872 1944 2878 —

202 2913 247 2943 sic
272 2913 323 2952 (ea
346 2910 502 2949 formula)
522 2912 654 2950 petieris
677 2911 736 2941 Th.
757 2911 968 2942 Mommsen:
995 2909 1021 2939 si
1041 2909 1163 2947 peiores
1186 2908 1281 2938 aFG
1296 2907 1325 2937 M
1339 2907 1381 2943 A,
1407 2905 1434 2935 si
1453 2908 1576 2943 pelet-es
1598 2905 1804 2943 Naugerius,
1832 2903 1893 2935 «al.
1919 2904 1948 2936 si

199 2964 344 3001 pareret»
371 2969 438 2999 mg.
466 2959 505 2998 (ἐ,
531 2961 557 2990 si
576 2964 710 3000 pareret
734 2959 832 2993 Lsst).
859 2959 928 2999 (libi
946 2959 1079 2997 petieris
1095 2955 1349 2997 Pantagathus.)
1369 2971 1405 2976 —
1432 2955 1483 2985 40.
1510 2958 1564 2985 est.
1584 2963 1661 2984 nam
1675 2955 1804 2985 utinam
1819 2954 1943 2992 aGM,

203 3015 246 3043 est
262 3012 340 3042 iam.
364 3011 492 3041 utinam
508 3011 551 3046 Α,
579 3013 632 3040 est.
659 3010 728 3040 Iam
749 3010 875 3040 utinam
894 3008 959 3041 Lt‘.
978 3008 1046 3048 (est.
1064 3008 1191 3037 utinam
1214 3007 1235 3037 F
1260 3006 1293 3036 et
1318 3005 1474 3042 Iuntina.)
1495 3021 1526 3027 -
1549 3005 1600 3035 12.
1626 3005 1736 3043 eidem]
1762 3005 1845 3035 idem
1867 3005 1942 3035 αΑ.

206 3078 241 3083 —
269 3060 319 3091 43.
345 3060 519 3091 arbitrium
536 3060 605 3090 GM
618 3061 656 3090 A.
678 3076 712 3080 ——
742 3058 791 3090 44.
812 3060 845 3089 ct
870 3059 918 3089 45.
942 3059 1022 3096 petit
1041 3058 1105 3087 αθ
1119 3057 1147 3087 M
1162 3058 1199 3087 A.
1221 3073 1255 3078 -
1282 3054 1365 3094 dari]
1388 3054 1465 3093 pari
1489 3056 1512 3083 G
1529 3054 1570 3084 M.
1592 3071 1626 3075 —
1651 3054 1825 3084 arbitrium
1849 3055 1886 3085 A.
1908 3070 1943 3075 —

203 3109 309 3150 adisli]
334 3110 446 3139 dedisti
468 3111 507 3140 A.
536 3126 570 3130 —
598 3108 647 3138 47.
674 3108 848 3138 arbitrium.
873 3108 903 3138 M
916 3109 952 3138 A.
983 3125 1017 3129 —
1045 3106 1181 3137 arbitrio
1205 3106 1246 3136 M.
1275 3123 1309 3127 —
1338 3104 1386 3134 18.
1414 3103 1602 3134 tabularum
1622 3104 1684 3143 fide
1709 3104 1815 3133 aGM
1827 3104 1868 3134 A:
1908 3102 1946 3133 dc

204 3159 391 3190 tabularum
411 3159 472 3199 fide
498 3165 577 3188 cum
602 3156 722 3188 Aldina
741 3156 815 3195 ΕΟ,
842 3157 878 3187 de
901 3165 1036 3186 suarum
1057 3156 1121 3186 tal).
1145 3156 1207 3196 fide
1227 3155 1260 3185 L.
1288 3152 1336 3183 Cf.
1355 3161 1386 3182 Υ.
1406 3153 1435 3183 7.
1458 3170 1491 3174 —
1518 3152 1692 3182 arbitrium
1707 3153 1744 3182 A.
1767 3169 1801 3173 —
1827 3151 1878 3182 49.
1897 3151 1946 3181 in-

205 3208 324 3239 dicarit
347 3208 417 3238 FL.
455 3206 504 3239 Cf.
532 3206 561 3247 S.
588 3206 640 3237 39.
678 3223 711 3228 —
749 3207 801 3237 ⁶20.
833 3208 1031 3237 asinum-asse
1059 3206 1250 3236 aFGMA.
1287 3203 1529 3243 (adnumerasse
1561 3210 1633 3232 var.
1658 3200 1734 3232 lect.
1761 3200 1880 3240 Naug.)
1907 3217 1943 3222 -

208 3258 304 3289 «tort.
331 3265 506 3296 empensum
529 3265 593 3286 non
609 3255 716 3286 tulisse
739 3256 832 3285 dicit»
852 3264 921 3295 mg.
940 3254 973 3288 c.
995 3272 1030 3276 —
1056 3264 1120 3286 esse
1143 3263 1173 3285 se
1198 3255 1239 3285 M.
1261 3271 1294 3274 μ
1322 3254 1371 3283 23.
1389 3252 1538 3291 formulis
1554 3251 1586 3284 ἓ.
1609 3269 1643 3274 -
1669 3251 1720 3282 31.
1744 3258 1818 3281 reus
1841 3250 1867 3280 is
1889 3250 1944 3289 ese]

206 3316 258 3338 res
280 3306 347 3338 eius
369 3310 412 3337 esc
435 3316 459 3336 α
473 3308 496 3337 G
512 3307 542 3337 M
556 3308 579 3337 Α
594 3304 628 3339 ἓ.
666 3306 869 3336 Emendaxit
886 3306 1067 3337 Manutius.
1097 3323 1131 3326 ἢ
1158 3305 1249 3336 cuius
1270 3306 1298 3334 et
1317 3303 1456 3341 pecunia
1472 3304 1530 3332 at}
1546 3302 1613 3332 MA
1627 3327 1634 3341 ,
1659 3300 1711 3331 cui
1732 3308 1783 3331 res
1798 3303 1825 3331 et
1844 3308 1946 3341 pecu-

206 3357 264 3388 nia
286 3364 367 3390 cum
382 3355 491 3390 tribus
510 3354 760 3388 oxoniensibus
778 3354 937 3388 klotzius.
959 3373 993 3377 -—
1021 3355 1073 3387 33.
1091 3358 1121 3387 et
1144 3362 1261 3386 errore
1286 3354 1420 3394 typogr.
1441 3361 1509 3384 om.
1528 3350 1561 3386 53.
1583 3367 1618 3374 -
1645 3354 1690 3383 est
1712 3359 1751 3382 ea
1773 3350 1816 3383 M.
