2127 3708
872 223 945 278 §§·
975 222 1029 265 30
1045 247 1099 257 -
1116 223 1182 266 36.
1848 223 1904 267 97

161 340 273 381 saxis
304 354 379 394 pro
410 343 534 394 portu
564 338 827 391 stationeque
858 341 1045 377 utuntur.
1103 338 1206 376 Nam
1244 336 1286 376 in
1318 335 1414 376 dolo
1453 336 1562 376 malo
1592 338 1738 378 volunt
1766 337 1904 378 deliti-

162 416 296 451 scere;
327 403 369 442 in
400 415 483 456 quo
514 414 598 441 non
629 400 754 440 modo
786 414 878 440 cum
910 401 1050 440 omnia
1079 399 1158 453 ipsi
1187 398 1377 439 fecerunt
1397 412 1505 452 quae
1528 398 1729 448 fatentur,
1759 415 1904 442 verum

162 465 285 506 etiam
316 466 350 506 si
380 478 455 518 per
482 464 586 503 alios
616 463 658 502 id
687 462 906 510 fecissent,
938 463 1160 502 haererent
1187 474 1234 501 ac
1266 466 1521 501 tenerentur.

272 525 338 568 34.
368 527 455 579 Ego
486 538 570 565 non
599 524 642 564 in
672 538 755 564 una
785 538 827 564 re
859 525 960 571 sola,
991 524 1105 578 quod
1137 524 1236 563 mihi
1267 524 1366 564 satis
1389 529 1463 570 est,
1487 536 1625 577 neque
1646 523 1690 563 in
1710 525 1905 566 universa

160 604 205 630 re
236 590 390 635 solum,
421 587 533 641 quod
563 586 663 626 mihi
695 586 793 626 satis
824 593 904 635 est,
935 587 1007 627 sed
1030 586 1274 640 singillatim
1300 587 1343 625 in
1365 585 1558 626 omnibus
1580 586 1723 625 dolum
1751 587 1905 628 malum
1936 595 1956 625 5

162 657 323 693 exstare
346 651 452 690 dico.
484 648 713 689 Consilium
735 649 916 702 capiunt,
935 655 981 688 ut
1001 649 1052 688 ad
1074 662 1215 688 servos
1237 649 1290 688 M.
1310 648 1436 687 Tullii
1457 647 1646 688 veniant:
1677 647 1775 688 dolo
1798 650 1906 690 malo

161 715 330 755 faciunt.
386 713 511 752 Arma
546 710 742 762 capiunt:
789 711 886 750 dolo
928 711 1036 750 malo
1073 709 1242 750 faciunt.
1314 712 1497 763 Tempus
1535 711 1586 750 ad
1623 710 1908 751 insidiandum

161 783 286 830 atque
317 773 535 815 celandum
565 772 764 812 idoneum
795 773 979 826 eligunt:
1022 772 1119 812 dolo
1150 773 1259 813 malo
1290 772 1461 813 faciunt.
1507 772 1557 811 Vi
1588 772 1631 811 in
1662 777 1816 812 tectum
1846 774 1910 812 in-

160 842 308 878 ruunt:
345 837 389 875 in
426 836 516 888 ipsa
544 835 584 874 vi
617 834 737 875 dolus
777 841 850 875 est.
910 835 1119 875 Occidunt
1146 835 1360 883 homines,
1409 839 1563 874 tectum
1595 834 1787 876 diruunt:
1833 849 1910 876 nec

160 903 284 941 homo
329 898 463 939 occidi
498 911 575 938 nec
614 898 806 937 consulto
845 898 964 938 alteri
1002 898 1198 937 damnum
1238 898 1326 938 dari
1366 898 1456 938 sine
1488 897 1585 937 dolo
1617 898 1727 938 malo
1758 904 1960 952 potest.⁴0

159 964 267 1015 Ergo
298 961 332 1001 si
364 973 508 1000 omnes
538 965 677 1013 partes
709 967 805 1001 sunt
834 960 1062 1007 eiusmodi,
1093 966 1139 1000 ut
1169 960 1210 998 in
1234 960 1408 1013 singulis
1432 959 1554 999 dolus
1575 961 1708 1000 malus
1728 960 1911 1009 haereat,

158 1024 396 1065 universam
439 1036 526 1063 rem
571 1028 611 1063 et
655 1028 787 1063 totum
830 1023 991 1064 facinus
1032 1024 1120 1064 sine
1162 1025 1258 1064 dolo
1298 1024 1406 1063 malo
1445 1022 1600 1063 factum
1641 1023 1910 1063 iudicabitis?

160 1085 225 1126 35.
259 1084 371 1134 Quid
401 1084 454 1124 ad
482 1084 585 1125 haec
618 1085 873 1133 Quinctius?
924 1087 1030 1127 Sane
1071 1087 1174 1127 nihil
1206 1092 1364 1126 certum
1395 1099 1533 1138 neque
1562 1099 1712 1133 unum,
1753 1085 1797 1124 in
1826 1097 1910 1138 quo

160 1163 245 1190 non
275 1148 399 1188 inodo
431 1148 583 1201 possit,
615 1161 758 1188 verum
788 1152 907 1201 putet
936 1162 979 1188 se
1009 1162 1133 1202 posse
1165 1149 1407 1188 consistere.
1453 1148 1636 1187 Primum
1667 1147 1778 1187 enim
1807 1147 1911 1187 illud

160 1213 325 1259 iniecit,
355 1211 461 1250 nihil
491 1223 615 1264 posse
647 1210 744 1249 dolo
775 1211 884 1250 malo
914 1210 1096 1251 familiae
1127 1209 1229 1252 fieri.
1289 1211 1379 1251 Hoc
1410 1211 1504 1251 loco
1534 1223 1621 1250 non
1651 1209 1785 1250 solum
1811 1208 1961 1249 fecitif,

159 1281 207 1316 ut
245 1274 487 1315 defenderet
525 1273 720 1320 Fabium,
762 1273 834 1313 sed
865 1278 912 1313 ut
943 1274 1113 1313 omnino
1143 1274 1435 1314 huiuscemodi
1466 1273 1622 1313 iudicia
1651 1273 1911 1313 dissolveret.

160 1339 264 1378 Nam
295 1337 330 1377 si
360 1336 475 1376 venit
505 1336 546 1375 id
578 1336 619 1374 in
651 1336 852 1375 iudicium
883 1337 933 1375 de
963 1336 1141 1384 familia,
1174 1336 1288 1390 quod
1319 1335 1490 1375 omnino
1513 1334 1671 1375 familia
1691 1335 1808 1375 nulla
1837 1347 1913 1387 po-

160 1405 242 1441 test
270 1399 550 1445 committere,
581 1398 743 1438 nullum
775 1404 838 1438 est
857 1399 1082 1448 iudicium;
1113 1400 1382 1440 absolvantur
1402 1411 1546 1438 omnes
1568 1397 1620 1437 de
1640 1396 1766 1437 simili
1787 1410 1914 1438 causa

160 1476 332 1504 necesse
364 1466 438 1502 est.
497 1459 563 1499 36.
594 1461 683 1500 Hoc
715 1461 870 1508 solum,
910 1462 1022 1502 bona
1051 1461 1287 1502 mehercule
1315 1461 1414 1513 fide,
1447 1460 1481 1500 si
1510 1460 1592 1500 hoc
1623 1459 1758 1500 solum
1789 1465 1911 1508 esset,

160 1534 300 1569 tamen
328 1538 426 1572 vos,
467 1523 570 1563 tales
600 1523 700 1570 viri,
738 1523 852 1563 nolle
884 1523 1091 1564 deberetis
1122 1524 1345 1564 maximam
1374 1536 1481 1570 rem,
1521 1522 1789 1562 coniunctam
1819 1536 1913 1563 cum
1926 1529 1963 1558 ΞΟ

161 1601 322 1630 summa
351 1601 395 1627 re
424 1586 592 1640 publica
622 1585 886 1640 fortunisque
917 1586 1200 1640 privatorum,
1245 1585 1556 1626 severissimum
1594 1584 1798 1625 iudicium
1827 1598 1914 1625 ma-

160 1653 358 1705 ximaque
387 1650 551 1690 ratione
583 1649 861 1702 compositum
897 1662 972 1702 per
1001 1662 1076 1689 vos
1106 1649 1240 1689 videri
1271 1662 1363 1689 esse
1393 1647 1656 1688 dissolutum.
1716 1647 1798 1687 Sed
1828 1660 1914 1687 non

161 1714 204 1754 id
234 1713 370 1754 solum
400 1711 537 1766 agitur
909 1766 915 1773 .
1027 1769 1050 1788 e
1152 1765 1174 1788 ᾗ

902 1769 925 1789 κ’-
1033 1766 1044 1790 ’.

162 1827 242 1868 hoc
272 1825 474 1866 iudicium
505 1825 563 1865 sic
594 1831 878 1879 exspectatur,
910 1830 957 1865 ut
985 1838 1071 1865 non
1100 1836 1209 1864 unae
1230 1823 1291 1864 rei
1323 1824 1471 1873 statui,
1501 1822 1576 1865 sed
1597 1823 1792 1865 omnibus
1814 1836 1914 1865 con-

164 1888 280 1929 stitui
310 1893 481 1942 putetur
907 1910 929 1933 ,22
1031 1910 1054 1933 ᾖ.
1155 1909 1178 1933 ,ιι
1927 1905 1965 1936 25

250 2008 280 2038 4.
300 2006 475 2037 delitiscere
491 2005 532 2036 T:
559 2005 739 2036 delitescere
755 2006 779 2036 P
792 2006 816 2037 B
831 2006 855 2036 Ο
870 2006 897 2036 H
911 2006 947 2037 K.
976 2005 1025 2037 Cf.
1045 2014 1079 2046 p.
1099 2005 1250 2036 Caecina
1266 2004 1296 2045 ἓ.
1317 2005 1368 2036 61.
1388 2005 1440 2036 66.
1459 2004 1502 2036 de
1524 2004 1621 2037 deor.
1640 2006 1710 2037 nat.
1729 2005 1768 2036 II.
1786 2005 1840 2043 20,
1859 2005 1913 2038 52.

163 2056 215 2093 49,
235 2055 308 2087 426,
335 2056 460 2086 Fronto
477 2054 532 2085 ed.
551 2055 648 2086 Rom.
668 2064 698 2085 a.
720 2054 813 2086 4846.
833 2063 865 2095 p.
882 2056 949 2086 70.:
976 2055 1058 2086 item
1075 2055 1280 2086 conticiscere
1295 2053 1403 2086 Plaut.
1422 2054 1546 2086 Bacch>
1565 2054 1597 2092 4,
1613 2055 1643 2093 6,
1659 2055 1710 2086 Ξ8.
1737 2052 1804 2086 Mil.
1824 2052 1866 2093 gl.
1882 2054 1914 2093 ⁶2,

163 2106 194 2144 4,
213 2105 265 2136 56.
291 2104 376 2136 Rud.
396 2105 427 2143 5,
448 2106 479 2141 2,
498 2105 550 2136 69.
577 2106 647 2136 Liv.
667 2105 698 2142 2,
716 2105 768 2136 ⁵29.
789 2106 840 2136 55
868 2104 898 2143 -l-‚
918 2107 947 2136 4.
976 2106 1088 2136 Front.
1114 2114 1146 2145 p.
1176 2104 1247 2135 1159.
1269 2105 1340 2136 465.
1367 2104 1520 2136 luciscere
1536 2105 1673 2136 Terent.
1693 2105 1814 2136 Heaut.
1833 2103 1865 2142 3,
1884 2104 1915 2142 4,

163 2157 193 2186 4.
219 2156 333 2186 Front.
360 2163 393 2195 p.
414 2154 486 2186 413.
516 2173 550 2176 -
578 2155 607 2185 2.
635 2164 718 2194 quae
739 2155 886 2194 fatentur
909 2163 1028 2185 errore
1053 2154 1206 2194 quodam
1231 2161 1299 2185 om.
1327 2154 1405 2184 HK.
1429 2170 1462 2175 —
1489 2155 1520 2185 5.
1538 2157 1583 2185 sel
1606 2155 1721 2186 TPH.
1743 2172 1777 2176 —
1807 2153 1918 2194 sinqil-

162 2204 255 2236 latim
270 2203 421 2235 Klotzius
437 2213 443 2233 z
462 2203 639 2243 sinqilatim
657 2205 794 2241 TPHK,
813 2204 1001 2244 sinqulatim
1018 2204 1086 2234 ΒΟ.
1110 2221 1144 2225 -
1164 2203 1195 2234 6.
1213 2206 1330 2234 extare
1344 2203 1515 2245 TPBHJx'.
1537 2222 1571 2226 -
1593 2203 1673 2235 Tulli
1689 2204 1861 2244 TPBHK.
1880 2222 1915 2226 —

163 2255 194 2287 8.
213 2254 320 2293 adque
334 2253 473 2284 TPBH.
487 2271 522 2274 —
543 2254 594 2284 44.
612 2253 713 2294 Ergo]
734 2278 740 2284 .
763 2279 768 2284 .
786 2262 826 2285 oo
843 2254 878 2285 T.
894 2273 928 2277 —
949 2263 1056 2285 omnes
1068 2258 1182 2293 partes
1197 2254 1279 2293 cet.]
1297 2254 1461 2285 Boethius
1478 2255 1516 2286 de
1532 2255 1716 2296 definitione
1732 2262 1766 2295 p.
1785 2253 1840 2285 23.
1860 2252 1915 2284 ed.

162 2304 269 2336 Paris.
288 2312 319 2334 a.
340 2302 444 2335 ⁴544:
471 2303 564 2334 «Hoc
589 2304 693 2334 etiam
717 2312 780 2344 pro
807 2304 850 2335 M.
869 2303 975 2335 Tullio
1000 2305 1095 2336 tenet
1120 2304 1277 2343 (Cicero),
1303 2303 1363 2335 ubi
1386 2313 1451 2345 per
1467 2305 1769 2336 enumerationem
1791 2303 1919 2335 modo-

163 2363 252 2393 rum,
278 2361 342 2394 per
357 2361 445 2393 quos
469 2352 506 2384 fit
529 2351 629 2384 dolus
654 2352 779 2391 malus,
807 2352 959 2384 definitio
984 2355 1028 2385 ita
1047 2354 1100 2392 fit,
1126 2356 1164 2386 ut
1187 2352 1328 2394 singulis
1353 2353 1539 2394 speciebus
1556 2353 1656 2386 dolus
1672 2352 1785 2385 malus
1809 2354 1919 2394 possit

164 2404 340 2446 agnosci.»
364 2402 468 2435 Iulius
491 2403 609 2434 Victor
631 2412 666 2444 p.
685 2403 759 2435 ⁶240.
777 2412 810 2434 v,
827 2403 940 2434 32.ed.
960 2412 1013 2434 n.:
1047 2403 1164 2435 «Idem
1189 2403 1322 2442 (Cicero
1345 2411 1408 2444 pro
1432 2404 1476 2435 M.
1495 2402 1635 2443 Tullio):
1662 2403 1771 2435 dolum
1792 2403 1919 2435 malum

164 2464 246 2493 esse,
271 2462 346 2485 cum
366 2453 498 2494 familia
521 2456 656 2484 armata
677 2454 735 2491 sit,
761 2462 834 2484 cum
858 2454 901 2484 ad
923 2453 989 2484 vim
1010 2453 1150 2491 venerit,
1175 2462 1249 2485 cum
1272 2454 1430 2485 damnum
1450 2453 1631 2485 intulerit.»
1666 2453 1764 2486 Idem
1786 2463 1821 2495 p.
1840 2455 1916 2486 249.

163 2514 197 2536 v.
215 2503 276 2534 24:
306 2502 369 2533 «M.
395 2501 522 2535 Tullius
546 2502 663 2544 dolum
688 2504 780 2535 circa
804 2512 925 2535 servos
948 2504 984 2534 P.
1011 2502 1104 2534 Fabii
1128 2502 1280 2535 definivit
1305 2512 1347 2535 ex
1370 2512 1428 2542 e0,
1454 2503 1551 2544 quod
1573 2504 1723 2536 insidiati
1739 2504 1841 2536 sint.»
1866 2504 1916 2537 Cf.

164 2562 198 2585 v.
215 2553 234 2584 7
252 2561 304 2593 sq.
326 2570 362 2574 —
382 2553 434 2584 43.
455 2553 605 2593 Quintius
620 2554 827 2585 TPBOHK.
854 2552 929 2584 Vid.
948 2552 991 2583 ad
1007 2561 1040 2593 p.
1058 2552 1111 2584 89.
1129 2554 1208 2584 v.1¹.
1230 2571 1264 2575 -
1292 2553 1344 2585 44.
1362 2561 1493 2585 amm
1513 2556 1516 2590 Ι
1536 2561 1551 2585 1
1565 2578 1572 2584 .
1587 2562 1606 2585 c
1621 2579 1627 2585 .
1642 2563 1662 2585 T
1676 2555 1712 2585 T.
1730 2573 1764 2577 —
1785 2554 1836 2586 48.
1854 2563 1919 2588 mss

171 2629 178 2635 .
199 2611 270 2634 ,ιιι
292 2609 388 2634 CAVSA
410 2602 453 2640 T,
489 2602 528 2633 de
550 2602 646 2633 simili
669 2611 772 2633 causa
793 2611 870 2634 reae
894 2603 1066 2641 Kayserus
1089 2601 1110 2633 l.
1136 2601 1158 2634 l.
1183 2611 1218 2643 p.
1238 2603 1311 2634 684.
1339 2621 1374 2626 —
1402 2603 1454 2634 49.
1480 2603 1565 2634 bona
1586 2603 1764 2636 mehercule
1785 2606 1867 2646 fide,
1892 2606 1920 2636 si

165 2653 253 2685 HK:
281 2651 366 2683 bona
380 2651 560 2682 mehercule
575 2651 603 2682 si
618 2651 692 2690 TP,
718 2651 818 2690 bona,
845 2651 1034 2689 mehercule,
1063 2653 1138 2683 res!
1161 2653 1188 2684 si
1203 2652 1277 2691 ΒΟ,
1303 2651 1395 2691 bene,
1419 2652 1637 2684 mehercules!
1660 2654 1688 2684 si
1702 2652 1865 2686 Klotzius.
1880 2673 1915 2677 —

164 2703 217 2734 ΞΟ.
243 2700 318 2732 talis
339 2700 404 2732 viri
426 2701 509 2732 nolle
532 2701 681 2733 deseretis
703 2702 778 2740 TP,
804 2702 884 2733 tales
905 2701 981 2735 viri,
1007 2701 1088 2733 nolle
1117 2702 1265 2734 deseretis
1287 2703 1327 2734 H.
1362 2701 1498 2734 Kellero
1522 2704 1640 2735 tamen
1662 2704 1790 2736 iterum
1813 2706 1918 2745 atque

164 2752 292 2783 iterum
314 2750 510 2791 inspicienti
526 2760 594 2782 non
610 2750 782 2792 liquebat,
808 2753 925 2782 utrum
941 2751 1021 2782 tales
1035 2753 1069 2782 et
1085 2751 1238 2783 deberetis
1254 2752 1288 2792 (Β
1299 2751 1368 2792 OK)
1387 2761 1431 2784 an
1447 2752 1522 2784 lulis
1538 2754 1572 2784 et
1587 2754 1736 2786 deseretis
1750 2755 1919 2796 scriptum

166 2802 271 2834 esset.
294 2819 328 2822 —
354 2801 407 2832 22¹.
425 2809 462 2832 re
482 2801 686 2841 fortunisque
701 2803 725 2833 P
738 2802 762 2832 B
778 2801 817 2832 H.
843 2803 1024 2841 Peyronus
1041 2801 1135 2833 enim
1158 2802 1192 2833 in
1209 2801 1328 2833 codice
1346 2802 1396 2834 sic
1413 2801 1555 2843 legerat.
1581 2803 1649 2835 Sed
1665 2797 1820 2836 Kellerus
1835 2813 1919 2845 per-

166 2851 280 2892 spexit
296 2849 455 2882 codicem
472 2850 604 2882 habere
628 2859 897 2889 REPFORTVMSQ„
924 2859 1029 2891 quam
1050 2850 1236 2884 lectionem
1260 2851 1477 2883 divium-erat
1491 2851 1647 2884 Orellius.
1668 2872 1703 2876 —
1728 2854 1781 2885 ⁶22.
1809 2862 1921 2885 rmfflu

165 2900 401 2941 superscripta
426 2898 559 2940 syllaba
583 2909 620 2931 rii
643 2901 686 2939 T,
721 2901 886 2932 videretur
908 2901 986 2932 PH.
1012 2917 1047 2923 —
1081 2901 1134 2933 ⁶23.
1159 2901 1282 2942 ayitur]
1306 2902 1345 2933 In
1366 2901 1434 2933 hoc
1455 2901 1627 2937 vocabulo
1651 2902 1777 2935 desinit
1798 2902 1919 2935 folium

165 2950 378 2982 Taurinense
403 2950 579 2990 quintum,
605 2950 695 2981 inter
718 2950 813 2991 quod
838 2952 871 2982 et
895 2951 1031 2981 sextum
1055 2952 1224 2991 quantum
1247 2950 1354 2989 desit,
1381 2951 1462 2983 sciri
1484 2959 1555 2983 non
1577 2953 1703 2993 potest.
1737 2952 1850 2993 ayitur
1873 2952 1919 2993 [in

165 3001 224 3031 hoc
246 2999 383 3038 iudicio,
413 2999 666 3038 reciperatores,
704 3003 739 3031 ut
761 3001 806 3031 M.
835 2999 955 3031 Tullius
972 3008 1033 3039 per
1054 3001 1261 3032 interdictum
1282 3009 1377 3031 suum
1398 3000 1450 3031 ius
1471 3003 1577 3032 teneat
1599 3004 1696 3041 atque
1716 3002 1876 3033 iniuriam
1898 3011 1920 3033 a

165 3051 200 3082 P.
225 3048 320 3080 Fabii
340 3048 472 3089 familia
492 3049 617 3089 factam
635 3052 870 3089 persequatur;
900 3049 1024 3091 verum]
1055 3050 1113 3082 hoc
1135 3051 1160 3082 B
1175 3050 1200 3081 O
1223 3058 1349 3091 parum
1371 3049 1609 3091 probabiliter.
1638 3069 1673 3073 —
1706 3051 1760 3083 24.
1784 3051 1843 3082 hoc
1864 3051 1919 3082 iu-

168 3099 288 3130 dicium
311 3098 391 3138 cet.]
416 3099 573 3130 Servavit
595 3099 663 3131 hoc
686 3099 936 3140 fragmentum,
963 3099 1057 3141 quod
1079 3101 1212 3142 primus
1235 3101 1378 3132 Beierus
1398 3101 1456 3132 hic
1478 3101 1641 3140 inseruit,
1667 3102 1860 3134 Priscianus
1885 3102 1916 3141 6,

169 3149 200 3188 4,
222 3149 253 3180 5.
279 3157 313 3189 p.
330 3148 405 3179 224.
431 3148 560 3181 Krehl:
588 3149 734 3190 «Itaque
759 3158 828 3181 non
852 3148 964 3181 solum
987 3158 1072 3189 una,
1096 3150 1209 3189 unius,
1233 3150 1310 3189 uni,
1335 3149 1400 3182 sed
1423 3150 1528 3182 etiam
1549 3151 1646 3182 huius
1669 3152 1703 3182 et
1724 3150 1799 3181 huic
1819 3159 1916 3190 unae,

170 3201 205 3231 et
227 3197 383 3230 similiter
404 3199 502 3238 ullae,
526 3200 652 3239 nullae,
677 3201 778 3239 solae,
804 3204 905 3239 totae,
931 3199 1034 3237 aliae,
1060 3200 1185 3231 alter-ae
1207 3200 1240 3230 in
1256 3208 1323 3232 usu
1346 3200 1538 3241 antiquiore
1555 3200 1762 3232 invenimus.
1795 3199 1917 3232 Cicero

169 3257 233 3288 pro
256 3249 300 3280 M.
326 3247 456 3280 Tullio:
488 3250 554 3281 Hoc
578 3251 734 3282 iudiciumv
757 3252 846 3283 cet.»
875 3269 909 3272 —
945 3250 1003 3280 uni
1025 3249 1085 3280 ΒΟ
1108 3258 1311 3290 perperam,
1346 3249 1382 3282 id
1409 3250 1503 3292 quod
1529 3252 1674 3291 apparet
1697 3259 1739 3282 ex
1754 3251 1918 3283 Prisciani

170 3296 298 3329 verbis.
331 3297 380 3329 Cf.
405 3297 529 3330 Halmii
551 3298 648 3331 Anal.
673 3299 756 3331 Tull.
775 3302 799 3332 Ι.
825 3309 859 3341 p.
880 3300 930 3330 42.
952 3317 987 3321 -
1012 3299 1065 3330 25.
1086 3299 1230 3340 putetur]
1265 3300 1348 3331 Post
1373 3300 1440 3332 hoc
1469 3300 1705 3341 fragmentum
1730 3299 1840 3333 verba
1863 3301 1917 3332 Vi-

173 3346 294 3378 ctorini
316 3347 351 3378 in
373 3347 595 3382 adnotatione
618 3349 664 3381 ad
686 3350 716 3391 g.
743 3349 795 3382 23.
823 3349 995 3390 exscripta
1022 3349 1244 3382 inseruerunt
1265 3350 1290 3382 B
1304 3349 1342 3382 O.

228 3405 343 3437 Cremo
362 3407 445 3446 TgII.
1614 3409 1641 3452 7
