2175 3718
256 231 336 274 ⁴58
738 233 792 273 IN
822 233 1044 274 VERREM
1072 233 1234 274 ACTIO
1266 233 1508 275 SECUNDA

254 345 503 398 reliquerat,
534 345 783 397 asportavit:
827 345 990 398 reliqua
1019 345 1230 392 vendidit,
1261 347 1482 398 pecuniam
1513 346 1665 399 exegit.
1723 345 1790 386 92.
1822 349 1925 389 Cum
1956 351 2007 390 ad

254 407 331 447 HS
363 407 490 446 vicies
523 406 750 460 quinquies
780 407 992 458 redegisse
1024 411 1255 453 constaret,
1296 414 1342 447 ut
1371 409 1545 447 Romam
1575 408 1722 455 rediit,
1755 411 1912 450 nullam
1942 412 2009 451 lit—

252 474 381 509 teram
413 469 598 522 pupillo,
629 469 786 508 nullam
818 468 936 507 matri
969 468 1082 514 eius,
1114 468 1269 507 nnllam
1301 470 1509 509 tutoribus
1539 470 1743 509 reddidit:
1775 484 1916 511 servos
1945 486 2009 512 ar-

252 529 381 570 tifices
412 531 564 584 pupilli
595 545 689 570 cum
720 531 891 569 haberet
921 530 1056 576 (lomi,
1089 530 1243 568 circum
1275 531 1403 582 pedes
1425 537 1562 571 autem
1591 531 1782 571 homines
1802 532 2008 574 formosos

220 599 292 633 5et
322 594 548 639 litteratos,
580 607 679 632 snos
713 606 802 631 esse
835 592 1019 638 dicebat,
1052 605 1095 630 sc
1128 592 1291 631 emisse.
1354 594 1455 632 Cum
1487 594 1654 646 saepius
1686 599 1817 633 mater
1846 600 1888 633 et
1917 596 2008 634 avia

251 656 369 708 pueri
408 656 687 708 postularent,
729 654 810 700 uti,
849 654 882 692 si
925 668 1008 693 non
1049 654 1242 693 redderet
1277 655 1497 706 pecuniam
1529 669 1604 694 nec
1635 655 1839 695 rationem
1871 656 2008 703 daret,

251 717 407 757 diceret
447 718 614 763 saltem,
655 721 856 770 quantum
889 716 1090 767 pecuniae
1122 716 1305 755 Malleoli
1339 717 1626 769 deportasset,
1667 731 1690 756 a
1723 717 1865 756 multis
1896 717 2009 757 estla-

250 780 401 833 gitatus
433 779 661 832 aliquando
694 778 801 817 dixit
831 778 908 817 Hs
941 778 1092 817 decies.
1152 778 1312 817 Deinde
1343 779 1385 817 in
1417 780 1574 818 codicis
1607 785 1791 819 extrema
1820 792 1914 818 cera
1935 793 2009 819 no-

249 855 345 882 men
386 839 573 880 infimum
616 840 656 878 in
701 839 906 891 flagitiosa
937 840 1060 879 litura
1089 840 1215 880 fecit:
1256 853 1441 892 expensa
1473 842 1744 894 Chrysogono
1776 856 1896 882 servo
1931 842 2008 882 HS

201 916 235 946 4ο
249 909 447 945 sexcenta
479 903 594 942 milia
626 907 794 954 accepta
825 902 986 954 pupillo
1009 902 1204 941 Malleolo
1234 902 1405 941 rettulit.
1448 903 1670 950 Quomodo
1693 917 1745 943 ex
1768 904 1907 943 decies
1930 904 2007 944 Hs

249 971 443 1006 sexcenta
474 964 558 1004 sint
586 964 716 1009 saeta;
748 963 961 1016 quomodo
994 977 1043 1003 nc
1076 965 1223 1004 eodem
1246 964 1371 1003 modo
1394 966 1659 1017 quadrarint,
1693 972 1737 1005 ut
1770 966 1841 1005 illa
1861 965 1912 1005 de
1936 966 2007 1006 Cn.

250 1027 451 1067 Carbonis
483 1026 663 1079 pecunia
692 1025 855 1078 reliqua
888 1026 965 1065 HS
997 1032 1197 1066 sexcenta
1227 1026 1335 1066 facta
1362 1027 1464 1073 sint;
1496 1028 1709 1080 quomodo
1734 1028 2006 1082 Chrysogono

248 1102 435 1142 expensa
464 1089 547 1128 lata
576 1088 680 1136 sint3
713 1101 786 1127 cur
816 1088 857 1127 id
890 1101 1042 1127 nomen
1074 1087 1260 1128 intimum
1293 1088 1335 1128 in
1362 1089 1571 1142 lituraque
1594 1090 1668 1137 sit,
1700 1104 1772 1130 vos
1793 1090 2007 1130 existima-

248 1151 358 1192 bitis.
408 1149 474 1190 93.
507 1152 663 1190 Tamen
695 1150 772 1190 Hs
806 1156 1003 1190 sexcenta
1035 1151 1149 1190 milia
1181 1165 1275 1190 cum
1306 1156 1477 1204 accepta
1497 1151 1750 1200 rettulisset,
1782 1153 1859 1193 Hs
1884 1153 2006 1206 quin-

195 1226 235 1257 ⁴5
249 1214 447 1268 quaginta
478 1213 593 1252 milia
624 1213 762 1252 soluta
792 1226 876 1252 non
909 1218 1017 1253 sunt.
1077 1213 1298 1261 Homines,
1334 1218 1607 1266 posteaquam
1639 1227 1735 1254 reus
1765 1214 1899 1254 sactus
1930 1220 2005 1262 est,

247 1277 318 1317 alii
349 1276 522 1322 redditi,
553 1275 623 1314 alii
656 1275 780 1315 etiam
811 1289 921 1315 nunc
953 1275 1212 1315 retinentur:
1245 1276 1409 1328 peculia
1440 1275 1626 1315 omnium
1647 1276 1877 1330 vicariique
1908 1277 2006 1317 reti-

247 1344 411 1379 nentur.
470 1338 682 1377 XXXVII.
714 1338 825 1377 Haec
858 1343 920 1377 est
952 1337 1072 1377 istius
1104 1337 1317 1389 praeclara
1347 1337 1489 1377 tutela.
1531 1337 1614 1384 En,
1646 1338 1712 1377 cui
1735 1343 1829 1378 tuos
1850 1338 2004 1378 liberos

247 1400 508 1441 committas:
540 1412 589 1439 en
621 1400 865 1439 memoriam
898 1399 1050 1439 mortui
1082 1399 1267 1447 sodalis,
1304 1413 1354 1439 en
1386 1405 1541 1439 metum
1573 1400 1762 1439 vivorum
1794 1400 2006 1440 existima-

246 1462 400 1503 tionis!
448 1462 549 1502 Cum
582 1462 656 1501 tibi
689 1475 732 1502 se
764 1467 850 1502 tota
870 1462 969 1501 Asia
991 1461 1254 1514 spoliandam
1276 1475 1323 1501 ac
1345 1462 1576 1501 vexandam
1599 1462 1879 1514 praebuisset,
1910 1476 2004 1502 cum

196 1537 234 1568 20
247 1525 323 1566 tibi
355 1523 547 1577 exposita
578 1529 687 1564 esset
717 1524 852 1563 omnis
883 1524 934 1563 ad
965 1523 1250 1576 praedandum
1280 1524 1549 1576 Pamphylia,
1582 1529 1803 1564 contentus
1834 1525 1899 1565 his
1922 1530 2002 1565 tam

247 1587 398 1641 opimis
437 1586 561 1626 rebus
600 1599 685 1625 non
726 1586 879 1626 fuisti?
927 1599 1072 1625 manus
1103 1599 1127 1624 a
1157 1585 1307 1633 tutela,
1349 1599 1495 1625 manus
1525 1599 1548 1625 a
1580 1586 1764 1638 pupillo,
1805 1601 1952 1627 manus
1982 1601 2004 1627 a

246 1650 403 1691 sodalis
435 1646 519 1688 filio
551 1649 762 1688 abstinere
794 1662 878 1688 non
910 1648 1121 1700 potuisti?
1182 1648 1266 1687 lam
1309 1654 1348 1687 te
1380 1661 1463 1688 non
1497 1648 1648 1695 Siculi,
1690 1661 1774 1687 non
1805 1655 2004 1696 aratores,

245 1718 291 1752 ut
330 1712 520 1758 dictitas,
567 1711 922 1756 circumveniunt3
970 1724 1054 1749 non
1096 1711 1145 1757 ii,
1191 1711 1263 1764 qui
1303 1711 1481 1750 decretis
1513 1711 1745 1764 edictisque
1778 1711 1858 1750 tuis
1889 1711 1931 1750 in
1964 1716 2003 1750 te

245 1773 442 1815 concitati
482 1772 711 1826 infestique
751 1777 867 1812 sunt:
910 1772 1129 1811 Malleolus
1167 1786 1190 1812 a
1230 1786 1295 1812 me
1330 1773 1558 1826 productus
1591 1779 1653 1813 est
1683 1779 1723 1812 et
1754 1778 1884 1812 mater
1913 1773 2003 1813 eius

195 1849 232 1878 25
245 1843 371 1890 atque
403 1836 517 1882 avia,
549 1848 657 1888 quae
690 1835 865 1874 miserae
896 1835 1042 1874 flentes
1073 1848 1264 1875 eversum
1285 1840 1370 1874 ate
1400 1848 1576 1888 puerum
1602 1835 1747 1888 patriis
1769 1834 1889 1873 bonis
1912 1847 2003 1874 esse

245 1899 454 1939 dixerunt.
516 1895 584 1936 94.
617 1897 728 1944 Quid
759 1899 1011 1950 exspectas?
1051 1911 1104 1936 an
1135 1898 1233 1937 dum
1265 1898 1316 1936 ab
1347 1897 1491 1937 inferis
1522 1898 1612 1950 ipse
1642 1896 1862 1937 Malleolus
1893 1896 2004 1936 exsi-

244 1967 324 2002 stat
367 1966 495 2013 atque
540 1959 611 1999 abs
654 1964 693 1999 te
733 1958 869 1998 officia
913 1959 1087 2006 tutelae,
1135 1959 1369 1999 sodalitatis
1400 1958 1780 2012 familiaritatisque
1811 1957 2001 2011 flagitet?

243 2024 385 2077 Ipsum
425 2027 569 2074 putato
606 2022 766 2062 adesse.
837 2022 975 2061 Homo
1023 2021 1265 2061 avarissime
1304 2026 1345 2060 et
1388 2021 1680 2074 spurcissime,
1724 2021 1851 2061 redde
1892 2020 2003 2060 bona

244 2085 398 2126 sodalis
436 2083 548 2124 filio:
587 2084 620 2123 si
660 2097 743 2123 non
786 2097 894 2137 quae
929 2084 1160 2131 abstulisti,
1198 2089 1240 2124 at
1270 2097 1378 2137 quae
1408 2083 1626 2123 confessus
1657 2096 1714 2123 es.
1776 2082 1858 2123 Cur
1888 2082 2003 2135 cogis

193 2147 401 2190 sosodalis
443 2145 575 2185 filium
612 2146 719 2185 hanc
759 2146 936 2198 primam
974 2147 1017 2186 in
1055 2146 1145 2186 soro
1184 2159 1328 2186 vocem
1368 2159 1462 2185 cum
1493 2145 1637 2185 dolore
1669 2150 1710 2184 et
1740 2143 2004 2198 querimonia

244 2210 467 2250 emittere?
511 2221 586 2248 cur
615 2208 772 2248 sodalis
806 2221 1003 2255 uxorem,
1044 2208 1199 2248 sodalis
1231 2221 1417 2255 socrum,
1459 2207 1629 2247 domum
1660 2206 1842 2259 denique
1873 2210 2002 2245 totam

244 2271 401 2313 sodalis
432 2270 582 2311 mortui
615 2275 760 2310 contra
788 2275 828 2310 te
860 2270 1145 2310 testimonium
1168 2269 1334 2308 dicere?
1368 2281 1441 2308 cur
1471 2268 1796 2321 pudentissimas
1826 2267 2003 2306 lectissi-

245 2346 422 2387 masque
452 2332 628 2372 feminas
658 2332 700 2371 in
733 2338 893 2372 tantum
916 2332 1102 2372 virorum
1134 2336 1385 2371 conventum
1416 2330 1606 2370 insolitas
1637 2329 1874 2383 invitasque
1905 2341 2001 2381 pro-

245 2397 334 2436 dire
365 2395 514 2448 cogis?
573 2394 716 2436 Recita
747 2394 933 2434 omnium
964 2393 1217 2434 testimonia.
1277 2394 1566 2433 Tasrnioxivn
1599 2405 1748 2432 marnis
1779 2405 1831 2432 Er
1860 2403 2000 2432 ΑνιΔι-ὶ.

331 2550 361 2580 4.
388 2551 417 2580 et
435 2548 611 2587 pecuniam
635 2548 694 2579 Gt.
732 2549 773 2579 At
797 2547 839 2578 cf.
867 2547 980 2579 Madv.
1009 2549 1031 2579 l.
1059 2557 1091 2588 p.
1111 2548 1184 2579 334.
1211 2546 1315 2586 Seyff.
1343 2546 1403 2586 Ep.
1431 2547 1505 2576 crit.
1532 2545 1573 2577 ad
1600 2544 1710 2577 Halm.
1738 2554 1771 2586 p.
1791 2545 1843 2577 45.
1865 2563 1898 2567 —
1925 2555 2001 2577 cum

243 2600 287 2633 acl
304 2601 345 2630 64
364 2600 406 2630 2:
432 2608 505 2630 cum
528 2606 602 2629 eum
624 2598 668 2628 ad
691 2597 753 2628 dtt.
775 2598 811 2637 (5³)
836 2599 872 2629 Ο.
897 2616 930 2620 -
958 2598 988 2629 ⁰2.
1007 2598 1070 2629 Hs.
1089 2598 1148 2629 XX
1168 2599 1213 2629 St.
1231 2598 1295 2628 Hs.
1313 2596 1399 2628 XXI)
1419 2598 1482 2634 62ς
1512 2597 1591 2628 nam
1613 2597 1700 2627 XXI)
1719 2597 1759 2627 Gt
1783 2598 1817 2627 et
1840 2597 1890 2628 sic
1914 2596 1998 2628 infra

240 2658 413 2682 numerum
436 2657 498 2689 pro
521 2647 585 2679 HS.
622 2646 685 2679 Alii
709 2646 807 2678 aliter
832 2647 984 2679 turbant.
1007 2666 1040 2670 -
1068 2648 1194 2679 nullam
1216 2646 1356 2677 libellam
1381 2646 1467 2677 coni.
1495 2646 1632 2677 Schtitz.
1661 2644 1736 2676 coll.
1764 2646 1802 2676 ll.
1830 2654 1858 2677 c.
1888 2645 1939 2677 40.
1962 2664 1996 2668 —

241 2700 273 2733 4.
303 2699 402 2740 form.
436 2697 578 2728 homines
603 2697 660 2728 GR.
698 2715 731 2719 —
769 2698 799 2728 5
832 2706 906 2728 suos
935 2706 1016 2735 esse,
1048 2707 1079 2728 se
1110 2697 1221 2728 emisse
1244 2696 1368 2727 dicebat
1392 2696 1426 2726 L.
1457 2712 1491 2717 —
1528 2696 1557 2726 6.
1580 2705 1652 2735 pec.
1678 2705 1742 2726 rnon
1766 2696 1913 2726 redderet
1937 2696 1996 2726 Gt.

246 2768 281 2773 -—
302 2750 333 2780 7.
360 2757 382 2779 a
404 2747 514 2777 multis
539 2747 579 2778 Gt
598 2747 616 2777 ⁵2
631 2757 649 2785 ς
664 2746 774 2786 11g29:
801 2747 911 2778 mullis
934 2747 995 2779 dtt.
1015 2747 1051 2778 Ο.
1080 2764 1117 2768 -
1143 2747 1174 2777 8.
1199 2749 1382 2778 extremam
1405 2753 1516 2775 ceram
1539 2744 1602 2775 dtt.
1631 2762 1664 2765 —
1692 2744 1722 2775 9.
1749 2745 1783 2775 in
1807 2753 1876 2775 om.
1905 2745 1945 2775 Gl
1964 2744 1996 2775 Ξ.

245 2817 280 2822 »-
308 2798 359 2829 44.
384 2797 475 2837 sacta
497 2796 561 2826 sint
585 2795 654 2827 G3:
679 2796 771 2836 faeta
793 2800 867 2827 sunt
891 2797 928 2828 O.
967 2796 1016 2827 Cf.
1044 2797 1226 2837 praeterea
1252 2795 1294 2826 (le
1320 2795 1353 2825 h.
1381 2794 1401 2825 l.
1428 2795 1497 2825 Rau
1524 2795 1561 2825 ll.
1591 2803 1621 2834 p.
1646 2794 1706 2824 477
1725 2802 1802 2834 sqq.
1829 2792 1943 2824 Keller
1966 2793 1998 2823 in

241 2847 319 2880 Sell.
344 2845 475 2877 Jahrbb.
503 2846 533 2876 d.
562 2846 596 2876 Β.
623 2846 658 2876 R.
687 2847 709 2877 Ι.
737 2847 766 2877 4.
795 2855 827 2886 p.
849 2846 909 2877 403
934 2854 1011 2885 sqq.
1042 2863 1075 2867 —
1104 2844 1155 2876 tt.
1182 2845 1422 2885 quinquaqinta
1448 2845 1488 2874 61
1509 2843 1684 2883 Ξ;1,ς29;
1712 2843 1854 2881 quinque
1877 2841 1938 2872 dtt.
1960 2858 1995 2862 -—

242 2899 294 2930 46.
321 2897 380 2928 alii
402 2895 530 2936 redditi]
556 2896 613 2926 alii
637 2904 707 2926 om.
734 2896 780 2926 63
794 2905 825 2933 ς.
855 2914 889 2917 —
916 2896 1029 2926 omnia
1055 2896 1153 2934 Lg29.
1173 2911 1206 2916 —a
1225 2894 1343 2925 vicarii
1364 2895 1500 2925 retinent
1517 2896 1575 2925 Gt.
1598 2912 1632 2916 —
1660 2893 1711 2923 ⁴7.
1731 2901 1769 2924 en
1787 2908 1833 2915 ——
1849 2891 1998 2922 commit-

241 2951 292 2979 tas
315 2946 438 2978 Donat.
458 2944 500 2975 ad
521 2945 658 2975 Terent.
681 2945 806 2984 llecyr.
835 2945 872 2975 ll.
893 2945 923 2981 4,
944 2946 994 2976 45.
1013 2962 1047 2966 —-
1076 2946 1126 2977 48.
1154 2945 1347 2976 memoriam
1365 2945 1405 2975 Gt
1426 2942 1444 2974 λ
1458 2954 1478 2982 ς
1502 2944 1520 2974 2
1539 2942 1643 2974 codd.
1663 2941 1743 2973 Lbi:
1769 2940 1928 2972 memoria
1951 2939 1997 2970 (32

241 2997 304 3029 dtt.
330 2996 367 3027 Ο.
397 3011 431 3016 -
464 2997 585 3024 metum
609 2994 650 3024 64
670 2991 756 3031 Ξλς
791 2994 809 3024 2
835 2993 937 3024 codd.
964 2993 1044 3033 Lbi,
1071 2995 1183 3035 Lg29:
1219 2998 1321 3026 metus
1345 2993 1406 3024 dtt.
1434 2994 1469 3024 O.
1502 3011 1534 3015 ——
1564 2993 1614 3023 49.
1638 2990 1837 3032 praebuisset
1861 2989 1901 3019 Gt
1921 2989 1995 3026 ¹⁴25:

240 3045 425 3078 tradidisset
447 3042 511 3074 dtt.
540 3044 577 3074 O.
607 3061 641 3065 —-
676 3044 727 3074 ΞΟ.
755 3042 811 3073 tibi
840 3051 910 3074 om.
938 3044 1006 3081 Gt,
1043 3044 1105 3076 sed
1136 3046 1253 3076 tuetur
1276 3045 1361 3075 Non.
1388 3051 1421 3083 p.
1448 3043 1537 3080 299.,
1576 3042 1634 3082 qui
1659 3044 1789 3080 transp.
1816 3039 1860 3070 ad
1879 3039 1995 3078 praed.

241 3097 344 3128 omnis
365 3095 399 3126 P.
429 3112 462 3116 —-
490 3093 543 3124 Ἥ.
571 3093 699 3132 optimis
723 3094 763 3124 64
782 3094 938 3133 Qng29
963 3092 1024 3124 dtt.
1057 3094 1111 3125 Sic
1135 3094 1166 3133 g.
1187 3093 1259 3125 432.
1286 3093 1443 3132 optimam
1468 3100 1530 3132 pro
1555 3092 1700 3131 opae'mum
1724 3090 1777 3121 est
1800 3089 1833 3119 in
1859 3086 1934 3118 cod.
1956 3087 1995 3119 Η.

244 3163 279 3169 -
305 3145 358 3177 23.
384 3144 408 3174 ii
431 3144 492 3174 st:
518 3142 551 3173 hi
574 3143 611 3174 Ο.
635 3160 668 3164 —
696 3143 748 3174 ⁵25.
774 3143 890 3174 misere
913 3143 960 3173 62
985 3142 1063 3174 cod.
1089 3142 1170 3180 Lhi,
1196 3142 1264 3174 duo
1289 3143 1431 3174 Franco.
1471 3141 1559 3172 «Sed
1584 3140 1712 3172 Tullius
1736 3139 1769 3169 h.
1796 3137 1817 3169 l.
1844 3138 1997 3169 imitatus

242 3197 296 3227 est
319 3192 466 3226 Gracchi
491 3190 594 3223 illud:
621 3195 802 3223 matremne
824 3195 859 3222 ut
882 3192 1036 3223 miseram
1058 3192 1289 3223 lamentantem
1311 3190 1439 3221 videam
1457 3191 1522 3221 cet.
1541 3199 1573 3220 V.
1594 3189 1637 3221 de
1655 3190 1746 3221 Orat.
1766 3189 1819 3219 111.
1847 3187 1877 3228 g.
1899 3187 1994 3218 425.»

242 3245 360 3275 Onu-zm„
379 3243 403 3274 1.
434 3259 466 3264 —-
491 3242 600 3281 patris
623 3243 670 3273 62
695 3241 757 3272 dtt.
779 3257 813 3263 -
841 3241 894 3273 ⁶26.
920 3241 988 3280 ipse
1009 3241 1055 3273 M.
1080 3240 1286 3281 G33Lg29:
1312 3240 1363 3271 itte
1379 3240 1424 3271 M.
1444 3239 1507 3270 dtt.
1526 3239 1564 3271 O.
1591 3256 1626 3260 —
1653 3237 1797 3278 assistat]
1823 3240 1918 3268 eareat
1935 3237 1993 3268 62.

245 3310 279 3314 -
306 3292 359 3323 27.
385 3291 442 3322 abs
465 3293 494 3322 te
516 3300 586 3324 om.
613 3292 655 3323 Gt
675 3292 738 3330 25.
766 3308 801 3312 —
827 3291 881 3323 28.
901 3294 988 3331 puta
1012 3291 1071 3321 Gt.
1093 3306 1128 3313 —
1154 3290 1208 3322 29.
1234 3292 1268 3321 at
1291 3297 1361 3320 om.
1388 3288 1434 3320 G3
1448 3297 1480 3326 ς.
1503 3305 1537 3311 -
1564 3287 1616 3320 34,
1642 3287 1791 3319 amittere
1807 3286 1911 3324 G2s'3
1936 3285 1992 3317 ad·

240 3342 367 3373 mittere
389 3341 492 3382 Lg29.
