2127 3708
178 218 259 261 MS
673 224 729 265 IN
760 225 809 273 Q.
843 224 1128 266 CAECILIUM
1156 226 1434 267 DIVINATIO

179 335 423 389 propulsare
454 347 684 389 eorumque
714 335 901 376 fortunas
933 336 1168 377 defendere.
1227 339 1280 378 M.
1305 339 1502 397 Catonem
1533 338 1649 378 illum
1674 338 1926 391 Sapientem,

178 397 450 436 clarissimum
481 397 615 436 virum
647 402 687 436 et
716 398 1105 449 prudentissimum,
1138 413 1229 439 cum
1252 401 1391 440 multis
1414 414 1559 453 graves
1580 400 1816 440 inimicitias
1837 415 1927 453 ges-

178 458 281 497 sisse
310 457 549 510 accepimus
579 465 750 511 propter
770 460 1072 512 Hispanorum,
1105 462 1215 513 apud
1246 476 1350 515 quos
1378 463 1524 502 consul
1554 462 1710 508 suerat,
1741 462 1926 504 iniurias.

179 516 244 557 67.
284 520 425 571 Nuper
463 519 535 558 Cn.
566 521 793 559 Domitium
832 522 983 560 scimus
1023 523 1076 560 M.
1110 523 1249 562 Silano
1282 524 1389 563 diem
1421 524 1573 564 dixisse
1605 530 1774 578 propter
1802 527 1927 566 unius

147 579 357 618 5hominis
377 580 673 633 Aegritomari,
704 582 866 633 paterni
889 583 1009 622 amici
1034 588 1158 636 atque
1178 584 1373 636 hospitis,
1404 586 1589 626 iniurias.
1638 586 1751 625 XXI.
1781 587 1926 639 Neque

179 641 289 680 enim
319 643 448 694 magis
470 644 628 682 animos
650 643 864 682 hominum
885 646 1124 684 nocentium
1146 658 1210 684 res
1232 659 1429 699 umquam
1451 648 1536 687 ulla
1559 648 1781 687 commovit
1802 661 1927 701 quam

177 703 280 742 haec
310 705 513 743 maiorum
545 704 805 743 consuetudo
837 705 960 757 longo
1000 706 1217 745 intervallo
1249 709 1423 759 repetita
1452 722 1498 748 ac
1529 710 1679 757 relata3
1719 710 1927 749 sociorum

178 765 464 818 querimoniae
508 765 669 804 delatae
708 766 760 804 ad
799 766 1007 806 hominem
1046 782 1128 806 non
1172 769 1488 818 inertissimum,
1535 776 1752 824 susceptae
1783 771 1833 810 ab
1865 784 1927 818 ee,

179 827 251 879 qui
294 827 511 866 videbatur
558 840 700 866 eorum
740 827 927 867 fortunas
965 827 1044 868 tide
1086 830 1383 884 diligentiaque
1422 846 1496 872 sua
1535 847 1658 886 posse
1689 833 1927 873 defendere.

130 887 244 928 1068.
275 889 363 927 Iloc
396 889 541 928 timent
570 889 782 936 homines,
823 889 902 928 hoc
933 890 1142 937 laborant,
1173 892 1253 930 hoc
1284 893 1442 934 institui
1472 900 1597 948 atque
1628 896 1733 935 adeo
1764 896 1928 935 institu-

178 955 263 990 tum
294 949 437 989 referri
467 963 514 989 ac
544 951 734 990 renovari
756 952 928 991 moleste
949 952 1099 991 ferunt.
1140 954 1291 993 Putant
1316 955 1404 994 fore
1434 962 1499 1003 ut,
1531 957 1565 996 si
1596 957 1795 1010 paulatim
1824 958 1926 997 haec

178 1011 437 1050 consuetudo
470 1025 637 1065 serpere
668 1025 714 1052 ac
735 1013 902 1065 prodire
924 1016 1127 1066 coeperit,
1159 1029 1234 1067 per
1253 1015 1441 1056 homines
1463 1018 1777 1058 honestissimos
1800 1020 1928 1059 viros-

178 1086 259 1125 que
290 1073 557 1120 fortissimos,
593 1087 677 1113 non
707 1075 920 1127 imperitos
952 1076 1288 1117 adolescentulos
1319 1085 1389 1118 aut
1419 1079 1642 1119 illiusmodi
1675 1080 1928 1134 quadrupla-

177 1140 287 1173 tores
329 1135 442 1185 leges
486 1135 727 1189 iudiciaque
772 1137 1124 1179 administrentur.
1184 1140 1249 1179 ot).
1292 1141 1417 1180 Cuius
1456 1142 1771 1181 consuetudinis
1802 1149 1926 1196 atque

129 1196 353 1236 l5instituti
384 1201 522 1248 patres
553 1198 817 1252 maioresque
843 1205 1006 1240 nostros
1029 1216 1110 1240 non
1133 1203 1373 1255 poenitebat
1396 1208 1503 1250 tum,
1535 1217 1628 1242 cum
1650 1205 1691 1242 P.
1714 1205 1927 1252 Lentulus,

177 1258 211 1297 is
243 1259 314 1310 qui
345 1259 540 1311 princeps
572 1266 740 1300 senatus
770 1261 861 1308 fuit,
893 1264 1113 1303 accusabat
1141 1265 1430 1317 M'.Aquilium
1463 1265 1741 1318 subscriptore
1774 1266 1815 1306 C.
1845 1267 1928 1306 Ru-

178 1320 266 1358 tilio
297 1320 426 1367 Rufo,
466 1326 538 1361 aut
568 1335 660 1360 cum
691 1323 733 1361 P.
762 1323 999 1371 Africanus,
1042 1326 1165 1365 homo
1197 1327 1368 1373 virtute,
1399 1327 1587 1374 fortuna,
1619 1327 1772 1379 gloria,
1803 1328 1927 1368 rebus

177 1382 304 1434 gestis
335 1384 639 1435 amplissimus,
677 1391 950 1439 posteaquam
980 1387 1042 1426 bis
1073 1389 1218 1428 consul
1249 1394 1289 1427 ct
1319 1402 1468 1428 censor
1496 1389 1650 1435 fuerat,
1691 1390 1735 1428 L.
1768 1390 1928 1430 Cottam

176 1445 219 1483 in
250 1444 451 1484 iudicium
481 1446 667 1486 vocabat.
712 1447 806 1487 Iure
839 1453 924 1487 tum
956 1449 1129 1488 florebat
1157 1451 1302 1502 populi
1324 1452 1498 1490 Romani
1530 1465 1704 1498 nomen3
1734 1452 1824 1491 iure
1855 1465 1928 1492 au-

127 1518 162 1546 90
177 1506 344 1545 ctoritas
373 1507 498 1547 huius
528 1509 693 1561 imperii
724 1510 985 1563 civitatisque
1017 1513 1209 1551 maiestas
1240 1513 1374 1565 gravis
1404 1513 1646 1552 habebatur.
1693 1514 1822 1552 Nemo
1854 1515 1928 1553 mi-

175 1568 344 1607 rabatur
381 1569 424 1608 in
462 1569 656 1609 Africano
698 1571 791 1619 illo,
831 1572 941 1625 quod
982 1573 1024 1611 in
1066 1587 1130 1613 me
1164 1588 1294 1621 nunc,
1334 1575 1500 1614 homine
1531 1576 1669 1627 parvis
1701 1576 1849 1628 opibus
1881 1589 1927 1615 ac

175 1629 442 1670 facultatibus
487 1632 698 1684 praedito,
740 1634 936 1673 simulant
976 1647 1065 1673 sese
1109 1636 1272 1682 mirari,
1313 1650 1405 1675 cum
1448 1637 1619 1676 moleste
1659 1637 1809 1676 ferunt.
1861 1635 1926 1677 70.

177 1692 289 1740 Quid
326 1693 402 1733 sibi
442 1694 519 1733 iste
550 1695 667 1734 vult?
707 1701 1045 1735 accusatoremne
1083 1711 1126 1737 se
1158 1698 1405 1745 existimari,
1448 1700 1519 1751 qui
1551 1704 1672 1738 antea
1703 1699 1926 1739 defendere

176 1760 469 1803 consueverat,
510 1769 620 1796 nunc
666 1758 910 1811 praesertim
952 1772 1000 1798 ea
1039 1760 1119 1798 iam
1158 1765 1312 1807 aetate,
1359 1775 1451 1799 cum
1492 1762 1745 1801 aedilitatem
1782 1764 1925 1813 petat?

126 1817 262 1868 25Eg0
293 1830 389 1856 vero
421 1823 462 1857 et
491 1819 637 1858 aetatis
668 1834 753 1859 non
784 1821 907 1858 modo
939 1834 1072 1867 meae,
1105 1821 1177 1860 sed
1209 1823 1338 1861 multo
1371 1823 1493 1861 etiam
1522 1824 1747 1875 superioris
1779 1829 1819 1862 et
1851 1824 1925 1863 ho-

175 1879 287 1918 noris
317 1880 562 1932 amplissimi
592 1887 694 1933 puto
727 1894 817 1921 esse
849 1887 889 1920 et
918 1895 1112 1921 accusare
1142 1883 1353 1935 improbos
1384 1889 1424 1923 et,
1450 1885 1622 1923 miseros
1644 1885 1926 1924 calamitosos-

175 1954 257 1993 que
298 1941 536 1981 defendere.
593 1944 646 1982 Et
686 1943 872 1995 profecto
914 1949 985 1982 aut
1021 1944 1100 1983 hoe
1141 1945 1370 1985 remedium
1403 1952 1463 1985 est
1493 1952 1685 1998 aegrotae
1717 1960 1763 1985 ac
1794 1960 1924 1999 prope

175 2002 419 2055 desperatae
459 2005 517 2043 rei
556 2005 748 2057 publicae
788 2006 1038 2059 iudiciisque
1069 2007 1275 2059 corruptis
1306 2013 1346 2047 et
1376 2009 1664 2048 contaminatis
1695 2021 1925 2061 paucorum

173 2065 273 2104 vitio
305 2078 351 2104 ac
383 2065 658 2117 turpitudine,
697 2068 888 2106 homines
920 2069 970 2106 ad
1002 2068 1139 2120 legum
1171 2069 1455 2109 defensionem
1485 2070 1823 2123 iudiciorumque
1853 2083 1925 2109 au-

123 2138 159 2166 30
173 2127 403 2166 ctoritatem
444 2141 569 2180 quam
610 2129 925 2169 honestissimos
958 2135 997 2169 et
1035 2131 1321 2182 integerrimos
1354 2132 1778 2184 diligentissimosque
1808 2144 1924 2185 acce-

173 2188 296 2228 dere:
335 2192 406 2227 aut
446 2189 479 2227 si
512 2203 562 2228 ne
602 2190 681 2229 hoc
713 2192 881 2243 quidem
913 2192 1112 2243 prodesse
1144 2193 1316 2244 poterit,
1363 2194 1547 2245 profecto
1579 2194 1693 2233 nulla
1725 2206 1922 2246 umquam

173 2249 378 2288 medicina
414 2249 480 2289 his
519 2256 579 2290 tot
618 2252 894 2291 incommodis
933 2254 1176 2305 reperietur.
1237 2251 1302 2293 71.
1334 2256 1456 2294 Nulla
1495 2256 1605 2294 salus
1643 2256 1701 2295 rei
1733 2255 1922 2308 publicae

171 2312 302 2351 maior
333 2316 415 2358 est,
447 2326 571 2365 quam
603 2327 675 2352 eos
706 2315 777 2366 qui
807 2315 981 2353 alterum
1012 2322 1207 2355 accusant
1237 2330 1320 2355 non
1352 2318 1488 2356 minus
1521 2317 1570 2356 de
1602 2317 1743 2364 laude,
1776 2317 1825 2355 de
1847 2316 1922 2355 hoâ€”

170 2387 293 2421 nore,
326 2374 377 2414 de
406 2374 514 2414 falna
545 2388 638 2422 sua,
671 2389 795 2428 quam
826 2376 919 2415 illos
950 2377 1021 2429 qui
1053 2384 1301 2417 accusantur
1331 2379 1381 2417 de
1413 2379 1547 2432 capite
1570 2392 1615 2418 ac
1638 2378 1814 2418 fortunis
1835 2378 1921 2417 suis

120 2449 157 2478 35
170 2437 475 2488 pertimescere.
534 2438 677 2490 Itaque
718 2452 881 2490 semper
915 2439 942 2477 ii
974 2439 1285 2491 diligentissime
1318 2440 1724 2493 laboriosissimeque
1753 2452 1921 2479 accusa-

168 2504 286 2545 runt,
318 2499 389 2551 qui
420 2511 463 2538 se
494 2499 606 2551 ipsos
637 2500 679 2538 in
711 2500 933 2539 discrimen
965 2501 1283 2541 existimationis
1314 2502 1456 2541 venire
1489 2502 1673 2541 arbitrati
1707 2507 1814 2541 sunt.

280 2560 412 2600 XXII.
445 2560 725 2608 Quamobrem
750 2562 830 2601 hoc
852 2567 1052 2609 statuere,
1085 2564 1266 2611 iudices,
1299 2565 1481 2612 dehetis,
1515 2565 1564 2612 Q.
1589 2564 1836 2612 Caecilium,
1868 2566 1919 2604 de

169 2635 252 2675 quo
284 2622 398 2661 nulla
427 2636 626 2676 umquam
657 2624 799 2676 opinio
822 2624 946 2664 suerit
975 2625 1174 2678 nullaque
1206 2627 1247 2665 in
1269 2627 1347 2666 hoc
1370 2627 1461 2678 ipso
1484 2627 1639 2666 iudicio
1661 2627 1918 2678 exspectatio

166 2683 305 2723 futura
335 2684 408 2731 sit,
442 2684 514 2737 qui
545 2697 681 2738 neque
713 2690 758 2724 ut
788 2691 882 2725 ante
914 2686 1131 2726 collectam
1160 2688 1309 2728 famam
1332 2694 1550 2728 conservet
1575 2702 1712 2742 neque
1733 2690 1792 2728 uti
1823 2688 1920 2727 reliâ€”

118 2749 240 2798 toqui
271 2746 468 2798 temporis
498 2760 614 2799 spem
654 2746 869 2788 confirmet
909 2749 1095 2797 laborat,
1137 2764 1220 2789 non
1259 2751 1381 2790 nimis
1419 2750 1525 2790 hanc
1565 2763 1731 2790 causam
1762 2763 1917 2795 severe,

167 2821 250 2847 non
281 2807 405 2847 nimis
435 2815 647 2856 accurate,
689 2824 773 2849 non
812 2811 935 2850 nimis
967 2812 1187 2863 diligenter
1222 2819 1422 2852 acturum.
1482 2813 1617 2852 llabet
1648 2813 1758 2852 enim
1788 2812 1916 2859 nihil,

168 2868 279 2921 quod
310 2869 353 2908 in
384 2870 614 2910 offensione
645 2871 868 2925 deperdat:
909 2878 953 2912 ut
995 2875 1229 2926 turpissime
1270 2875 1676 2927 flagitiosissimeque
1709 2874 1916 2921 discedat,

166 2930 271 2969 nihil
302 2930 353 2970 de
384 2932 469 2971 suis
498 2933 705 2973 veteribus
737 2936 992 2974 ornamentis
1024 2937 1220 2989 requiret.
1280 2935 1343 2978 72.
1374 2937 1407 2975 A
1436 2937 1554 2975 nobis
1577 2936 1728 2976 multos
1750 2935 1916 2976 obsides

253 3084 282 3116 4.
309 3086 350 3116 Î™).
370 3086 483 3117 Silano
507 3086 608 3118 codd.
634 3088 676 3119 At
699 3088 741 3119 cf.
762 3089 800 3119 ll.
819 3097 848 3119 e.
868 3088 920 3120 4-7.
944 3107 976 3111 -
1002 3090 1033 3120 5.
1058 3090 1263 3130 Eqritomari
1286 3088 1387 3120 codd.
1415 3089 1456 3120 cs.
1478 3089 1520 3120 ad
1537 3090 1575 3120 11.
1603 3089 1633 3129 á¼“,
1654 3089 1726 3120 448.
1749 3106 1783 3110 -
1810 3089 1861 3119 Îœ.
1881 3092 1915 3119 ut

168 3134 395 3175 G2Ld1.329:
421 3136 468 3167 uti
493 3136 533 3167 Gt
563 3135 605 3167 al.
625 3137 661 3167 O.
690 3155 724 3159 â€”
753 3138 804 3169 â´6.
831 3138 997 3169 accusavit.
1019 3141 1057 3170 Î‘.
1080 3157 1114 3162 -
1141 3140 1193 3171 49.
1217 3139 1345 3170 vocavit
1368 3140 1405 3170 A.
1428 3157 1462 3161 â€”
1489 3140 1540 3170 Â¹22.
1565 3139 1674 3178 ferunt
1699 3139 1739 3168 Gt
1759 3138 1913 3177 Qngw

167 3183 209 3215 al.
236 3185 333 3225 prob.
361 3188 474 3217 Garat.
501 3186 558 3217 11.:
590 3186 700 3226 serant
723 3188 760 3218 O.
790 3205 822 3210 â€”
858 3187 910 3219 â¶24..
936 3192 1110 3220 consuerat
1133 3190 1233 3229 Lgâ€˜29.
1263 3206 1297 3211 â€”
1330 3189 1382 3219 â¶255.
1414 3192 1441 3219 cl
1473 3190 1589 3219 aetatis
1613 3189 1653 3219 (cil
1672 3187 1848 3225 2314229:
1885 3191 1914 3218 et.

168 3242 236 3264 om.
264 3234 325 3265 dtt.
345 3235 381 3266 O.
403 3253 438 3257 â€”
464 3238 493 3266 et
515 3235 646 3266 honoris
661 3253 707 3258 --
723 3237 891 3276 defendere
913 3239 998 3269 Non.
1019 3248 1050 3279 1).
1071 3239 1122 3270 33.
1145 3257 1179 3261 â€”
1204 3239 1256 3269 027.
1283 3238 1467 3278 aegrotanti
1484 3238 1549 3275 LdÍ¾
1576 3240 1766 3277 aeglrotante
1783 3238 1841 3268 G'Z.
1870 3239 1914 3269 At

168 3282 210 3313 cs.
236 3282 348 3314 Madv.
375 3285 397 3315 1.
424 3293 457 3325 p.
484 3284 556 3316 334.
587 3303 620 3307 â€”
647 3286 699 3316 â¶28.
726 3289 755 3317 et
777 3287 1007 3318 contaminatis
1029 3289 1055 3320 A
1081 3288 1162 3328 ibiq.
1190 3288 1313 3319 Baiter.
1339 3288 1418 3328 ng.
1443 3288 1472 3318 6.
1500 3288 1562 3319 29:
1595 3290 1625 3318 et
1648 3287 1913 3319 incontaminatis

168 3332 214 3368 [12
230 3333 275 3372 D3
302 3342 341 3364 ac
363 3338 503 3367 concam.
531 3336 572 3366 Gt
602 3334 645 3367 al.
671 3336 707 3368 ÎŸ.
737 3354 771 3358 â€”â€”
798 3336 850 3372 43.
877 3337 1015 3376 requirit
1038 3338 1078 3368 Gt
1098 3337 1218 3377 '2ng
1243 3335 1284 3369 al.
