2143 3713
299 240 380 283 242
793 243 848 284 IN
877 242 1096 283 VERREM
1125 241 1285 283 ACTIO
1319 241 1560 284 SECUNDA

295 354 449 394 tellites
480 353 754 407 cupiditatum
785 368 973 403 suarum,
1004 368 1080 407 per
1100 368 1205 407 quos
1227 355 1443 395 ostendam
1465 355 1523 395 sic
1548 353 1807 408 provinciam
1826 368 1901 408 per
1919 357 2046 396 trien-

294 417 410 456 nium
442 421 634 456 vexatam
663 422 792 471 atque
822 422 1041 464 vastatam,
1079 416 1259 464 iudices,
1300 422 1348 456 ut
1377 430 1467 457 eam
1497 416 1639 456 multis
1669 416 1790 456 annis
1820 418 2045 458 multorum

293 479 536 518 innocentia
574 479 865 533 sapientiaque
905 492 1092 519 recreare
1130 493 1399 533 nequeamus.
1459 481 1531 519 IX.
1563 478 1628 518 ἐζ).
1660 479 1815 519 Eorum
1847 481 2045 528 omnium,

295 540 367 593 qui
399 539 617 581 decumani
646 541 920 587 vocabantur,
952 541 1146 593 princeps
1179 547 1266 581 erat
1297 542 1346 590 Q.
1368 542 1439 582 ille
1460 541 1691 594 Apronius,
1723 554 1847 595 quem
1876 542 2044 582 videtis:

262 602 344 641 5de
387 603 504 643 cuius
548 603 812 656 improbitate
853 603 1051 655 singulari
1093 603 1427 655 gravissimarum
1465 605 1719 656 legationum
1762 604 2046 657 querimonias

293 665 480 705 audistis.
521 665 759 718 Adspicite,
791 665 970 711 iudices,
1002 663 1163 704 vultum
1183 665 1366 705 bominis
1388 671 1428 705 et
1448 667 1706 718 adspectum,
1739 670 1851 705 etex
1880 678 1929 706 ea
1949 678 2047 705 con-

292 729 493 775 tumacia,
525 740 650 780 quam
681 728 747 766 hic
780 728 820 766 in
852 727 1023 779 perditis
1053 727 1177 765 rebus
1208 727 1378 775 retinet,
1408 728 1502 767 illos
1534 728 1624 767 eius
1655 727 1826 780 spiritus
1858 727 2048 767 Sicilien-

291 803 357 829 ses
389 803 496 843 quos
526 789 656 829 fuisse
687 789 839 841 putetis
862 789 1039 841 cogitate
1070 802 1117 828 ac
1148 789 1439 828 recordamini.
1478 791 1554 829 llic
1577 795 1638 829 est
1658 789 1891 842 Apronius,
1923 801 2048 842 quem

290 851 333 891 in
375 851 593 905 provincia
632 855 718 890 tota
755 851 928 897 verres,
971 864 1063 890 cum
1104 851 1290 905 undique
1328 852 1610 905 nequissimos
1651 852 1842 891 homiues
1873 850 2049 904 conqui-

239 920 275 949 40
290 914 413 954 sisset
452 918 493 953 et
523 927 615 953 cum
656 913 744 965 ipse
777 926 917 951 secum
950 912 1013 952 sui
1056 914 1212 953 similes
1245 913 1434 953 duxisset
1463 926 1547 953 non
1579 927 1725 967 parum
1756 913 1932 961 multos,
1976 925 2048 953 ne-

288 976 442 1030 quitia,
472 975 661 1022 luxuria,
691 974 866 1014 audacia
895 974 959 1014 sui
993 974 1252 1015 simillimum
1283 975 1496 1015 iudicavit.
1546 976 1693 1029 Itaque
1730 977 1832 1016 istos
1862 976 1974 1016 inter
2003 988 2047 1015 se

284 1038 477 1091 perbrevi
508 1042 695 1090 tempore
726 1050 812 1076 non
842 1049 929 1083 res,
962 1050 1045 1075 non
1078 1037 1204 1084 ratio,
1237 1050 1321 1076 non
1343 1037 1649 1077 commendatio
1671 1038 1834 1091 aliqua,
1867 1037 1940 1077 sed
1961 1042 2049 1077 stu-

286 1100 451 1139 diorum
492 1100 708 1152 turpitudo
751 1098 1067 1152 similitudoque
1104 1100 1335 1139 coniunxit.
1395 1097 1461 1138 ⁶23.
1494 1100 1634 1139 Verris
1665 1113 1800 1139 mores
1831 1100 2047 1153 improbos

284 1161 559 1214 impurosque
591 1161 748 1201 nostis:
788 1161 933 1213 fingite
963 1161 1105 1208 vobis,
1144 1162 1177 1200 si
1209 1162 1407 1214 potestis,
1439 1161 1645 1214 aliquem,
1678 1162 1749 1215 qui
1780 1163 1822 1202 in
1853 1162 2047 1202 omnibus

235 1222 354 1263 ⁴5isti
392 1224 516 1263 rebus
547 1237 623 1276 par
653 1224 705 1263 ad
736 1223 923 1263 omnium
963 1223 1214 1275 flagitiorum
1255 1223 1433 1263 nefarias
1464 1223 1659 1263 libidines
1691 1237 1782 1263 esse
1812 1224 1965 1277 possit:
2011 1223 2046 1262 is

285 1285 363 1325 erit
391 1285 602 1339 Apronius
633 1285 725 1333 ille,
759 1286 852 1339 qui,
883 1289 931 1324 ut
960 1285 1050 1338 ipse
1081 1299 1164 1325 non
1197 1286 1332 1325 solum
1363 1287 1468 1333 vita,
1506 1287 1579 1326 sed
1610 1299 1786 1339 corpore
1816 1291 1943 1339 atque
1975 1297 2047 1324 ore

283 1346 510 1400 significat,
542 1348 745 1387 immensa
775 1348 917 1401 aliqua
948 1361 1101 1400 vorago
1135 1354 1196 1387 est
1227 1353 1298 1387 aut
1328 1361 1479 1400 gurges
1501 1348 1696 1388 vitiorum
1722 1347 2048 1401 turpitudinum-

284 1424 366 1464 que
399 1411 598 1450 omnium.
645 1410 766 1449 Hunc
797 1410 841 1448 in
873 1410 1065 1449 omnihus
1089 1410 1263 1462 stupris,
1294 1410 1406 1449 hunc
1428 1411 1469 1449 in
1491 1411 1684 1450 fanorum
1707 1410 2046 1464 expilationibus,

280 1472 393 1513 hunc
423 1474 466 1513 in
496 1473 669 1526 impuris
702 1472 905 1512 conviviis
936 1473 1168 1525 principem
1190 1472 1439 1512 adhibebat:
1473 1478 1714 1526 tantamque
1734 1473 1863 1513 habet
1884 1484 2048 1512 morum

231 1542 267 1572 ‘20
282 1535 513 1575 similitudo
545 1534 885 1575 coniunctionem
916 1539 1041 1587 atque
1074 1534 1361 1582 concordiam,
1401 1540 1448 1574 ut
1476 1536 1708 1587 Apronius,
1755 1535 1826 1589 qui
1859 1535 1953 1575 aliis
1983 1533 2048 1572 in-

279 1597 487 1638 humanus
519 1611 566 1637 ac
596 1597 819 1644 barbarus,
852 1597 921 1636 isti
947 1597 1018 1635 uni
1046 1596 1289 1636 commodus
1311 1610 1358 1636 ac
1383 1597 1562 1636 disertus
1583 1597 1810 1645 videretur,
1839 1601 1899 1644 ut,
1921 1608 2045 1650 quem

281 1674 425 1701 omnes
449 1660 637 1700 odissent
657 1672 795 1713 neque
817 1659 957 1698 videre
979 1658 1145 1705 vellent,
1172 1659 1261 1698 sine
1284 1672 1332 1698 eo
1356 1659 1433 1698 iste
1457 1672 1548 1698 esse
1573 1672 1656 1698 non
1687 1663 1841 1711 posset,
1872 1663 1931 1705 ut,
1952 1670 2047 1697 cum

280 1722 351 1762 alii
382 1735 433 1762 ne
464 1722 667 1762 conviviis
698 1721 868 1775 quidem
899 1721 1031 1760 isdem
1053 1721 1205 1774 quibus
1226 1721 1459 1773 Apronius,
1491 1721 1557 1760 hic
1580 1721 1712 1760 isdem
1735 1722 1858 1760 etiam
1879 1719 2045 1774 poculis

277 1789 490 1832 uteretur,
522 1789 758 1837 postremo,
791 1788 836 1822 ut
867 1783 972 1822 odor
1001 1783 1174 1835 Apronii
1210 1783 1471 1822 taeterrimus
1494 1783 1577 1822 oris
1601 1788 1641 1822 et
1663 1783 1873 1835 corporis,
1906 1794 2034 1835 quem

229 1851 325 1887 25ut
352 1847 491 1894 aiunt,
532 1859 583 1885 ne
612 1846 771 1885 bestiae
804 1844 975 1898 quidem
1004 1845 1111 1884 ferre
1142 1849 1338 1897 possent,
1382 1845 1455 1884 uni
1487 1845 1553 1884 isti
1586 1845 1724 1885 suavis
1756 1849 1796 1885 et
1823 1843 2032 1885 iucundus

277 1908 500 1950 videretur.
560 1907 634 1947 Ille
666 1912 754 1947 erat
782 1907 824 1946 in
854 1907 1049 1946 tribunali
1081 1908 1321 1959 proximus,
1351 1907 1394 1946 in
1425 1907 1618 1947 cubiculo
1650 1907 1784 1955 solus,
1814 1909 1857 1947 in
1888 1907 2033 1948 convi-

277 1972 346 2012 vio
379 1971 599 2018 dominus,
631 1983 678 2009 ac
710 1974 798 2009 tum
829 1970 1028 2016 maxime,
1062 1983 1155 2009 cum
1178 1970 1407 2009 accubante
1438 1974 1699 2022 praetextato
1731 1970 1937 2023 praetoris
1960 1967 2046 2009 filio

276 2036 320 2075 in
359 2033 551 2074 convivio
591 2032 740 2072 saltare
783 2033 920 2071 nudus
961 2036 1168 2084 coeperat.
1228 2031 1280 2071 X.
1313 2029 1378 2071 24.
1411 2032 1555 2079 llunc,
1594 2032 1652 2071 uti
1686 2032 1824 2071 dicere
1856 2031 2046 2080 institui,

277 2097 511 2150 principem
550 2096 700 2135 Verres
743 2094 795 2134 ad
838 2095 1028 2134 fortunas
1069 2100 1276 2134 aratorum
1316 2095 1528 2133 vexandas
1570 2094 1914 2147 diripiendasque
1955 2107 2047 2134 esse

228 2159 436 2199 30voluit:
476 2158 602 2198 huius
641 2157 864 2203 audaciae,
903 2156 1140 2209 nequitiae,
1191 2156 1428 2196 crudelitati
1469 2155 1737 2195 fidelissimos
1769 2157 1906 2197 socios
1939 2155 2048 2209 opti-

278 2233 455 2274 mosque
477 2221 588 2259 cives
611 2219 758 2258 scitote
779 2219 859 2258 hoc
881 2224 1074 2271 praetore
1096 2218 1270 2258 traditos
1285 2250 1295 2266 ,
1329 2218 1510 2265 iudices,
1539 2223 1665 2271 atque
1688 2218 1879 2258 addictos
1900 2218 2046 2271 fuisse,

279 2282 400 2322 novis
430 2281 634 2321 institutis
666 2285 706 2320 et
736 2280 908 2328 edictis,
952 2285 1038 2321 tota
1075 2281 1301 2321 Hieronica
1340 2281 1450 2333 lege,
1499 2294 1624 2333 quem
1666 2281 1717 2320 ad
1748 2280 1920 2321 modum
1950 2284 2047 2321 ante

280 2344 391 2392 dixi,
421 2344 576 2383 reiecta
606 2355 653 2382 ac
684 2343 916 2396 repudiata.

394 2404 459 2445 25.
490 2405 673 2445 Primum
703 2405 908 2453 edictum,
941 2406 1121 2453 iudices,
1153 2405 1294 2445 audite
1321 2405 1609 2459 praeclarum:
1646 2405 1846 2454 Quantum
1865 2405 2048 2446 decuma-

231 2480 268 2509 35
279 2482 354 2509 nus
383 2468 562 2509 edidisset
590 2472 791 2507 aratorem
819 2468 893 2507 sibi
922 2468 1104 2507 decumae
1136 2468 1232 2507 dare
1262 2475 1460 2521 oportere,
1502 2474 1546 2507 ut
1580 2473 1733 2507 tantum
1760 2473 1904 2508 arator
1931 2467 2047 2508 decu-

346 2618 378 2649 2.
396 2619 558 2648 vastamm
574 2615 656 2646 V.-—-
676 2615 707 2646 3.
727 2615 871 2646 omnium
890 2624 958 2646 om.
976 2616 1012 2646 V.
1035 2615 1203 2657 [Egi-egio,
1223 2617 1357 2657 opinor.
1377 2617 1498 2656 iiim]
1517 2615 1587 2648 mli.
1609 2617 1747 2655 Quintus
1762 2615 1845 2647 V.-—
1864 2616 1895 2647 5.
1915 2615 2043 2656 inprob.

280 2678 304 2700 s.
325 2668 609 2709 gli-avissumarum
626 2665 664 2696 V.
681 2682 714 2686 -
742 2666 971 2703 quaerimonia
990 2667 1024 2697 L.
1045 2666 1183 2697 11581i-.-
1205 2667 1235 2698 6.
1255 2666 1389 2705 aspicite
1400 2666 1440 2703 V:
1465 2667 1568 2697 videm
1585 2666 1730 2705 lgm).—
1756 2665 1796 2706 el]
1822 2668 1922 2705 atque
1937 2665 2040 2706 Lg29.

284 2719 362 2749 —7.
382 2718 415 2748 in
431 2716 538 2748 habet
554 2716 659 2747 etiam
677 2715 757 2746 V.—
777 2715 853 2756 eius]
872 2716 971 2746 etiam
989 2717 1023 2746 li.
1045 2715 1183 2747 rilisi.—
1202 2716 1378 2747 Siciliensis
1395 2715 1538 2755 Lg'i2.—-
1558 2716 1589 2747 8.
1609 2715 1786 2755 aper-onius
1800 2715 1884 2746 V.-
1903 2716 2045 2756 cogitate

281 2777 321 2799 ac
338 2766 451 2799 om.V.
474 2784 508 2788 —
527 2765 557 2797 9.
576 2765 795 2804 nequissimos
812 2765 850 2795 V.
869 2783 902 2786 κ
924 2765 973 2796 10.
994 2768 1022 2795 et
1039 2774 1108 2796 0111.
1131 2766 1167 2796 V.
1196 2765 1325 2805 [Rcctc,
1345 2766 1478 2806 opinor,
1506 2774 1588 2796 nam
1613 2769 1642 2796 ct
1666 2765 1779 2806 posito
1805 2763 1954 2796 alterum
1971 2772 2046 2795 mim

282 2816 448 2848 abundat.
468 2814 588 2855 Hau]
606 2830 640 2835 -—
662 2814 674 2844 1t
685 2815 712 2844 i.
731 2815 816 2853 ipsos
832 2813 932 2853 lig-22.
947 2831 977 2834 —
999 2814 1049 2844 12.
1070 2815 1185 2853 aliqua
1201 2815 1254 2845 sed
1270 2823 1339 2845 om.
1359 2814 1501 2854 Lg42.-
1525 2814 1576 2845 Η.
1599 2814 1796 2854 impurosque
1812 2813 1895 2845 V.—
1914 2813 2047 2844 noscitis

282 2866 344 2897 dtt.
359 2883 394 2888 —
421 2865 573 2904 aliquem,
599 2863 625 2893 si
645 2866 712 2902 poi.
732 2863 832 2903 ligi-2.
852 2882 886 2885 —
916 2864 966 2893 15
993 2863 1062 2894 islis
1085 2865 1146 2902 (W,
1167 2865 1261 2895 laun.
1282 2864 1318 2895 O.
1337 2882 1370 2885 —
1398 2863 1472 2904 esse]
1500 2872 1564 2895 sese
1582 2864 1620 2894 V.
1638 2880 1672 2885 —-
1702 2864 1752 2895 ⁴6.
1780 2865 1841 2896 erit
1865 2863 1896 2902 4,
1911 2863 2044 2895 VMN:

281 2920 352 2948 erac
376 2916 438 2947 dtt.
467 2932 502 2937 ›-
527 2915 581 2946 sed
605 2913 694 2953 Lg‘ia
708 2914 761 2945 M:
784 2914 837 2944 scd
860 2914 959 2944 eliam
983 2912 1055 2944 rell.
1084 2914 1120 2944 O.
1155 2913 1197 2944 cs.
1224 2913 1254 2955 ἓ.
1275 2914 1304 2944 4.
1327 2932 1360 2935 -
1389 2914 1440 2944 47.
1467 2921 1506 2943 ac
1528 2922 1625 2954 gyara.
1647 2912 1724 2944 cod.
1743 2914 1817 2946 Urs.
1845 2911 2044 2953 [Suspicor:

279 2974 405 3006 vorago
428 2968 473 2997 esi
495 2967 523 2995 et
545 2973 676 3005 gurges,
715 2964 762 2995 Cf.
790 2973 823 3005 p.
851 2965 937 2995 sest.
966 2965 995 3003 {-
1024 2964 1095 2994 iii.
1126 2964 1246 3005 llatae]
1275 2981 1309 2984 —
1343 2963 1394 2994 48.
1421 2963 1504 2993 hum·
1528 2963 1561 2993 in
1584 2964 1607 3003 f.
1634 2963 1672 3002 4,
1698 2964 1748 2994 N:
1776 2971 1844 2994 om.
1870 2962 1956 2993 hunc
1980 2961 2043 2993 dtt.

285 3033 320 3038 -
348 3016 399 3047 49.
427 3014 577 3046 adhibeat
600 3014 701 3053 Lgl-a.
732 3032 764 3035 -s-
803 3013 896 3045 habet,
930 3013 964 3051 Ji,
992 3014 1041 3044 M:
1079 3012 1215 3044 habebat
1246 3013 1308 3044 dtt.
1346 3030 1379 3033 —
1418 3011 1469 3043 Μ.
1496 3012 1620 3051 Aproni
1656 3010 1759 3043 Probi
1793 3019 1849 3042 ars
1873 3011 1989 3042 minor
2011 3011 2046 3042 in

281 3065 389 3098 Anall.
416 3073 564 3106 gramm.
590 3073 623 3104 p.
651 3063 724 3095 *ai-Ji.
755 3081 789 3084 >—
816 3064 869 3094 ⁶26.
895 3065 953 3095 iste
976 3066 1047 3094 erac
1072 3062 1172 3102 Lg-'ia
1205 3081 1238 3084 —
1265 3061 1360 3102 solus]
1386 3063 1491 3092 socius
1507 3063 1530 3092 L
1557 3070 1598 3092 cx
1623 3060 1700 3092 cod.
1721 3060 1916 3092 Hotomani.
1944 3060 2042 3092 «Est:

283 3115 377 3148 solus
409 3123 516 3154 unus,
554 3113 612 3154 qui
637 3113 670 3144 in
695 3112 894 3144 cubiculum
920 3113 1182 3145 admitteretur:
1221 3122 1332 3154 eaque
1363 3112 1463 3144 lectio
1493 3113 1721 3144 confirmatur
1749 3111 1901 3143 maxime
1933 3118 1964 3141 c.
1989 3108 2043 3141 23.

283 3166 315 3206 5.
341 3166 417 3197 56.»
443 3166 500 3196 On.
530 3181 565 3186 —-
592 3163 644 3195 ⁶28.
672 3164 777 3194 nudus
800 3172 868 3194 om.
895 3163 1023 3203 LgQOA
1039 3164 1073 3194 B.
1105 3182 1139 3185 —
1166 3164 1218 3195 ⁶29.
1245 3164 1287 3194 ad
1308 3163 1461 3203 fortunas
1484 3162 1573 3203 Lgiss
1588 3163 1609 3194 F
1624 3163 1674 3194 M:
1701 3161 1745 3192 ad
1767 3158 1957 3192 evertendas
1976 3158 2046 3199 for-

281 3219 379 3246 tunas
401 3214 474 3246 rell.
510 3231 546 3236 —
579 3238 586 3244 .
603 3236 610 3244 .
628 3239 634 3245 .
651 3214 772 3252 dasque
802 3222 928 3244 esse—-
945 3221 1045 3251 neque
1074 3216 1183 3243 lamen
1216 3212 1246 3252 g.
1273 3212 1324 3244 ἓξ).
1353 3214 1438 3243 extr.
1476 3211 1585 3242 habet
1607 3211 1647 3242 V.
1681 3227 1715 3232 -
1753 3209 1807 3241 31.
1832 3208 1915 3239 ciuis
1935 3207 1977 3239 V.
2005 3225 2041 3230 —

282 3264 335 3295 32.
361 3265 495 3296 aedictis
516 3263 556 3295 V.
585 3278 620 3283 —
649 3266 724 3293 ‹17ch
747 3263 775 3293 V
800 3264 833 3293 ct
858 3261 1033 3302 plerique:
1072 3266 1169 3293 antea
1195 3263 1231 3292 Ο.
1267 3261 1308 3293 cs.
1336 3261 1380 3292 ad
1403 3261 1441 3292 ll.
1470 3261 1500 3301 g.
1527 3260 1578 3291 82.
1614 3277 1648 3281 »-
1681 3258 1732 3291 33.
1757 3259 1878 3290 reiecta
1909 3266 1949 3288 ac
1970 3265 2041 3297 rep·

283 3321 373 3345 corr.
398 3314 440 3344 V:
478 3312 793 3351 reiectacrepzzdiata
816 3321 867 3352 pr.
894 3312 939 3349 ν’,
978 3312 1097 3342 reiecta
1120 3315 1149 3344 et
1172 3320 1240 3352 rep.
1267 3312 1347 3344 cett.
1377 3328 1411 3333 —
1449 3310 1502 3342 34.
1529 3310 1657 3349 audite,
1691 3308 1813 3342 iudices
1835 3306 1946 3350 Lgla:
1971 3307 2040 3340 iud.

282 3363 393 3395 audito
416 3362 489 3395 rell.
517 3364 553 3395 Ο.
582 3378 617 3385 ·-
645 3362 696 3394 35.
723 3366 872 3402 oportere
895 3371 964 3393 om.
984 3361 1086 3402 Lg12-2.
