2127 3708
225 213 277 256 74
639 216 836 259 ORATIO
866 219 968 261 PRO
1000 220 1049 269 Q.
1079 221 1272 263 ROSCIO
1304 221 1561 264 COMOEDO

224 327 328 368 feret
357 328 535 378 tabulas,
574 331 757 384 proferet
786 344 880 371 suas
911 345 1080 386 quoque
1111 334 1297 374 Roscius.
1354 335 1443 374 Erit
1482 334 1525 373 in
1556 334 1667 374 illius
1698 335 1847 376 tabulis
1878 336 1957 377 hoc

224 402 397 438 nomen,
437 397 478 431 at
514 393 556 432 in
595 394 719 433 huius
750 408 834 433 non
866 394 954 432 erit.
1015 392 1050 433 ¹2.
1085 395 1165 434 Cur
1193 396 1334 448 potius
1365 396 1475 435 illius
1509 410 1631 450 quam
1662 396 1787 436 huius
1819 400 1958 439 crede-

224 454 320 492 tur?
351 474 406 482 —
435 454 677 508 Scripsisset
705 456 796 503 ille,
828 455 862 495 si
894 468 977 494 non
1008 455 1123 495 iussu
1153 457 1278 496 huius
1300 471 1529 510 expensum
1560 459 1755 498 tulisset?
1784 481 1837 489 —
1865 462 1958 500 Non

223 513 457 566 scripsisset
485 516 573 565 hic,
605 519 717 571 quod
749 518 826 557 sibi
857 529 1085 568 expensum
1107 518 1203 557 ferri
1226 520 1441 560 iussisset?
1485 523 1588 560 Nam
1610 522 1958 574 quemadmodum

189 580 340 628 5turpe
372 583 434 617 est
463 580 664 627 scribere,
705 581 817 633 quod
849 595 932 622 non
964 580 1184 628 debeatur,
1223 581 1281 621 sic
1320 582 1553 635 improbum
1585 589 1647 623 est
1676 596 1760 622 non
1791 583 1958 631 referre,

220 639 332 691 quod
364 640 527 682 debeas.
584 643 728 696 Aeque
761 644 870 682 enim
902 645 1069 685 tabulae
1101 643 1431 683 condemnantur
1461 645 1570 693 eius,
1603 646 1673 699 qui
1701 658 1845 684 verum
1874 659 1959 685 non

217 701 398 749 rettulit,
430 709 469 743 et
500 704 611 750 eius,
643 705 713 757 qui
745 704 893 744 falsum
924 706 1180 760 perscripsit.
1231 706 1310 744 Sed
1342 719 1416 758 ego
1448 708 1568 760 copia
1589 714 1629 748 et
1650 708 1844 748 facultate
1865 721 1961 747 cau-

216 774 285 801 sae
328 762 506 804 confisus
546 766 639 805 vide
679 780 761 819 quo
802 770 1056 820 progrediar.
1132 769 1172 806 Si
1219 768 1378 807 tabulas
1421 769 1462 808 C.
1504 771 1685 809 Fannius
1732 770 1889 823 accepti
1921 774 1962 809 et

216 826 387 877 expensi
427 827 582 880 profert
621 842 738 876 suas,
780 829 822 868 in
864 844 979 871 suam
1010 845 1096 870 rem
1128 843 1203 869 suo
1239 830 1438 870 arbitratu
1469 832 1664 884 scriptas,
1708 846 1790 886 quo
1822 832 1958 871 minus

165 895 201 925 ⁴0
215 889 440 929 secundum
471 890 587 930 illum
618 891 831 938 iudicem,
871 907 956 932 non
986 907 1146 933 recuso.
1215 891 1252 931 3.
1285 892 1388 940 Quis
1417 893 1497 932 hoc
1527 893 1654 933 frater
1683 893 1821 940 fratri,
1865 894 1958 947 quis

214 962 362 1001 parens
394 950 477 991 lilio
510 953 671 1000 tribuit,
702 958 770 1001 ut,
803 957 1097 1010 quodcumque
1128 954 1382 1001 rettulisset,
1415 956 1456 994 id
1486 961 1621 995 ratum
1652 956 1851 995 haberet?
1882 957 1960 996 Ra-

214 1016 300 1051 tum
329 1012 497 1053 habebit
526 1015 714 1055 Roscius.
762 1017 914 1057 Profer.
964 1018 1085 1066 Quod
1108 1017 1180 1056 tibi
1207 1017 1332 1056 fuerit
1355 1030 1617 1069 persuasum,
1646 1017 1744 1057 huic
1767 1018 1845 1057 erit
1866 1032 1958 1070 per-

215 1086 404 1122 suasum3
452 1077 564 1129 quod
608 1077 681 1116 tibi
727 1078 852 1119 suerit
892 1081 1133 1132 probatum,
1181 1079 1274 1117 huic
1308 1078 1384 1117 erit
1414 1079 1647 1130 probatum.
1705 1080 1832 1119 Paulo
1863 1085 1958 1119 ante

215 1136 268 1174 M.
308 1137 568 1191 Perpennae,
611 1141 653 1180 P.
687 1142 839 1181 Saturii
887 1143 1045 1182 tabulas
1091 1141 1388 1194 poscebamus:
1432 1154 1541 1179 nunc
1587 1146 1699 1188 tuas,
1747 1141 1788 1180 C.
1828 1141 1958 1181 Fanni

167 1206 201 1236 45
217 1196 418 1246 Chaerea,
450 1201 579 1241 solius
613 1203 845 1255 flagitamus
878 1210 943 1252 et,
978 1218 1061 1257 quo
1094 1194 1228 1242 minus
1261 1202 1488 1241 secundum
1521 1215 1589 1241 cas
1621 1202 1670 1241 lis
1702 1203 1844 1250 detur,
1874 1216 1959 1242 non

215 1273 466 1302 recusamus.
526 1261 564 1304 4.
606 1265 716 1313 Quid
748 1266 805 1306 ita
835 1281 917 1307 non
949 1266 1140 1319 profers?
1170 1286 1223 1293 —-
1266 1265 1356 1303 Non
1388 1261 1554 1303 conficit
1584 1264 1780 1303 tabulas?
1830 1264 1958 1304 Immo

217 1321 547 1374 diligentissime.
591 1327 683 1366 Non
715 1328 840 1368 refert
870 1342 996 1381 parva
1027 1327 1197 1367 nomina
1228 1327 1268 1365 in
1292 1325 1488 1365 codices?
1532 1326 1662 1367 Immo
1685 1339 1829 1366 omnes
1850 1339 1961 1365 sum·-

216 1396 314 1425 maS.
360 1386 469 1426 Leve
501 1393 541 1427 et
570 1393 694 1428 tenue
724 1389 805 1429 hoc
835 1392 1015 1430 nomen?
1061 1387 1136 1426 HS
1160 1400 1327 1426 cccmoo
1358 1392 1466 1426 sunt.
1507 1387 1729 1436 Quomodo
1754 1388 1826 1427 tibi
1848 1393 1961 1428 tanta

214 1448 392 1500 pecunia
423 1450 754 1491 extraordinaria
784 1452 918 1492 iacet?
950 1452 1160 1506 quomodo
1194 1450 1271 1490 HS
1303 1461 1470 1487 cccmoo
1502 1450 1544 1489 in
1575 1450 1719 1490 codice
1740 1451 1898 1503 accepti
1922 1455 1962 1491 et

164 1511 387 1563 wexpensi
426 1524 510 1551 non
548 1515 676 1553 sunt?
736 1515 813 1554 Pro
859 1515 899 1554 di
936 1514 1214 1560 immortales,
1257 1526 1403 1552 essene
1446 1526 1698 1567 quemquam
1738 1518 1852 1553 tanta
1888 1527 1962 1553 au-

215 1574 333 1613 dacia
362 1575 617 1626 praeditum,
651 1576 747 1629 qui,
780 1578 893 1630 quod
925 1591 1078 1617 nomen
1109 1576 1260 1615 referre
1292 1575 1333 1613 in
1365 1574 1526 1614 tabulas
1558 1575 1720 1621 timeat,
1750 1574 1791 1613 id
1818 1580 1961 1627 petere

215 1636 386 1683 audeat,
419 1637 530 1690 quod
562 1637 603 1677 in
636 1639 822 1678 codicem
854 1640 1059 1679 iniuratus
1091 1639 1242 1678 referre
1265 1637 1421 1683 noluit,
1452 1637 1493 1675 id
1520 1637 1655 1676 iurare
1676 1637 1717 1676 in
1740 1638 1855 1677 litem
1876 1652 1961 1677 non

215 1697 396 1745 dubitet,
441 1700 554 1753 quod
597 1700 674 1740 sibi
714 1702 892 1754 probare
931 1716 1015 1741 non
1054 1701 1206 1755 possit,
1252 1701 1292 1740 id
1324 1701 1573 1753 persuadere
1604 1702 1723 1741 alteri
1757 1701 1958 1742 conetur!

213 1759 263 1798 II.
296 1758 333 1800 5.
366 1761 546 1801 Nimium
578 1763 659 1802 cito
691 1764 749 1803 ait
780 1777 844 1803 me
876 1765 1082 1817 indignari
1115 1765 1164 1803 de
1196 1763 1366 1802 tabulis:
1404 1777 1489 1802 non
1518 1763 1669 1803 habere
1702 1778 1745 1804 se
1775 1765 1855 1804 hoc
1885 1779 1961 1805 no-

162 1827 199 1858 25
214 1835 307 1862 men
338 1823 379 1862 in
411 1825 596 1864 codicem
627 1826 785 1878 accepti
819 1831 858 1865 et
889 1827 1061 1879 expensi
1083 1826 1258 1865 relatum
1280 1823 1520 1872 confitetur,
1553 1827 1624 1865 scd
1647 1827 1689 1866 in
1711 1828 1958 1868 adversariis

213 1890 353 1938 patere
393 1887 620 1927 contendit.
681 1888 818 1941 Usque
860 1902 964 1928 eone
1007 1894 1045 1928 tc
1083 1888 1220 1939 diligis
1252 1892 1292 1927 et
1322 1886 1536 1941 magnifice
1569 1889 1875 1942 circumspicis,
1915 1894 1962 1930 ut

212 1948 433 2001 pecuniam
464 1962 548 1988 non
579 1963 630 1989 ex
662 1950 743 1990 tuis
776 1950 947 1997 tabulis,
978 1951 1049 1990 sed
1082 1963 1134 1989 ex
1155 1950 1402 1989 adversariis
1434 1952 1578 2003 petas?
1625 1951 1753 1990 Suum
1775 1951 1961 1992 codicem

213 2011 330 2050 testis
363 2011 454 2050 loco
486 2012 659 2052 recitare
701 2013 962 2065 arrogantiae
994 2017 1077 2052 est:
1109 2025 1277 2052 suarum
1305 2013 1655 2065 perscriptionum
1677 2017 1718 2052 et
1745 2013 1961 2052 liturarum

213 2072 449 2113 adversaria
471 2073 658 2126 proferro.
682 2087 766 2113 non
788 2075 967 2114 amentia
990 2077 1081 2114 cst?
1114 2073 1151 2113 6.
1178 2074 1300 2122 Quod
1324 2074 1356 2113 si
1381 2075 1552 2113 candem
1575 2075 1672 2121 vim,
1704 2075 1960 2126 diligentiam

163 2140 198 2169 30
214 2135 588 2189 auctoritatemque
626 2136 781 2176 habent
820 2137 1057 2176 adversaria
1089 2150 1212 2189 quam
1243 2136 1429 2183 tabulae,
1468 2136 1567 2189 quid
1599 2137 1746 2175 attinet
1775 2137 1961 2176 codicem

213 2196 451 2244 instituere,
484 2198 767 2245 conscribere,
791 2199 979 2237 ordinem
1003 2211 1270 2244 conservare,
1303 2198 1527 2237 memoriae
1550 2198 1710 2237 tradere
1731 2198 1959 2237 litterarum

213 2261 493 2299 vetustatem?
554 2260 635 2299 Sed
666 2260 722 2307 si,
764 2261 877 2313 quod
909 2260 1156 2300 adversariis
1187 2259 1289 2298 nihil
1321 2260 1547 2306 credimus,
1588 2259 1742 2298 idcirco
1774 2259 1960 2299 codicem

218 2340 299 2347 μ...-

299 2388 329 2420 4.
355 2388 418 2419 illis
437 2389 469 2419 F.
491 2406 525 2410 —-
551 2388 583 2419 ⁶2.
602 2391 636 2419 αι
657 2389 752 2419 liuius
768 2390 894 2421 omissa
911 2389 1166 2430 praepositione
1184 2387 1244 2427 αρ’
1258 2389 1278 2419 F
1292 2389 1315 2419 G
1332 2388 1362 2419 M
1386 2389 1419 2419 et
1435 2389 1473 2419 A.
1500 2388 1705 2419 Enicndavit
1721 2388 1755 2419 P.
1775 2388 1956 2419 Manutius.

218 2455 250 2459 -
279 2446 379 2476 quam
398 2438 502 2478 huius]
525 2447 624 2477 quam
646 2439 738 2469 huius
749 2438 866 2469 tabulis
889 2440 923 2469 L.
946 2457 980 2460 —
1007 2438 1191 2469 credet-esur
1213 2437 1376 2476 scripsisse
1391 2435 1451 2475 αβ
1467 2438 1486 2468 F
1502 2441 1524 2468 (j
1541 2439 1569 2468 M
1596 2440 1634 2476 A,
1653 2436 1860 2468 erederelur?
1882 2437 1961 2468 scri-

208 2488 322 2527 psisset
338 2487 469 2519 Aldina.
497 2487 700 2519 Emendavit
717 2488 897 2519 Manutius.
919 2487 967 2519 Cf.
983 2496 1055 2518 var.
1074 2486 1151 2518 lect.
1170 2496 1202 2527 p.
1218 2488 1269 2518 75.
1289 2496 1320 2517 V.
1336 2488 1367 2518 ἱ).
1397 2503 1431 2508 -
1452 2486 1482 2518 3.
1507 2487 1544 2526 si]
1569 2496 1600 2518 se
1623 2497 1658 2518 α.
1681 2504 1714 2508 —
1741 2487 1845 2518 iussus
1861 2488 1898 2519 A.
1921 2504 1956 2511 --

211 2538 332 2569 tulisset
348 2555 366 2561 -
378 2555 395 2560 -
411 2546 587 2578 erpensum
604 2547 672 2569 om.
693 2540 728 2569 G.
752 2555 786 2560 —
805 2538 835 2570 4.
855 2539 921 2577 hie,
950 2538 1035 2577 qnod
1050 2555 1067 2560 —
1083 2555 1100 2560 -
1115 2538 1196 2578 ferri
1219 2537 1356 2567 iussisset.
1373 2545 1441 2567 om.
1460 2535 1486 2574 β
1498 2538 1528 2568 M
1554 2539 1586 2568 et
1599 2538 1637 2568 A.
1660 2554 1694 2558 —
1719 2537 1806 2577 serre
1819 2538 1961 2570 iussisset

212 2588 245 2618 in
269 2587 368 2619 litura
392 2598 433 2625 α,
458 2588 545 2629 ferre
566 2588 702 2619 uixisset
718 2589 754 2618 G.
777 2606 810 2610 —
838 2588 867 2619 9.
891 2588 1035 2628 proferet
1058 2588 1093 2618 L.
1114 2605 1148 2609 —
1176 2588 1226 2618 110.
1245 2587 1347 2626 illum]
1371 2587 1445 2617 illas
1467 2588 1619 2618 Muretus
1643 2588 1677 2618 et
1701 2587 1811 2619 Ursini
1835 2587 1956 2619 codex.

212 2637 261 2669 Cf.
288 2637 318 2678 ἓ.
338 2637 388 2670 Μ.
409 2639 459 2669 45.
490 2655 521 2661 --
560 2638 612 2669 42.
636 2638 779 2669 Roscius.
804 2638 916 2677 Profer
939 2646 1006 2668 om.
1028 2647 1062 2668 α.
1082 2655 1116 2659 —
1146 2637 1193 2669 13.
1216 2636 1317 2676 paulo
1340 2639 1415 2667 ante
1431 2637 1476 2667 M.
1496 2637 1682 2676 Perpennae
1696 2638 1729 2668 P.
1748 2637 1875 2668 Saturii
1891 2637 1957 2669 tab.

209 2685 236 2726 β
247 2696 253 2717 :
276 2688 379 2728 paulo
403 2691 478 2720 ante
492 2689 538 2720 M.
553 2689 716 2727 Pet-penne
731 2688 764 2719 P.
784 2688 910 2718 salarii
927 2687 991 2718 lab.
1010 2697 1045 2726 α,
1068 2687 1170 2726 paulo
1193 2690 1267 2718 ante
1282 2687 1326 2718 M.
1346 2686 1508 2725 Per-penne
1525 2687 1557 2717 P.
1577 2688 1705 2718 Staluri
1721 2687 1785 2719 tab.
1806 2689 1843 2726 G,
1858 2687 1959 2727 paulo

210 2740 285 2768 ante
307 2739 353 2769 M.
374 2741 551 2777 perpennet
569 2747 604 2777 p.
629 2737 736 2768 saturi
758 2736 822 2767 tab.
842 2739 889 2775 Μ,
917 2737 1019 2776 paulo
1042 2740 1117 2768 ante
1138 2737 1184 2768 M.
1203 2738 1387 2776 Perpennae
1409 2737 1442 2767 P.
1468 2736 1583 2767 Saturi.
1606 2736 1671 2767 lab.
1690 2738 1735 2776 A,
1755 2738 1858 2777 paulo
1881 2741 1956 2770 ante

211 2788 257 2819 M.
283 2788 450 2827 Perpenna
472 2788 504 2818 P.
531 2787 645 2818 Saturi
673 2786 801 2817 tabulas
822 2785 943 2818 Aldina
979 2789 1012 2819 ct
1035 2788 1280 2827 Cratandrina,
1310 2787 1410 2827 paulo
1434 2791 1509 2818 anle
1532 2797 1554 2818 a
1575 2789 1620 2819 M.
1646 2789 1813 2826 Perpenna
1834 2787 1867 2818 P.
1895 2787 1959 2818 Sa-

211 2838 277 2869 turi
301 2837 428 2868 tabulas
452 2845 531 2868 cum
556 2837 726 2876 Naugerio
751 2835 789 2875 ἓ,
816 2837 918 2876 paulo
938 2841 1029 2876 ante,
1063 2838 1096 2870 C.
1124 2839 1212 2876 Piso,
1236 2839 1281 2870 M.
1310 2838 1491 2877 Perperna,
1523 2839 1557 2870 P.
1583 2838 1754 2869 Saturium
1776 2837 1960 2877 argentarii

211 2887 338 2918 tabulas
362 2888 404 2926 L,
436 2887 537 2918 Panlo
567 2889 642 2917 ante
672 2887 717 2917 M.
743 2887 926 2925 Perpernae
956 2888 989 2919 P.
1016 2888 1143 2919 Satin-ii
1167 2888 1292 2920 tabulas
1315 2888 1358 2925 Ο,
1390 2888 1423 2918 P.
1449 2891 1537 2925 ante,
1563 2889 1608 2919 M.
1626 2888 1809 2925 Perperna,
1833 2887 1867 2917 P.
1893 2885 1959 2917 Sa-

211 2938 290 2968 turii
313 2937 440 2969 tabulas
455 2936 560 2968 Klotz.
580 2936 635 2968 ed.
657 2935 712 2967 alt.
739 2937 789 2967 De
814 2937 983 2977 scriptura
1006 2938 1174 2976 Perpenna
1197 2937 1239 2969 cf.
1265 2938 1370 2968 Iuscr.
1390 2935 1490 2967 Orcll.
1509 2936 1582 2967 509.
1611 2934 1736 2967 Ritsclil
1760 2936 1797 2966 de
1814 2935 1958 2966 miliario

210 2987 389 3026 Popilliano
412 2995 445 3027 p.
471 2987 523 3017 28.
553 3005 587 3008 —
613 2986 664 3017 115.
691 2986 782 3016 chere
806 2984 927 3024 αβΜ,
953 2986 1084 3018 chereae
1100 2988 1138 3018 A.
1165 2987 1366 3019 Vocativum
1383 2986 1529 3018 restituit
1546 2986 1726 3017 Manutius.
1748 3003 1782 3007 —
1809 2984 1862 3020 46.
1884 2994 1959 3016 con-

210 3036 284 3077 fecit
306 3038 380 3066 asi.
403 3053 437 3058 —
465 3036 515 3067 47.
544 3036 599 3066 «L.
626 3036 659 3066 in
682 3036 840 3067 codicem»
860 3044 927 3076 mg.
947 3035 980 3069 Β.
1003 3054 1038 3058 -
1064 3037 1166 3067 omnis
1181 3038 1219 3068 A.
1242 3054 1275 3059 -
1303 3036 1352 3067 48.
1376 3037 1489 3066 ccclm
1504 3035 1634 3076 ubique
1651 3037 1710 3066 αθ
1727 3035 1808 3074 MA,
1834 3035 1959 3067 cch111

214 3086 389 3127 (deinceps
413 3084 540 3125 ccclm)
563 3083 600 3123 β.
629 3102 664 3107 ——
699 3088 783 3115 sunt.
811 3085 985 3126 Quomodo]
1019 3089 1094 3125 quot
1116 3086 1369 3125 sune-quomodo
1393 3095 1428 3116 α,
1458 3103 1491 3107 —-
1518 3086 1570 3116 20.
1597 3094 1660 3116 esse
1684 3093 1752 3116 om.
1779 3095 1814 3115 α.
1843 3102 1876 3105 —
1901 3084 1953 3116 22.

212 3134 419 3174 iuratusass
444 3136 563 3167 GMA.
589 3134 766 3174 (iniuratus
790 3135 857 3166 iam
882 3134 1026 3174 Aldina.)
1055 3153 1090 3157 —-
1117 3136 1212 3166 «fort.
1239 3135 1334 3166 nolit»
1361 3143 1428 3173 mg.
1455 3134 1488 3167 8.
1526 3134 1575 3165 (js.
1602 3133 1735 3173 Madvig
1759 3133 1801 3164 ad
1820 3133 1889 3165 Cio.
1913 3132 1956 3163 de

215 3186 307 3216 Fiuu.
334 3194 366 3225 p.
393 3184 455 3216 249
480 3193 532 3225 sq.
561 3203 596 3206 -
633 3184 684 3216 ⁴2¹1„
715 3184 773 3225 eil]
807 3189 864 3215 eni
894 3183 974 3222 βΜ,
1004 3203 1037 3206 κ
1076 3185 1235 3225 indagare
1262 3186 1300 3215 A.
1338 3183 1520 3224 (indignari
1554 3185 1657 3215 etiam
1689 3182 1892 3221 afir‘GM.)
1920 3198 1954 3203 —-

214 3235 265 3265 ⁶25.
292 3234 431 3265 codicem
448 3235 487 3266 L:
524 3234 630 3265 codiee
654 3242 733 3264 cum
758 3233 853 3264 libris
877 3232 987 3267 ΑΒΘ.
1022 3234 1071 3266 (tf.
1098 3235 1128 3274 g.
1155 3236 1184 3265 9.
1214 3252 1247 3255 —
1273 3234 1324 3265 ⁶27.
1351 3234 1404 3264 sed
1427 3234 1625 3265 adversariis
1649 3234 1730 3272 GA,
1762 3234 1816 3264 sed
1839 3233 1958 3263 adver-

212 3285 297 3315 sarii
320 3284 381 3322 αρ’
394 3285 435 3316 M.
474 3283 677 3316 Emendavit
706 3284 902 3315 Lambinus.
925 3302 960 3306 -
986 3284 1038 3316 ⁶28.
1065 3285 1261 3325 arrogantia
1284 3286 1327 3315 est
1350 3290 1418 3322 lug.
1436 3282 1469 3316 δέ.
1492 3300 1525 3304 ᾖ
1552 3283 1605 3315 ⁶29.
1631 3283 1790 3315 amentiae
1812 3285 1857 3315 est
1878 3280 1959 3314 Klo-

215 3335 301 3368 tzius
326 3334 380 3367 ed.
400 3333 456 3368 alt.
478 3353 513 3358 —
539 3335 590 3367 31.
617 3334 762 3366 ordinem
784 3342 916 3367 servare
939 3333 981 3365 M.
