2175 3718
253 206 335 249 ⁶202
746 210 800 249 IN
830 210 1048 249 VERREM
1076 208 1237 250 ACTIO
1271 210 1510 252 SECUNDA

254 320 404 360 falles?
436 323 475 358 et
505 320 642 359 trades
673 320 739 360 cui
771 321 917 360 voles?
950 325 987 359 et
1020 320 1071 366 ei,
1103 334 1227 372 quem
1258 321 1472 368 fefelleris,
1504 334 1555 360 ne
1586 322 1803 375 pecuniam
1835 325 2005 377 quidem

266 381 443 420 reddes?
502 379 568 420 79.
601 382 734 430 Quem
766 382 867 421 mihi
900 389 940 421 tu
972 382 1173 428 Bulbum,
1206 396 1329 435 quem
1363 384 1604 424 Staienum?
1665 383 1785 431 Quod
1816 398 2012 439 umquam

266 443 554 483 huiuscemodi
586 450 814 484 monstrum
846 450 913 482 aut
945 443 1182 495 prodigium
1213 445 1446 484 audivimus
1479 451 1549 484 aut
1577 446 1778 493 vidimus,
1819 448 1889 500 qui
1922 461 2014 488 cum

266 518 337 544 reo
369 506 581 558 transigat,
613 512 706 559 post
737 520 829 545 cum
860 511 1098 544 accusatore
1129 505 1324 545 decidat?
1356 507 1551 547 honestos
1583 507 1785 554 homines,
1817 509 1889 561 qui
1921 522 2016 549 cau-

236 576 353 606 5sam
383 567 537 615 norint,
568 568 733 620 ableget
763 581 786 606 a
817 567 1078 620 consilioque
1110 567 1315 607 dimittat?
1354 569 1442 621 ipse
1474 570 1586 609 solus
1618 583 1734 608 reum
1766 570 2015 619 absolutum,

266 643 290 669 a
321 642 403 682 quo
434 630 652 681 pecuniam
683 629 900 681 acceperit,
938 629 1183 668 condemnet
1215 630 1520 684 pecuniamque
1551 644 1633 670 non
1664 631 1837 671 reddat?
1896 633 2017 672 Hunc

265 691 474 732 hominem
496 691 537 730 in
559 692 743 731 iudicum
766 704 937 729 numero
958 690 1228 730 habebimus?
1259 691 1325 730 hic
1347 693 1517 732 alteram
1541 694 1749 733 decuriam
1771 695 2018 734 senatoriam

266 753 393 794 iudex
424 753 655 792 obtinebit?
698 752 764 791 hic
803 753 853 791 de
891 752 1024 804 capite
1064 752 1193 792 libero
1225 753 1453 793 iudicabit?
1498 754 1595 793 huic
1627 755 1834 794 iudicialis
1865 755 2019 796 tabella

267 815 570 855 committetur?
602 828 725 868 quam
757 815 834 853 iste
865 827 947 853 non
979 814 1100 854 modo
1132 828 1239 861 cera,
1270 828 1414 854 verum
1437 816 1559 855 etiam
1582 817 1797 869 sanguine,
1829 817 1863 856 si
1884 818 2017 858 visum

217 878 362 924 aoerit,
395 878 564 917 notabit.
623 877 817 916 XXXIII.
849 874 915 914 80.
959 875 1069 924 Quid
1111 877 1221 915 enim
1261 876 1409 916 horum
1448 890 1491 916 se
1523 884 1645 930 negat
1674 878 1852 918 fecisse?
1911 878 2017 918 Illud

266 939 460 979 videlicet
478 952 621 985 unuin,
653 938 764 991 quod
788 950 957 978 necesse
981 943 1055 985 est,
1085 938 1305 991 pecuniam
1327 939 1548 992 accepisse.
1592 940 1747 987 Quidni
1769 941 1846 980 iste
1868 942 2018 993 neget?

265 1004 318 1042 At
349 1014 477 1055 eques
508 1002 737 1047 Romanus,
779 1001 850 1053 qui
883 1000 1102 1054 Sopatrum
1139 1000 1345 1047 defendit,
1387 1001 1457 1054 qui
1491 1002 1681 1041 omnibus
1713 1003 1802 1042 eius
1834 1003 2018 1042 consiliis

267 1064 474 1117 rebusque
505 1062 713 1109 interfuit,
755 1062 804 1110 Q.
835 1062 1055 1109 Minucius,
1087 1062 1244 1101 iuratus
1277 1062 1377 1101 dicit
1407 1063 1627 1114 pecuniam
1659 1063 1816 1104 datam:
1862 1065 2019 1104 iuratus

267 1126 367 1165 dicit
410 1125 714 1165 Timarchidem
762 1124 917 1163 dixisse
964 1124 1160 1163 maiorem
1202 1124 1252 1162 ab
1301 1125 1608 1163 accusatoribus
1654 1126 1873 1178 pecuniam
1917 1125 2018 1165 dari.

217 1195 252 1225 45
266 1187 414 1227 Dicent
443 1187 522 1227 hoc
554 1187 670 1226 multi
698 1186 849 1226 Siculi:
883 1186 1021 1225 dicent
1052 1199 1195 1225 onmes
1218 1186 1512 1239 Halicyenses:
1545 1187 1648 1226 dicet
1681 1187 1802 1227 etiam
1832 1194 2020 1242 praetex-

266 1255 372 1290 tatus
396 1250 558 1304 Sopatri
587 1250 713 1296 filius,
747 1249 817 1302 qui
850 1249 900 1288 ab
932 1249 1010 1288 isto
1041 1248 1208 1287 homine
1234 1248 1520 1287 crudelissimo
1541 1255 1654 1301 patre
1677 1249 2019 1289 innocentissimo

266 1313 527 1366 pecuniaque
559 1312 691 1366 patria
720 1313 907 1364 privatus
939 1315 1013 1350 est.
1045 1307 1110 1349 81.
1143 1312 1296 1349 Verum
1329 1311 1362 1350 si
1385 1311 1434 1350 de
1456 1311 1633 1364 pecunia
1656 1311 1828 1351 testibus
1852 1312 2020 1365 planum

266 1375 401 1416 facere
432 1389 516 1415 non
546 1387 736 1428 possem,
778 1374 882 1413 illud
922 1386 1073 1425 negare
1114 1386 1258 1425 posses
1300 1378 1371 1412 aut
1408 1386 1517 1411 nunc
1558 1373 1742 1425 negabis,
1774 1379 1813 1413 te
1843 1373 2020 1413 consilio

266 1443 339 1477 tuo
374 1437 558 1484 dimisso,
591 1436 690 1476 viris
721 1435 946 1489 primariis,
979 1436 1050 1488 qui
1082 1435 1124 1475 in
1156 1435 1333 1475 consilio
1357 1436 1398 1475 C.
1422 1435 1635 1475 Sacerdoti
1666 1435 1831 1475 fuerant
1862 1437 2020 1489 tibique

216 1508 253 1538 20
267 1514 357 1541 esse
389 1499 600 1545 solebant,
631 1499 801 1538 remotis
834 1498 884 1537 de
916 1512 959 1537 re
991 1498 1176 1537 iudicata
1207 1498 1485 1537 iudicavisse?
1518 1503 1641 1550 teque
1672 1511 1788 1545 eum,
1821 1512 1945 1552 quem
1978 1498 2019 1538 C.

268 1563 471 1603 Sacerdos
502 1561 690 1601 adhibito
723 1561 922 1608 consilio,
964 1573 1088 1599 causa
1121 1560 1307 1612 cognita,
1339 1560 1607 1607 absolvisset,
1651 1560 1830 1600 eundem
1860 1566 2019 1600 remoto

267 1625 468 1672 consilio,
500 1636 626 1663 causa
655 1623 881 1675 incognita,
913 1622 1244 1662 condemnasse?
1276 1636 1367 1661 cum
1398 1622 1501 1661 haee
1533 1622 1748 1662 confessus
1780 1623 1880 1669 eris,
1913 1636 2021 1675 quae

267 1687 309 1727 in
341 1687 431 1727 foro
463 1687 600 1739 palam
634 1686 871 1739 Syracusis,
915 1685 958 1724 in
990 1698 1061 1724 ore
1092 1690 1218 1738 atque
1251 1685 1292 1724 in
1325 1685 1457 1724 oculis
1489 1685 1729 1737 provinciae
1760 1690 1875 1737 gesta
1905 1690 2020 1732 sunt,

267 1755 416 1803 negato
448 1755 534 1790 tum
567 1761 678 1796 sane,
711 1748 746 1787 si
768 1748 896 1794 voles,
929 1747 1149 1800 pecuniam
1172 1746 1407 1799 accepisse:
1438 1747 1636 1799 reperies,
1669 1746 1807 1793 credo,
1838 1746 2021 1800 aliquem

217 1818 253 1848 25
267 1812 363 1866 qui,
396 1826 490 1852 cum
520 1812 623 1851 haec
655 1824 761 1864 quae
792 1810 929 1863 palam
959 1814 1074 1862 gesta
1105 1813 1201 1848 sunt
1230 1809 1394 1856 videat,
1428 1814 1621 1862 quaerat,
1654 1809 1753 1862 quid
1786 1814 1830 1847 tu
1862 1800 2022 1848 occulte

267 1874 424 1926 egeris,
456 1879 527 1914 aut
558 1874 629 1927 qui
662 1873 844 1920 dubitet,
877 1877 1015 1912 utrum
1046 1872 1162 1912 malit
1192 1871 1295 1911 meis
1327 1871 1501 1911 testibus
1532 1884 1585 1911 an
1615 1871 1697 1911 tuis
1729 1870 2020 1910 defensoribus

267 1937 450 1976 credere.

377 1997 444 2039 82.
476 1999 573 2039 Dixi
604 1999 686 2039 iam
717 2002 812 2038 ante
844 2010 908 2037 me
940 2010 1025 2037 non
1056 1997 1196 2036 omnia
1226 1996 1360 2044 istius,
1393 2010 1501 2050 quae
1533 1997 1575 2035 in
1596 1996 1677 2035 hoc
1698 2009 1848 2049 genere
1871 2001 2021 2044 essent,

267 2068 626 2110 enumeraturum,
666 2062 739 2101 sed
771 2061 1000 2100 electurum
1033 2073 1099 2107 ea,
1141 2072 1247 2112 quae
1290 2059 1470 2098 maxime
1501 2059 1766 2098 excellerent.
1829 2059 2020 2099 XXXIV.

216 2125 452 2177 30Accipite
493 2138 604 2164 nunc
643 2123 756 2163 aliud
798 2123 885 2163 eius
926 2122 1087 2162 facinus
1127 2122 1268 2161 nobile
1311 2127 1351 2160 et
1380 2121 1520 2161 multis
1551 2122 1654 2160 locis
1686 2134 1810 2174 saepe
1841 2134 2022 2160 comme-

267 2192 470 2227 moratum
503 2192 544 2226 et
564 2186 783 2233 eiusmodi,
816 2190 862 2224 ut
883 2185 924 2223 in
948 2198 1033 2224 uno
1057 2185 1195 2223 omnia
1217 2181 1420 2223 maleficia
1442 2184 1577 2223 inesse
1601 2183 1834 2222 videantur.
1879 2185 2022 2223 Atten-

268 2249 353 2289 dite
384 2249 626 2302 diligentem
664 2248 887 2287 invenietis
919 2247 1028 2286 enim
1060 2247 1102 2285 id
1143 2246 1305 2285 facinus
1336 2251 1477 2285 natum
1508 2259 1531 2284 a
1563 2245 1814 2298 cupiditate,
1854 2251 2021 2285 auctum

268 2323 342 2363 per
371 2316 582 2364 stuprum,
614 2310 856 2350 crudelitate
888 2309 1118 2362 perfectum
1149 2314 1274 2361 atque
1307 2308 1560 2347 conclusum.
1620 2306 1686 2346 83.
1719 2308 1914 2347 Sthenius
1946 2314 2020 2355 est,

268 2373 304 2412 is
336 2373 407 2426 qui
438 2373 558 2412 nobis
589 2373 756 2420 assidet,
789 2372 1101 2418 Thermitaan
1133 2377 1256 2410 antea
1287 2370 1427 2409 multis
1458 2375 1628 2422 propter
1659 2384 1862 2409 summam
1892 2369 2021 2409 virtu-

219 2438 256 2468 35
268 2440 350 2474 tem
381 2449 668 2488 summamque
692 2434 967 2481 nobilitatem,
998 2448 1108 2473 nunc
1130 2439 1297 2487 propter
1319 2445 1435 2472 suam
1457 2432 1732 2471 calamitatem
1756 2437 1879 2485 atque
1901 2431 2019 2472 istius

347 2585 378 2615 ⁶2.
405 2584 518 2615 reddes
540 2582 629 2623 ngr-52
646 2581 703 2613 al:
729 2583 836 2613 reddis
860 2581 981 2622 pleriq.
1002 2581 1103 2613 codd.
1133 2598 1167 2603 -—
1193 2581 1270 2611 mihi
1290 2579 1444 2611 Tubulum
1470 2578 1557 2617 [5422
1574 2588 1606 2619 p.
1628 2588 1674 2610 m.
1695 2580 1737 2610 M.
1764 2580 1805 2610 At
1822 2579 1863 2610 cs.
1883 2588 1918 2620 p.
1939 2578 2021 2610 Clu-

269 2636 338 2667 ent.
357 2643 386 2665 c.
402 2634 497 2665 28.-
516 2633 732 2665 StaienumO:
753 2632 921 2663 Stalenum
937 2630 991 2662 vel
1008 2631 1180 2662 Scalenum
1199 2629 1342 2661 codd.-—
1359 2629 1389 2659 3.
1405 2629 1622 2659 huiuscemodi
1641 2627 1728 2667 Lg'iss
1747 2638 1780 2669 p.
1797 2638 1857 2660 1n.:
1878 2630 2017 2661 huiusm.

268 2687 327 2716 ctt.
347 2683 384 2714 O.
406 2701 439 2704 —
467 2685 497 2714 5.
517 2692 538 2714 α
561 2683 758 2721 consilioque
775 2681 863 2721 [ἔξω
882 2691 914 2722 p.
936 2691 981 2713 m.
1009 2681 1030 2712 F
1047 2682 1095 2712 M:
1120 2681 1316 2719 consilioque
1333 2680 1406 2715 ctt.;
1433 2678 1665 2717 consiliumque
1689 2679 1777 2710 coni.
1799 2680 1833 2710 L.
1856 2697 1890 2702 —
1918 2680 1948 2710 6.
1963 2689 2021 2719 pe-

267 2734 400 2764 cuniam
422 2742 487 2763 non
509 2734 623 2764 reddat
647 2731 736 2772 11ςὶιὲ
750 2731 802 2763 48.
821 2749 856 2754 ——
874 2732 905 2762 7.
926 2732 955 2761 in
982 2731 1048 2761 ind.
1067 2740 1155 2761 num.
1176 2729 1262 2769 Lglissz
1282 2738 1314 2770 p.
1335 2737 1380 2759 m.
1400 2737 1449 2766 cp:
1476 2728 1507 2758 in
1526 2737 1614 2758 num.
1641 2729 1707 2759 iud.
1727 2730 1772 2765 Νς
1799 2729 1864 2759 iud.
1885 2738 2020 2761 numero

268 2784 328 2814 ctt.
348 2783 384 2813 Ο.
412 2781 516 2813 «111υεί
541 2782 678 2813 videtur
702 2782 835 2813 verius:
861 2779 997 2821 vulgata
1017 2781 1109 2812 enim
1127 2780 1312 2819 significat:
1339 2778 1431 2809 hunc
1450 2777 1593 2815 (verum)
1614 2777 1763 2808 iudicem
1781 2777 2018 2817 censebimus,

269 2833 464 2864 ducemus?
489 2841 568 2863 cum
594 2832 706 2872 potius
724 2832 939 2871 requiratur:
967 2831 1060 2862 hunc
1076 2829 1356 2870 quandocunque
1375 2828 1463 2858 inter
1482 2826 1612 2857 iudwcs
1631 2827 1758 2858 sedere
1776 2827 2018 2860 videbimus‘i»

269 2884 325 2913 On.
349 2900 382 2905 —
409 2881 439 2912 9.
465 2881 492 2912 si
514 2883 601 2912 visus
624 2882 685 2912 eric
701 2880 789 2920 Lg4-2
814 2889 846 2921 p.
867 2889 912 2911 ni.
933 2882 976 2912 M.
1014 2880 1095 2911 lude
1121 2880 1210 2911 coni.
1231 2876 1398 2909 Guiliciin.
1418 2877 1443 2907 si
1467 2885 1543 2907 ¹usus
1567 2877 1639 2907 erit.
1661 2895 1695 2899 —
1724 2878 1774 2908 15.
1793 2877 1887 2908 mulli
1903 2878 1967 2908 Sic.
1987 2876 2018 2915 4,

269 2942 315 2972 φῑ
341 2932 395 2963 Sic
411 2939 519 2962 omnes
535 2930 598 2961 dit.
617 2931 653 2961 O.
677 2949 710 2952 —
737 2938 846 2961 omnes
862 2938 930 2961 om.
951 2930 1039 2970 ng
1058 2932 1080 2961 A
1102 2930 1180 2960 B.—
1209 2929 1259 2960 Ἰ17.
1283 2928 1485 2966 pecuniaque
1509 2930 1643 2965 acceptas
1662 2929 1734 2966 pat.
1756 2925 1843 2966 Lg42
1861 2935 1893 2967 p.
1913 2935 1959 2957 m.
1984 2945 2018 2949 —

268 2984 319 3014 49.
339 2982 373 3013 C.
392 2981 562 3012 Sacerdoti
586 2979 673 3019 [329
691 2979 729 3010 42
745 2982 771 3011 Λ
789 2980 812 3010 B
831 2980 857 3010 N
875 2988 920 3018 cp:
948 2980 982 3011 C.
1002 2979 1186 3010 Sacerdotis
1203 2977 1265 3008 dtt.
1283 2994 1318 2999 —
1338 2977 1390 3007 20.
1410 2976 1602 3006 iudicavisse
1618 2975 1655 3007 sk:
1682 2976 1841 3006 iudicasse
1858 2977 1915 3006 ctt.
1936 2976 2014 3006 0.—

270 3033 304 3063 C.
324 3041 392 3063 om.
413 3030 501 3071 Lgla
518 3039 552 3070 p.
573 3038 617 3060 ni.
634 3047 668 3051 -—
688 3030 739 3060 23.
767 3030 800 3060 in
824 3030 924 3061 oculis
941 3029 1027 3069 Lglfl
1046 3028 1166 3068 vulgo:
1194 3029 1226 3058 in
1250 3035 1318 3058 om.
1346 3025 1466 3067 pleriq.
1488 3025 1588 3056 codd.
1608 3043 1642 3046 >—
1668 3024 1720 3056 24⁴.
1740 3028 1808 3055 tum
1824 3023 1855 3060 4,
1875 3025 1922 3055 M:
1949 3033 2017 3055 om.

270 3081 331 3112 dtt.
351 3081 388 3112 O.
411 3098 445 3102 —-
472 3083 501 3111 le
520 3088 636 3119 pec-un.
664 3079 752 3117 Lgffss
770 3080 830 3110 BL
858 3080 977 3119 (marg.
1006 3077 1111 3112 15841.
1134 3094 1167 3099 -
1196 3078 1247 3108 28.
1274 3079 1348 3107 ante
1372 3074 1477 3114 Lg-issz
1512 3078 1611 3105 antea
1636 3077 1693 3106 ctt.
1721 3075 1757 3105 O.
1784 3073 1826 3105 cf.
1854 3073 1951 3105 Halm
1976 3073 2019 3105 ad

270 3132 391 3170 Pomp.
418 3138 451 3170 p.
472 3129 545 3159 448.
572 3127 657 3159 infra
684 3129 735 3158 111.
764 3128 793 3167 g.
812 3128 866 3159 ⁶24..
895 3145 931 3150 —-
956 3127 1016 3167 me]
1043 3128 1173 3166 iudices,
1198 3135 1247 3157 mc
1272 3127 1294 3156 L
1311 3127 1336 3155 O
1361 3127 1477 3155 contra
1505 3124 1605 3155 codd.
1636 3142 1669 3145 —
1698 3124 1749 3154 29.
1776 3123 1972 3154 delectarum
1996 3124 2019 3153 L

271 3178 371 3219 prob.
398 3179 452 3209 Or.
478 3179 503 3210 I.
532 3195 566 3199 —
593 3178 645 3208 31.
672 3178 827 3208 attendite
850 3177 938 3217 1.ng
957 3179 981 3208 N
1000 3187 1046 3216 cp:
1082 3180 1140 3207 alt.
1167 3176 1251 3207 enim
1275 3176 1332 3205 ctt.
1362 3191 1395 3195 —
1423 3174 1474 3204 32.
1503 3174 1566 3204 inv.
1592 3174 1677 3204 enim
1701 3172 1789 3212 Lgl?
1814 3173 1902 3210 Ncp:
1936 3172 2020 3202 enim

272 3237 340 3259 om.
367 3229 425 3259 ctt.
455 3245 490 3250 —
518 3227 570 3259 34..
597 3228 684 3257 Cum
709 3227 741 3257 in
766 3227 854 3262 Lei-2
881 3236 912 3267 p.
939 3236 983 3257 m.
1011 3226 1144 3265 legatur
1165 3226 1213 3255 his
1237 3225 1310 3263 qui,
1345 3223 1462 3253 nescio
1495 3232 1536 3253 an
1563 3221 1801 3262 recipiendum
1832 3221 1892 3258 sit,
1926 3220 2019 3260 quod

273 3280 362 3309 extat
381 3287 436 3318 ap.
456 3279 554 3308 Arus.
574 3277 617 3308 M.
636 3285 669 3317 p.
686 3276 760 3307 0214.
779 3277 828 3307 hie
849 3277 904 3315 qui
921 3276 1050 3313 assidcl,
1071 3275 1277 3316 pracsertim
1296 3282 1376 3304 cuni
1393 3272 1471 3303 alibi
1490 3281 1628 3312 quoquc
1646 3272 1688 3303 de
1706 3269 1905 3303 hominibus
1922 3279 2020 3310 prae—

273 3327 429 3359 sentibus
454 3327 587 3358 dicatur
603 3327 635 3357 hi
659 3327 713 3365 qui
729 3327 858 3357 adsunt.
878 3326 920 3358 cf.
940 3327 964 3357 1.
984 3326 1014 3369 ξς.
1035 3326 1106 3356 103.
1125 3334 1160 3367 p.
1180 3326 1278 3357 Rosc.
1298 3325 1335 3355 Α.
1355 3324 1385 3365 5¹.
1402 3324 1431 3354 l.
1456 3338 1490 3344 -
1511 3323 1562 3354 35.
1581 3330 1742 3353 summam
1757 3321 1876 3352 calam.
1896 3320 1963 3360 Lgss
1980 3320 2015 3351 L.
