2127 3708
672 247 768 288 cxv.
798 246 1101 286 xvi—xva.
1140 243 1214 298 §§.
1244 243 1442 286 49-57.
1844 244 1925 286 115

180 367 404 414 utrumque
445 360 515 407 sit,
556 371 648 399 eum
682 357 939 410 superiorem
971 371 1085 404 esse;
1125 357 1166 396 in
1198 371 1281 409 quo
1312 356 1512 403 alterum,
1554 357 1595 395 in
1627 371 1675 398 eo
1708 372 1790 398 non
1823 359 1924 412 quid

182 423 216 462 is
246 423 364 469 velit,
395 421 467 462 sed
499 421 599 474 quid
630 419 765 458 facere
798 419 947 471 possit,
989 419 1132 472 quaeri
1165 419 1312 458 solere.
1372 416 1437 457 254.
1470 418 1593 466 Quod
1626 420 1660 458 si
1691 421 1727 458 ei
1760 421 1926 472 potissi-

182 498 291 523 mum
338 497 481 523 censes
520 481 698 534 permitti
738 487 930 532 oportere
961 480 1184 519 accusandi
1217 485 1483 532 potestatem,
1528 480 1595 519 cui
1630 481 1850 520 maximam
1884 482 1926 520 C.

183 547 331 585 Verres
362 544 553 585 iniuriam
584 542 750 582 fecerit:
784 549 919 582 utrum
952 542 1117 582 tandem
1151 555 1294 581 censes
1325 541 1402 580 hos
1433 541 1594 580 iudices
1626 542 1790 593 gravius
1821 543 1926 582 serre

184 613 398 659 oportere,
432 611 470 645 te
501 605 550 644 ab
582 604 654 643 illo
686 618 776 644 csse
808 605 988 651 laesum,
1029 618 1080 642 an
1112 603 1369 655 provinciam
1402 603 1585 642 Siciliam
1617 616 1707 642 esse
1737 610 1926 643 vexatam
1959 616 1977 643 5

183 682 230 707 ac
260 668 490 722 perditam?
535 666 717 718 Opinor,
750 666 954 705 concedes
985 665 1116 704 multo
1147 666 1226 704 hoc
1258 671 1299 704 et
1329 678 1419 704 esse
1450 665 1614 716 gravius
1646 670 1687 704 et
1715 665 1765 704 ab
1796 667 1928 704 omni-

183 730 259 769 bus
290 729 386 769 ferri
418 728 582 780 gravius
614 733 821 779 oportere.
871 727 1061 766 Concede
1083 727 1231 779 igitur,
1263 732 1309 766 ut
1340 727 1411 766 tibi
1443 731 1723 779 anteponatur
1743 727 1785 766 in
1807 740 1929 766 accu-

184 792 312 830 sando
344 789 581 843 provincia:
615 802 709 827 nam
741 790 957 841 provincia
987 794 1172 835 accusat,
1205 803 1297 828 cum
1327 789 1363 828 is
1384 789 1469 841 agit
1488 801 1673 836 causam,
1705 802 1828 842 quem
1851 789 1927 828 sibi

183 853 255 892 illa
291 852 551 891 defensorem
593 851 657 890 sui
699 851 820 898 iuris,
866 852 1044 891 ultorem
1082 850 1352 898 iniuriarum,
1395 856 1578 890 actorem
1618 864 1766 891 causae
1801 851 1929 890 totius

183 913 408 965 adoptavit.
468 913 596 951 XVII.
635 911 700 951 ›5.
732 915 784 952 At
814 926 902 952 eam
935 912 1009 953 tibi
1043 912 1085 951 C.
1115 913 1264 951 Verres
1295 913 1394 952 fecit
1424 912 1641 960 iniuriam,
1683 926 1790 966 quae
1823 918 1979 953 cete-40

183 988 322 1014 rorum
362 987 531 1027 quoque
571 975 732 1014 animos
771 980 912 1027 posset
949 975 1086 1014 alieno
1117 974 1384 1013 incommodo
1416 987 1690 1014 commovere.
1746 974 1928 1014 Minime.

182 1038 286 1076 Nam
315 1037 357 1075 id
389 1050 560 1090 quoque
591 1037 642 1076 ad
674 1051 759 1076 rem
790 1037 998 1089 pertinere
1029 1036 1230 1083 arbitror,
1262 1036 1397 1089 qualis
1428 1036 1580 1075 iniuria
1610 1036 1790 1083 dicatur,
1823 1050 1929 1090 quae

184 1110 309 1138 causa
338 1098 648 1138 inimicitiarum
679 1099 928 1151 proseratur.
989 1099 1234 1151 Cognoscite
1267 1111 1318 1136 ex
1348 1111 1439 1137 me:
1481 1110 1575 1137 nam
1604 1098 1682 1138 iste
1714 1112 1803 1138 eam
1834 1112 1930 1151 pro-

184 1159 314 1206 fecto,
359 1160 439 1200 nisi
478 1160 600 1212 plane
634 1161 736 1199 nihil
768 1161 897 1213 sapit,
936 1173 1162 1213 numquam
1194 1159 1389 1212 proferet.
1447 1159 1603 1211 Agonis
1634 1160 1836 1213 quaedam
1868 1164 1932 1199 est

184 1221 475 1274 Lilybaetana,
506 1222 651 1262 liberta
675 1223 845 1262 Veneris
866 1223 1067 1276 Erycinae
1081 1252 1090 1268 ‚
1122 1234 1229 1275 quae
1251 1221 1400 1260 mulier
1419 1227 1513 1261 ante
1534 1222 1645 1261 hunc
1666 1227 1930 1275 quaestorem
1945 1234 1980 1262 15

185 1283 357 1335 copiosa
386 1283 508 1335 plane
539 1289 580 1323 et
609 1284 797 1337 locuples
826 1283 917 1323 fuit.
967 1285 1028 1323 Ab
1059 1284 1135 1323 hac
1166 1283 1399 1336 praefectus
1420 1284 1590 1323 Antonii
1623 1284 1792 1337 quidam
1823 1298 1932 1337 sym-

185 1345 414 1397 phoniacos
444 1359 585 1385 servos
616 1346 847 1385 abducebat
875 1359 950 1398 per
978 1345 1193 1393 iniuriam,
1234 1345 1385 1399 quibus
1426 1359 1468 1385 se
1500 1345 1543 1384 in
1574 1345 1704 1385 classe
1735 1346 1795 1385 uti
1824 1346 1931 1386 velle

185 1406 360 1446 dicebat.
419 1409 524 1447 Tum
555 1408 646 1455 illa,
677 1413 723 1447 ut
751 1421 840 1447 mos
871 1407 913 1445 in
937 1406 1078 1446 Sicilia
1109 1413 1171 1446 est
1197 1407 1384 1447 omnium
1405 1407 1679 1447 Veneriorum
1710 1413 1751 1448 et
1775 1421 1932 1457 eorum,

185 1468 258 1522 qui
295 1481 319 1508 a
349 1469 510 1508 Venere
549 1483 593 1509 se
624 1469 925 1516 liberaverunt,
967 1474 1012 1508 ut
1046 1468 1256 1521 praefecto
1288 1470 1349 1509 illi
1378 1469 1625 1522 religionem
1654 1471 1829 1511 Veneris
1858 1484 1934 1511 no—

184 1530 295 1570 mine
326 1531 544 1578 obiiceret,
586 1531 692 1570 dixit
723 1536 764 1571 et
790 1545 833 1570 se
865 1536 906 1570 et
935 1543 1009 1570 sua
1039 1531 1214 1571 Veneris
1246 1545 1348 1571 esse.
1408 1530 1474 1571 56.
1505 1532 1581 1571 Ubi
1611 1532 1691 1572 hoc
1721 1533 1932 1587 quaestori
1946 1544 1983 1574 ⁶20

186 1592 389 1640 Caecilio,
432 1593 521 1632 viro
554 1593 712 1645 optimo
744 1597 784 1632 et
814 1593 974 1632 homini
1005 1593 1282 1646 aequissimo,
1321 1594 1557 1634 nuntiatum
1588 1599 1672 1642 est,
1712 1595 1851 1635 vocari
1881 1596 1932 1635 ad

186 1667 230 1694 se
259 1654 492 1707 Agonidem
523 1655 660 1694 iubet:
691 1655 894 1694 iudicium
925 1656 996 1694 dat
1024 1656 1163 1695 statim
1197 1656 1255 1695 «si
1287 1662 1404 1708 paret
1425 1670 1515 1696 eam
1538 1670 1581 1697 se
1604 1662 1645 1697 et
1665 1671 1740 1698 sua
1759 1658 1933 1698 Veneris

186 1729 277 1756 esse
307 1716 504 1756 dixisse.»
553 1716 744 1756 Iudicant
763 1723 1077 1769 recuperatores
1099 1718 1139 1757 id
1154 1749 1164 1765 ‚
1196 1718 1310 1772 quod
1330 1732 1501 1759 necesse
1523 1725 1634 1759 erat:
1665 1732 1803 1773 neque
1825 1720 1934 1760 enim

187 1783 275 1818 erat
304 1778 502 1831 cuiquam
532 1778 724 1825 dubium,
757 1779 858 1831 quin
891 1779 962 1819 illa
992 1779 1180 1819 dixisset.
1225 1781 1308 1820 Iste
1328 1781 1371 1820 in
1396 1783 1707 1833 possessionem
1726 1782 1934 1822 bonorum

187 1840 374 1880 mulieris
404 1840 551 1887 intrat,
582 1841 716 1892 ipsam
736 1841 887 1880 Veneri
917 1841 961 1880 in
991 1841 1232 1881 servitutem
1263 1842 1495 1883 adiudicat:
1527 1844 1678 1883 deinde
1705 1845 1816 1884 bona
1836 1854 1984 1885 ven-25

189 1903 269 1950 dit,
298 1903 518 1955 pecuniam
548 1902 713 1955 redigit.
754 1903 834 1949 lta,
866 1902 965 1942 dum
994 1916 1129 1955 pauca
1158 1904 1366 1956 mancipia
1385 1905 1561 1945 Veneris
1591 1905 1760 1945 nomine
1777 1906 1934 1958 Agonis

188 1977 236 2004 ac
265 1964 467 2017 religione
496 1965 675 2004 retinere
705 1964 814 2010 vult,
845 1964 1033 2004 fortunas
1066 1978 1209 2004 omnes
1240 1965 1559 2020 libertatemque
1589 1981 1706 2008 suam
1729 1968 1851 2008 istius
1872 1968 1935 2008 in-

187 2026 296 2066 iuria
325 2025 521 2079 perdidit.
581 2026 824 2079 Lilybaeum
856 2027 1006 2065 Verres
1045 2027 1160 2066 venit
1188 2031 1355 2079 postea,
1392 2041 1479 2067 rem
1509 2031 1744 2081 cognoscit,
1780 2031 1935 2071 factum

188 2088 415 2141 improbat,
456 2088 567 2140 cogit
604 2093 869 2141 quaestorem
911 2101 1031 2127 suum
1062 2089 1304 2140 pecuniam,
1345 2103 1470 2143 quam
1499 2103 1552 2130 ex
1580 2092 1783 2144 Agonidis
1813 2093 1935 2133 bonis

187 2149 437 2203 redegisset,
469 2162 559 2189 eam
589 2150 753 2189 mulieri
785 2163 950 2189 omnem
980 2163 1254 2190 annumerare
1285 2156 1326 2191 et
1355 2151 1541 2192 reddere.
1590 2151 1656 2192 57.
1686 2155 1759 2194 Est
1787 2155 1985 2203 adhuc,3o

188 2212 230 2252 id
264 2212 381 2266 quod
411 2224 485 2252 vos
517 2224 661 2251 omnes
692 2211 887 2251 admirari
919 2211 1065 2259 video,
1100 2224 1185 2251 non
1215 2214 1384 2260 Verres,
1416 2215 1489 2254 sed
1520 2213 1569 2262 Q.
1599 2216 1774 2256 Mucius.
1825 2217 1936 2265 Quid

188 2274 301 2314 enim
329 2274 466 2314 facere
497 2274 635 2326 potuit
664 2273 894 2326 elegantius
925 2274 977 2312 ad
1007 2273 1224 2313 hominum
1255 2275 1636 2316 existimationem?
1679 2278 1854 2332 aequius
1885 2279 1937 2318 ad

187 2336 409 2377 levandam
444 2335 631 2375 mulieris
671 2335 977 2375 calamitatem?
1022 2335 1309 2376 vehementius
1353 2337 1405 2376 ad
1447 2338 1682 2391 quaestoris
1721 2340 1937 2379 libidinem

190 2398 494 2439 coercendam?
538 2397 705 2438 Summe
747 2398 850 2437 haec
897 2398 1037 2437 omnia
1073 2398 1175 2437 mihi
1212 2398 1407 2438 videntur
1443 2413 1534 2440 esse
1575 2400 1796 2441 laudanda.
1856 2401 1937 2441 Sed

189 2465 363 2513 repente
394 2474 417 2500 e
445 2459 624 2512 vestigio
656 2473 708 2500 ex
738 2459 907 2499 homine
938 2465 1149 2513 tamquam
1171 2460 1313 2513 aliquo
1336 2460 1505 2501 Circaeo
1536 2463 1690 2515 poculo
1719 2463 1853 2504 factus
1876 2469 1987 2504 est35

190 2522 363 2563 Verres:
392 2522 502 2563 redit
530 2522 581 2562 ad
612 2535 655 2562 se
685 2527 810 2576 atque
840 2522 892 2562 ad
922 2535 1058 2561 mores
1080 2534 1191 2562 suos.
1241 2524 1345 2563 Nam
1375 2536 1427 2563 ex
1447 2523 1519 2564 illa
1546 2525 1727 2577 pecunia
1747 2538 1938 2579 magnam

279 2658 310 2690 1.
335 2657 486 2699 alterum]
510 2658 652 2689 alterum
672 2661 784 2689 utrum
809 2658 855 2688 62
870 2657 1071 2698 LdDLg29.
1100 2675 1135 2680 —
1171 2657 1202 2689 4.
1227 2658 1284 2690 hos
1310 2658 1432 2690 iudices
1454 2659 1494 2690 61
1523 2658 1624 2700 prob.
1650 2659 1764 2692 Madv.
1788 2660 1832 2692 de
1855 2662 1935 2693 Asc.

190 2708 279 2749 App.
303 2715 339 2749 p.
365 2707 425 2740 37:
449 2716 508 2740 nos
529 2708 596 2739 iud.
622 2708 670 2746 D;
696 2717 755 2739 nos
777 2708 851 2739 inde
874 2707 920 2738 62
935 2707 1006 2744 Ld3
1035 2707 1093 2738 hoc
1115 2707 1236 2739 iudices
1259 2708 1295 2739 O.
1325 2725 1359 2730 —
1387 2708 1416 2740 6.
1442 2709 1587 2740 concedis
1610 2708 1671 2741 dtt.
1698 2710 1734 2741 O.
1763 2728 1798 2732 -—
1823 2714 1854 2742 et
1874 2719 1939 2743 esse

188 2758 327 2798 yravius
349 2757 438 2789 621)
452 2758 563 2798 [329ε
600 2758 738 2798 gravius
766 2761 796 2789 et
824 2765 889 2789 esse
917 2758 983 2794 St.;
1019 2765 1083 2788 esse
1103 2759 1241 2797 gravius
1263 2758 1362 2796 61ς;
1398 2759 1536 2799 gravius
1556 2767 1621 2790 esse
1643 2760 1722 2799 ng.
1748 2758 1871 2800 pleriq.
1899 2777 1935 2781 —

189 2805 243 2838 ⁴4.
269 2807 433 2845 quaedam
455 2810 500 2839 est
523 2808 563 2838 61
583 2808 602 2839 2
616 2808 704 2847 [329
719 2808 779 2839 St.:
805 2810 850 2839 est
872 2807 1034 2846 quaedam
1048 2807 1211 2839 victorin.
1229 2816 1262 2848 p.
1281 2807 1334 2838 56.
1360 2806 1422 2838 dtt.
1439 2808 1475 2839 O.
1492 2826 1526 2830 —
1553 2808 1606 2839 18.
1628 2808 1836 2840 Veneriorum
1859 2809 1900 2840 61
1918 2809 1938 2840 2

189 2855 336 2896 ng29:
371 2856 586 2888 Venereorum
608 2856 669 2888 dtt.
689 2857 725 2889 O.
742 2875 777 2879 —
803 2857 854 2888 19.
878 2856 1008 2887 nomine
1031 2854 1143 2892 62ςλ
1166 2856 1278 2888 Madv.
1295 2857 1320 2888 I.
1346 2865 1380 2897 p.
1399 2856 1483 2888 340:
1508 2866 1688 2897 nmnenque
1711 2859 1770 2889 ctt.
1788 2858 1812 2889 O
1835 2857 1936 2899 prob.

189 2905 263 2936 Rau
278 2905 319 2937 H.
342 2913 379 2946 p.
397 2904 472 2938 140.
489 2923 525 2929 -
550 2906 603 2937 20.
622 2915 683 2937 sua
699 2907 744 2938 62
758 2906 806 2938 Ld
819 2905 838 2937 λ
854 2916 860 2937 z
887 2906 998 2937 omnia
1019 2914 1080 2936 sua
1096 2907 1136 2937 61
1155 2905 1218 2937 dtt.
1233 2907 1313 2938 0.—
1338 2906 1396 2937 hoc
1414 2907 1450 2946 Q.
1470 2906 1608 2938 Caecilio
1625 2907 1714 2938 coni.
1731 2907 1808 2938 Ant.
1827 2909 1940 2946 Augu-

189 2955 314 2987 stinus.
341 2972 378 2977 —
403 2955 456 2986 22.
478 2959 577 2995 paret
598 2955 682 2996 eam]
708 2956 774 2994 sic,
800 2957 837 2987 ut
859 2956 926 2986 iam
950 2953 1108 2986 voluerat
1131 2956 1243 2987 Garat.
1268 2956 1322 2994 11.‚
1349 2964 1391 2986 ex
1413 2956 1517 2988 variis
1541 2955 1644 2988 codd.
1668 2955 1805 2987 mendis
1829 2955 1882 2996 (ex
1906 2964 1937 2988 c.

185 3012 291 3044 parre
313 3004 421 3036 theam
436 3005 477 3036 61
495 3005 564 3044 21))
590 3005 697 3036 edidit
711 3005 868 3046 Zumpt.:
889 3007 1023 3044 pareret
1046 3013 1118 3036 eam
1141 3005 1177 3036 O.
1198 3023 1232 3028 —-
1257 3006 1310 3037 25.
1328 3005 1431 3036 intrat
1454 3006 1494 3036 61
1513 3005 1602 3037 LdD
1619 3015 1625 3036 z
1650 3006 1753 3037 intrat
1773 3005 1824 3036 rel
1843 3005 1942 3037 mittit

192 3054 256 3092 G23
281 3053 380 3086 mittit
402 3053 464 3086 dtt.
484 3054 521 3086 O.
548 3055 663 3095 Margo
688 3055 764 3086 Par.
783 3055 810 3086 D
835 3053 961 3085 habet:
986 3053 1009 3093 f.
1034 3054 1143 3086 mittit.
1162 3071 1199 3077 —
1225 3054 1278 3086 26.
1302 3055 1482 3094 mancupia
1496 3052 1528 3087 λ.
1548 3072 1584 3077 -
1608 3054 1763 3096 Agonidis
1784 3054 1831 3086 G3
1843 3054 1883 3086 D.
1901 3072 1937 3078 —

190 3104 245 3136 28.
272 3104 352 3135 Tum
379 3103 483 3143 Lilyb.
510 3104 568 3136 61.
605 3122 640 3127 -
676 3103 728 3136 31.
755 3105 841 3144 quod
871 3103 1035 3135 admirari
1066 3104 1157 3136 video
1185 3103 1296 3136 Rufin.
1321 3105 1347 3135 Ι.
1372 3105 1404 3136 5.
1431 3121 1468 3127 —
1502 3104 1554 3136 33.
1580 3104 1635 3136 lib.
1665 3107 1788 3144 quaest.
1815 3104 1873 3135 Gt.
1901 3121 1937 3125 —

191 3152 244 3184 35.
269 3156 400 3194 repente
422 3161 492 3185 om.
509 3154 616 3185 Prisc.
633 3154 674 3185 II.
699 3162 734 3195 p.
749 3153 823 3186 -268,
842 3170 876 3175 —
903 3162 919 3185 e
940 3153 1072 3194 vestigio
1095 3162 1164 3186 om.
1182 3154 1292 3186 Rufin.
1311 3152 1333 3185 l.
1349 3152 1386 3192 l.;
1412 3152 1496 3186 secl.
1512 3153 1622 3186 Halm.
1641 3172 1676 3177 —
1701 3154 1813 3192 aliquo
1836 3153 1942 3185 Circes

187 3211 262 3242 poc.
288 3203 335 3235 62
348 3202 400 3235 Ld
421 3203 560 3236 Asconii
585 3202 666 3235 edit.
691 3203 803 3244 princ.
830 3204 865 3235 et
888 3202 964 3235 cod.
983 3203 1100 3241 Leid.;
1125 3203 1235 3242 aliquo
1251 3203 1366 3235 Cerceo
1387 3212 1458 3243 poc.
1477 3204 1540 3242 61;
1566 3212 1609 3236 eoe
1623 3203 1702 3243 aliq.
1720 3203 1853 3235 Circaeo
1864 3211 1938 3243 poc.

193 3251 304 3284 Rufin.
329 3251 351 3284 1.
377 3251 399 3284 l.
426 3253 482 3285 ed.
508 3253 617 3291 Pith.;
649 3257 741 3293 epoto
764 3253 898 3285 Circaeo
921 3251 1031 3283 Rufin.
1058 3252 1112 3284 ed.
1137 3252 1285 3285 Froben.
1311 3254 1346 3284 et
1367 3253 1521 3292 Ruhnk.;
1552 3253 1646 3292 quasi
1667 3252 1809 3292 quodam
1830 3252 1941 3284 circeo

190 3300 308 3340 poculo
331 3303 438 3335 Prisc.
464 3301 486 3335 l.
511 3301 534 3335 l.
561 3320 597 3325 —-
629 3302 681 3335 36.
712 3303 808 3334 rediit
831 3303 872 3334 61
901 3302 1006 3334 Prisc.
1032 3300 1053 3333 l.
1078 3300 1119 3341 l.;
1148 3303 1254 3335 reddit
1282 3302 1321 3335 A.
1349 3301 1415 3343 (ed.
1440 3302 1506 3345 pr.)
1535 3303 1598 3336 Sed
1619 3311 1636 3336 e
1658 3302 1809 3344 vestigio,
1836 3305 1938 3342 tamq.

195 3352 286 3390 epoto
310 3351 460 3393 Circaeo,
483 3351 509 3393 f.
532 3352 556 3385 i.
585 3352 620 3386 V.
630 3362 640 3384 .·
663 3352 759 3385 rediit
781 3360 859 3393 sqq.
885 3351 974 3384 coni.
998 3351 1082 3384 Rau.
1107 3352 1133 3384 I.
1158 3360 1194 3394 p.
1217 3351 1292 3384 177.
