2127 3708
673 226 768 268 Cn».
799 225 1007 267 v-VII.
1044 223 1118 278 §§.
1148 221 1350 265 42—119.
1831 226 1887 269 77

146 354 260 381 mus:
305 339 476 393 perinde
515 351 562 379 ac
601 338 634 379 si
677 338 719 378 in
758 338 864 379 hanc
895 337 1115 378 formulam
1147 337 1286 377 omnia
1315 336 1471 375 iudicia
1500 336 1700 389 legitima,
1746 340 1886 380 omnia

145 403 314 443 arbitria
342 401 582 449 honoraria,
615 401 754 440 omnia
784 399 919 440 officia
945 400 1171 440 domestica
1193 399 1389 439 conclusa
1410 403 1450 438 et
1470 402 1769 452 comprehensa
1791 403 1886 451 sint,

143 466 316 518 perinde
346 465 542 504 dicemus.
600 462 675 502 Illa
705 463 895 516 superior
924 463 1002 502 fuit
1032 463 1163 502 oratio
1196 461 1450 508 necessaria,
1490 460 1592 501 haec
1631 465 1710 504 erit
1739 467 1887 506 volun-

144 527 269 574 taria;
314 526 384 565 illa
421 527 471 566 ad
508 526 712 573 iudicem,
757 526 860 565 haec
901 526 951 565 ad
996 525 1037 564 C.
1070 525 1284 571 Pisonem3
1332 524 1402 563 illa
1432 537 1507 576 pro
1539 538 1633 572 reo,
1677 527 1777 568 haec
1810 543 1885 582 pro

142 589 316 636 Rosci03
346 588 418 628 illa
446 589 666 635 victoriae,
698 588 799 627 haec
830 589 962 627 bonae
994 587 1316 627 existimationis
1347 600 1472 626 causa
1502 595 1752 641 comparata.
1917 603 1936 631 5
1968 596 1972 599 ”

254 650 319 690 Vl.
351 646 415 689 116.
446 651 667 689 Pecuniam
698 650 825 702 petis,
859 650 1005 697 Fanni,
1037 663 1061 689 a
1091 650 1254 690 Roscio.
1307 649 1476 698 Quam?
1520 650 1595 689 Dic
1624 653 1819 692 audacter
1848 659 1887 693 et

142 717 295 766 aperte.
354 712 497 752 Utrum
534 726 642 766 quae
681 712 753 752 tibi
794 726 844 752 ex
881 712 1079 752 societate
1110 713 1309 752 debeatur
1338 726 1388 752 an
1422 725 1529 765 quae
1561 726 1612 752 ex
1642 714 1888 754 liberalitate

140 775 265 814 huius
294 775 499 828 promissa
529 775 583 814 sit
612 779 652 814 et
683 778 913 814 ostentata?
947 788 1125 828 quorum
1157 776 1333 815 alterum
1355 780 1418 814 est
1438 776 1602 827 gravius
1625 781 1666 815 et
1686 775 1888 824 odiosius,

141 839 315 879 alterum
344 837 475 877 levius
507 842 548 877 et
576 837 753 877 facilius.
805 838 922 885 Quae
953 851 1005 877 ex
1027 838 1223 878 societate
1246 838 1475 878 debeatur?
1523 838 1634 886 Quid
1665 839 1759 879 ais?
1800 839 1888 878 Hoc

139 901 221 940 iam
251 913 387 953 neque
418 900 565 940 leviter
592 900 809 939 ferendum
842 905 903 940 est
933 913 1069 953 neque
1090 900 1346 952 negligenter
1368 899 1690 940 defendendum.
1742 900 1784 940 Si
1807 913 1938 954 qualo

141 963 250 1003 enim
282 966 377 1002 sunt
407 962 568 1015 privata
599 962 753 1001 iudicia
784 975 968 1002 summae
1000 962 1320 1002 existimationis
1344 968 1384 1002 et
1414 976 1546 1016 paene
1572 964 1706 1003 dicam
1728 963 1889 1016 capitis,

140 1025 218 1065 tria
248 1023 351 1064 haec
382 1028 500 1072 sunt,
531 1022 730 1072 fiduciae,
763 1024 938 1072 tutelae,
971 1024 1194 1064 societatis.
1239 1026 1386 1078 Aeque
1418 1026 1529 1064 enim
1559 1024 1829 1078 perfidiosum
1851 1031 1891 1066 et

139 1087 344 1128 nefarium
374 1091 437 1127 est
467 1085 590 1127 fidem
619 1086 831 1139 frangere,
863 1099 970 1140 quae
1001 1086 1187 1126 continet
1215 1089 1363 1136 vitam,
1395 1092 1436 1128 et
1456 1088 1664 1141 pupillum
1684 1089 1889 1137 fraudare,

142 1150 214 1204 qui
244 1150 287 1189 in
318 1149 489 1189 tutelam
519 1149 731 1202 pervenit,
762 1154 803 1189 et
832 1150 992 1189 socium
1021 1149 1186 1197 fallere,
1220 1151 1292 1204 qui
1325 1164 1368 1190 se
1398 1151 1441 1190 in
1466 1151 1635 1204 negotio
1658 1152 1889 1191 coniunxit.

142 1209 208 1252 47.
239 1212 355 1260 Quae
384 1225 478 1252 cum
508 1212 566 1252 ita
595 1212 700 1259 sint,
732 1212 826 1265 quis
858 1211 930 1259 sit,
962 1212 1034 1266 qui
1066 1212 1225 1251 socium
1255 1212 1456 1253 fraudarit
1486 1218 1527 1252 et
1546 1212 1759 1262 fefellerit,
1791 1224 1939 1254 con-45

142 1274 384 1315 sideremus.
444 1274 568 1314 Dabit
599 1275 709 1314 enim
739 1274 859 1314 nobis
890 1275 973 1314 iam
1003 1275 1125 1315 tacite
1155 1274 1240 1315 vita
1268 1280 1359 1315 acta
1388 1276 1432 1315 in
1461 1276 1700 1316 alterutram
1730 1282 1890 1329 partem

141 1335 303 1378 firmum
334 1341 374 1377 et
403 1350 525 1390 grave
557 1337 853 1378 testimonium.
901 1337 950 1385 Q.
980 1337 1184 1377 Roscius?
1236 1337 1347 1386 Quid
1378 1338 1467 1378 ais?
1507 1340 1676 1386 Nonne,
1706 1344 1753 1378 ut
1782 1339 1890 1392 ignis

142 1400 186 1440 in
222 1412 372 1453 aquam
412 1399 626 1440 coniectus
667 1400 865 1440 continuo
894 1399 1168 1452 restinguitur
1197 1404 1238 1440 et
1266 1400 1552 1453 refrigeratur,
1592 1402 1651 1441 sic
1680 1401 1889 1443 refervens

142 1461 293 1502 falsum
323 1461 477 1501 crimen
507 1462 551 1501 in
581 1461 845 1514 purissimam
875 1467 915 1501 et
936 1461 1211 1502 castissimam
1241 1463 1367 1503 vitam
1399 1463 1594 1503 collatum
1625 1465 1762 1505 statim
1793 1479 1891 1505 con-

143 1525 244 1565 cidit
288 1528 327 1564 et
374 1524 684 1577 exstinguitur?
741 1525 915 1564 Roscius
956 1524 1115 1564 socium
1158 1524 1396 1566 fraudavit?
1452 1526 1592 1567 Potest
1620 1527 1700 1568 hoc
1729 1527 1940 1568 homini2o

142 1587 240 1627 huic
268 1587 439 1627 haerere
468 1590 720 1639 peccatum?
752 1587 823 1640 qui
855 1585 1140 1627 mediusfidius
1165 1586 1376 1639 (audacter
1396 1587 1503 1641 dico)
1532 1589 1626 1642 plus
1648 1588 1743 1629 fidei
1766 1604 1891 1644 quam

143 1651 262 1698 artis,
292 1650 385 1703 plus
415 1650 599 1690 veritatis
631 1664 756 1704 quam
786 1650 1030 1702 disciplinae
1062 1651 1250 1703 possidet
1279 1651 1322 1690 in
1353 1665 1419 1700 se;
1452 1664 1575 1704 quem
1606 1653 1788 1705 populus
1809 1653 1891 1692 Ro—

143 1725 289 1752 manus
320 1711 534 1752 meliorem
564 1713 699 1752 virum
730 1726 855 1766 quam
884 1712 1133 1752 histrionem
1165 1726 1255 1753 esse
1281 1713 1522 1762 arbitratur3
1555 1714 1626 1768 qui
1658 1715 1714 1755 ita
1736 1715 1891 1768 dignis-

146 1774 272 1814 simus
318 1780 378 1814 est
417 1787 565 1814 scaena
603 1779 773 1828 propter
812 1773 1051 1822 artificium,
1096 1780 1142 1815 ut
1181 1775 1451 1827 dignissimus
1491 1776 1545 1816 sit
1575 1777 1690 1817 curia
1719 1782 1893 1831 propter

145 1836 449 1876 abstinentiam.
508 1833 574 1875 48.
606 1836 687 1876 Sed
720 1837 822 1890 quid
854 1850 928 1889 ego
961 1838 1124 1890 ineptus
1156 1838 1206 1877 de
1238 1839 1390 1878 Roscio
1417 1839 1529 1891 apud
1550 1839 1744 1880 Pisonem
1765 1840 1941 1880 dico?25

146 1897 338 1949 Ignotum
366 1897 580 1936 hominem
611 1898 768 1937 scilicet
801 1898 989 1951 pluribus
1020 1900 1157 1939 verbis
1189 1901 1449 1941 commendo.
1507 1902 1636 1941 Estne
1667 1903 1891 1957 quisquam

148 1959 332 1998 omnium
362 1960 621 2007 mortalium,
653 1960 703 1999 de
738 1973 822 2013 quo
854 1960 1001 2000 melius
1023 1961 1237 2001 existimes
1269 1964 1347 2001 tu?
1390 1963 1518 2002 Estne
1539 1964 1782 2018 quisquam,
1817 1965 1890 2019 qui

146 2022 222 2061 tibi
243 2023 397 2075 purior,
422 2022 660 2074 pudentior,
681 2022 914 2070 humanior,
938 2020 1165 2063 officiosior
1185 2024 1480 2078 liberaliorque
1501 2025 1718 2067 videatur?
1751 2028 1890 2076 Quid?

146 2088 212 2132 tu,
243 2085 402 2132 Saturi,
434 2085 506 2138 qui
531 2089 674 2124 contra
696 2085 806 2125 hunc
828 2085 967 2132 venis,
999 2085 1212 2125 existimas
1234 2086 1382 2126 aliter?
1420 2088 1585 2136 Nonne,
1608 2089 1891 2142 quotiescum-

145 2159 226 2199 que
269 2146 313 2186 in
349 2159 474 2186 causa
510 2147 554 2186 in
594 2160 747 2186 nomen
787 2147 911 2186 huius
949 2146 1156 2194 incidisti,
1202 2148 1326 2189 toties
1355 2149 1467 2189 hunc
1497 2155 1538 2190 et
1567 2151 1702 2191 virum
1731 2152 1940 2193 bonum30

144 2221 236 2248 esse
265 2208 408 2248 dixisti
438 2213 479 2248 et
506 2208 681 2248 honoris
712 2222 837 2248 causa
867 2208 1118 2261 appellasti?
1160 2211 1274 2263 quod
1315 2224 1438 2251 nemo
1468 2212 1551 2252 nisi
1581 2218 1653 2253 aut
1680 2214 1891 2255 honestis-

143 2270 248 2310 simo
286 2274 358 2311 aut
395 2270 648 2311 amicissimo
682 2270 820 2311 facere
850 2270 1081 2311 consuevit.
1140 2268 1206 2312 119.
1239 2273 1332 2321 Qua
1361 2274 1404 2314 in
1433 2288 1477 2315 re
1508 2275 1609 2315 mihi
1639 2276 1817 2317 ridicule
1847 2291 1891 2318 es

142 2332 256 2373 visus
287 2345 379 2373 esse
408 2331 673 2381 inconstans,
719 2333 792 2386 qui
834 2333 1013 2373 eundem
1051 2337 1092 2372 et
1131 2333 1318 2376 laederes
1359 2341 1400 2377 et
1428 2337 1642 2386 laudares,
1685 2342 1726 2379 et
1754 2339 1891 2380 virum

143 2394 346 2447 optimum
385 2399 426 2435 et
464 2395 678 2436 hominem
708 2396 1066 2449 improbissimum
1097 2410 1188 2437 esse
1219 2398 1392 2438 diceres.
1449 2400 1641 2440 Eundem
1670 2405 1716 2440 tu
1747 2406 1788 2441 et
1816 2400 1892 2441 ho-

143 2457 255 2497 noris
286 2470 410 2498 causa
438 2458 676 2511 appellabas
708 2463 748 2498 et
777 2459 913 2499 virum
943 2459 1187 2511 primarium
1217 2473 1310 2500 esse
1341 2461 1508 2502 dicebas
1540 2466 1580 2502 et
1599 2464 1760 2504 socium
1778 2464 1940 2505 stau-35

144 2519 263 2560 dasse
284 2519 497 2573 arguebas.
544 2521 646 2569 Sed,
675 2526 723 2561 ut
746 2521 916 2574 opinor,
939 2521 1105 2561 laudem
1126 2522 1288 2562 veritati
1309 2523 1535 2573 tribuebas,
1557 2525 1713 2566 crimen
1734 2526 1891 2580 gratiae

144 2581 422 2631 concedebas;
453 2583 503 2622 de
523 2582 622 2631 hoc,
652 2588 699 2623 ut
719 2584 997 2631 existimabas,
1027 2585 1319 2636 praedicabas,
1345 2585 1553 2628 Chaereae
1574 2588 1773 2629 arbitratu
1795 2603 1892 2630 cau-

143 2657 231 2684 sam
251 2643 412 2696 agebas.
454 2645 541 2685 VII.
561 2646 785 2686 Fraudavit
806 2646 992 2685 Roscius.
1023 2646 1097 2686 Est
1116 2647 1196 2687 hoc
1219 2648 1389 2702 quidem
1409 2650 1590 2702 primum
1610 2651 1779 2692 auribus
1801 2652 1890 2692 ani-

142 2706 304 2760 misque
334 2706 520 2747 omnium
549 2708 788 2748 absurdum.
840 2709 978 2756 Quid?
1010 2708 1044 2748 si
1074 2710 1241 2750 tandem
1271 2710 1455 2764 aliquem
1485 2712 1655 2753 divitem
1686 2714 1889 2761 timidum,

143 2769 396 2818 dementem,
425 2770 602 2811 inertem
631 2776 777 2812 nactus
808 2776 938 2818 esset,
972 2771 1043 2825 qui
1075 2772 1256 2825 experiri
1278 2786 1364 2813 non
1394 2779 1560 2827 posset,
1590 2779 1731 2816 tamen
1755 2775 1890 2816 incre·
1902 2787 1939 2818 40

226 2897 257 2928 11.
277 2897 311 2929 et
333 2896 364 2929 3.
385 2897 524 2937 proinde
546 2899 581 2930 L.
611 2915 645 2920 —
671 2899 702 2930 2.
730 2908 781 2931 «v.
801 2908 831 2931 c.
857 2907 1067 2938 comprensa»
1094 2909 1163 2941 mg.
1182 2899 1216 2934 ἓ.
1246 2919 1280 2923 -
1306 2902 1337 2933 5.
1365 2902 1600 2934 aestimationis
1621 2904 1660 2935 A.
1690 2921 1724 2926 —
1750 2904 1780 2935 7.
1807 2912 1891 2944 quae

143 2946 220 2978 ante
235 2955 268 2978 v.
287 2945 342 2977 tibi
358 2954 426 2978 om.
446 2957 471 2978 α
484 2948 510 2978 G
522 2947 554 2980 M
566 2948 605 2979 A.
631 2948 690 2980 Est
713 2950 781 2981 iam
798 2950 833 2980 in
849 2949 994 2980 Iuntina.
1016 2967 1051 2971 —
1077 2950 1128 2981 40.
1147 2951 1216 2981 iam
1238 2960 1296 2983 nec
1311 2952 1377 2983 MA
1389 2977 1396 2990 ‚
1421 2952 1489 2984 iam
1504 2963 1570 2984 ηοη
1586 2962 1666 2986 cum
1683 2954 1834 2986 Manutio
1850 2955 1887 2985 L.

145 3013 180 3018 -
195 2995 246 3028 44.
264 2996 427 3036 neqotium
442 2997 486 3028 M.
504 3014 538 3018 —
558 2997 610 3028 45.
637 2998 708 3037 quis
723 2999 763 3030 sic
785 2999 807 3030 F
821 3000 869 3029 G:
895 2999 973 3037 quid
987 2999 1027 3030 sit
1049 3000 1176 3039 aMA,
1203 3001 1259 3040 qui
1281 3002 1321 3032 sit
1335 3001 1395 3035 ΒΕ
1409 3002 1447 3034 Ο.
1468 3020 1505 3025 -
1532 3004 1583 3035 47.
1604 3004 1640 3043 Q.
1660 3003 1788 3035 Roscii:
1813 3003 1890 3043 quid

141 3047 180 3078 A.
200 3063 235 3067 —
255 3045 306 3078 48.
322 3046 486 3086 refervens
501 3054 570 3078 om.
589 3047 625 3078 L.
643 3065 677 3070 —
703 3048 756 3080 28.
771 3048 966 3088 prudentior
988 3048 1100 3083 GAQ,
1131 3049 1180 3081 Cf.
1202 3049 1231 3090 g.
1251 3051 1304 3082 24.
1325 3068 1359 3072 —
1379 3060 1439 3091 que
1462 3060 1543 3084 cum
1558 3053 1692 3084 Iuntina
1709 3061 1777 3084 om.
1796 3053 1832 3084 L.
1851 3069 1887 3074 —

144 3095 253 3136 Quid?
275 3099 310 3128 tu
324 3097 448 3128 Ravius
468 3097 543 3128 Var.
562 3096 646 3128 Lect.
664 3097 704 3128 11.
724 3106 758 3138 p.
778 3098 865 3130 489.:
893 3097 976 3136 Quid
991 3102 1026 3129 tu
1040 3098 1183 3133 ALssO.
1205 3117 1240 3121 —
1266 3100 1318 3132 30.
1337 3109 1473 3133 causam
1487 3103 1526 3134 A.
1548 3119 1583 3125 —-
1608 3102 1660 3133 34.
1679 3104 1737 3133 aut
1759 3103 1838 3133 ante
1854 3111 1888 3134 v.

142 3146 358 3178 honestissimo
378 3155 447 3178 om.
464 3156 501 3178 α.
522 3164 555 3168 -
576 3146 628 3179 33.
655 3150 684 3178 ei
705 3147 824 3187 virum]
843 3148 976 3180 eundem
992 3150 1021 3179 et
1041 3148 1150 3180 virum
1166 3150 1201 3180 L.
1223 3167 1259 3172 -
1285 3150 1337 3182 38.
1367 3151 1496 3191 quidem
1512 3152 1660 3192 primum
1682 3160 1722 3182 a:
1742 3152 1890 3191 primum

143 3195 271 3235 quidem
297 3196 340 3234 G;
366 3204 435 3227 om.
460 3196 608 3236 primum
622 3196 686 3228 AL
700 3195 771 3230 80.
793 3214 827 3218 —
854 3197 906 3228 39.
926 3197 1068 3236 aliquem
1091 3198 1221 3230 divitem
1243 3200 1409 3240 timidum,
1435 3201 1627 3241 dementem,
1652 3201 1788 3232 inertem
1802 3200 1825 3232 F
1838 3201 1887 3232 O:

143 3245 285 3284 aliquem
299 3246 429 3278 divitem
444 3247 512 3278 tim.
530 3247 612 3278 dem.
628 3246 758 3278 divitem
779 3248 914 3279 inertem
930 3257 966 3286 a,
992 3247 1133 3287 aliquem
1149 3248 1217 3280 tim.
1237 3249 1319 3282 dem.
1338 3251 1468 3283 divitem
1490 3251 1625 3284 inertem
1642 3248 1811 3290 GMALss,
1830 3250 1891 3281 ali-

145 3301 238 3332 quem
252 3294 400 3326 timidum
415 3296 557 3335 divitem,
582 3296 769 3335 dementem,
794 3297 929 3328 inertem
944 3295 1093 3330 Klotzius
1110 3297 1165 3329 ed.
1184 3297 1256 3338 alt,
1281 3301 1399 3332 nescio
1415 3300 1519 3332 unde.
1541 3317 1577 3324 ·-
1595 3300 1648 3332 39.
1665 3299 1811 3331 omniwm
1826 3298 1887 3331 Th.

144 3342 354 3378 Mommsen:
372 3345 539 3379 hominum
550 3353 635 3379 cum
647 3344 826 3380 codicibus
838 3345 956 3381 ALssO.
972 3361 1010 3370 ·-
1023 3345 1077 3380 40.
1091 3348 1244 3388 aperire
1258 3350 1345 3384 aGM
1359 3350 1404 3392 (in
1416 3359 1442 3382 α
1453 3357 1630 3393 superscr.
1645 3358 1694 3384 m.
1708 3357 1781 3383 see.
1793 3347 1888 3391 rier).
