2143 3713
299 205 380 247 5118
733 207 929 249 ORATIO
959 209 1028 249 DE
1057 209 1277 251 IMPERIO
1310 209 1389 251 CN.
1418 210 1636 253 POMPEII

300 333 375 360 suo
413 319 567 359 iudicio
608 319 871 360 tribuendum
911 333 999 359 esse
1039 320 1256 360 duxerunt.
1314 320 1351 361 3.
1382 323 1517 375 Atque
1557 322 1658 362 illud
1687 322 1730 362 in
1759 324 1901 376 primis
1931 325 2031 365 mihi

299 381 535 421 laetandum
573 382 659 421 iure
700 395 789 422 esse
819 382 964 428 video,
1005 382 1117 435 quod
1158 382 1200 421 in
1230 382 1305 424 hac
1336 384 1499 423 insolita
1530 384 1630 423 mihi
1662 398 1713 424 ex
1741 384 1818 425 hoc
1848 385 1938 426 loco
1970 400 2032 426 ra-

299 444 409 482 tione
441 442 603 484 dicendi
634 458 756 485 causa
785 446 876 485 talis
908 446 1045 484 oblata
1076 449 1156 491 est,
1188 446 1229 484 in
1260 459 1340 499 qua
1371 447 1500 485 oratio
1530 446 1675 486 deesse
1704 448 1859 487 nemini
1889 449 2033 501 possit.

299 504 527 544 Dicendum
568 512 630 546 est
660 507 768 546 enim
799 508 849 546 de
883 507 953 546 Cn.
984 506 1170 558 Pompeii
1201 507 1397 560 singulari
1429 509 1666 562 eximiaque
1697 509 1871 558 virtute;
1909 509 2033 550 huius

267 571 435 606 sautem
467 568 665 608 orationis
696 569 906 608 difficilius
937 574 999 608 est
1020 569 1173 607 exitum
1195 582 1317 621 quam
1345 570 1591 623 principium
1612 570 1812 611 invenire.
1852 572 1913 612 Ita
1934 571 2034 612 mihi

299 641 380 668 non
411 633 493 668 tam
523 630 641 683 copia
674 644 795 683 quam
828 630 974 670 modus
1005 631 1045 670 in
1076 629 1250 669 dicendo
1284 632 1544 684 quaerendus
1579 638 1652 671 est.

410 691 460 729 ΙΙ.
492 689 528 730 4.
559 694 693 745 Atque
723 698 768 732 ut
788 692 883 732 inde
906 694 1037 732 oratio
1060 704 1149 731 mea
1170 692 1474 744 proficiscatur,
1505 694 1613 733 unde
1635 694 1735 733 haec
1757 695 1889 734 omnis
1911 708 2034 735 causa

300 752 483 800 ducitur,
512 754 668 793 bellum
700 768 822 807 grave
854 760 894 794 et
922 754 1202 806 periculosum
1223 755 1370 794 vestris
1391 756 1658 807 vectigalibus
1680 769 1726 795 ac
1749 757 1869 796 sociis
1891 770 1913 797 a
1934 757 2035 797 duo-

297 815 373 855 bus
404 816 701 868 potentissimis
730 816 896 868 regibus
926 817 1119 862 infertur,
1162 816 1394 855 Mithridate
1425 822 1465 856 et
1494 819 1691 870 Tigrane,
1724 831 1903 871 quorum
1932 820 2035 859 alter

250 887 284 917 ⁴0
299 877 486 924 relictus,
518 878 620 917 alter
649 878 888 924 lacessitus,
919 879 1177 917 occasionem
1209 878 1287 917 sibi
1317 878 1367 917 ad
1391 879 1672 931 occupandam
1694 880 1833 920 Asiam
1855 881 2034 920 oblatam

297 952 388 979 esse
419 940 681 979 arbitrantur.
738 939 958 992 Equitibus
989 940 1202 986 Romanis,
1239 939 1539 980 honestissimis
1568 942 1686 989 viris,
1726 943 1954 982 afferuntur
1983 956 2035 983 ex

297 1002 393 1041 Asia
423 1001 608 1054 quotidie
639 1001 817 1047 litterae,
849 1015 1023 1053 quorum
1054 1014 1224 1053 magnae
1255 1015 1319 1041 res
1341 1009 1518 1054 aguntur
1538 1003 1578 1042 in
1600 1005 1746 1043 vestris
1768 1005 2034 1057 vectigalibus

297 1064 537 1103 exercendis
567 1067 812 1116 occupatae:
845 1063 914 1116 qui
945 1063 995 1102 ad
1027 1076 1090 1102 me
1121 1076 1195 1115 pro
1228 1064 1546 1111 necessitudine,
1583 1079 1689 1118 quae
1720 1066 1818 1106 mihi
1850 1072 1913 1107 est
1942 1080 2034 1106 cum

295 1126 367 1165 illo
400 1125 565 1172 ordine,
606 1137 771 1164 causam
803 1125 860 1164 rei
891 1125 1078 1178 publicae
1117 1126 1381 1179 periculaque
1412 1139 1547 1166 rerum
1579 1141 1742 1166 suarum
1773 1127 2033 1168 detulerunt:

247 1197 282 1225 ⁴5
295 1186 333 1226 5.
364 1187 603 1239 Bithyniae,
642 1199 747 1240 quae
786 1200 895 1226 nunc
925 1193 1059 1226 vestra
1098 1188 1309 1240 provincia
1340 1192 1421 1234 est,
1460 1189 1574 1228 vicos
1606 1195 1772 1229 exustos
1803 1203 1893 1229 esse
1924 1204 2034 1229 com-

294 1249 455 1302 plures3
495 1261 666 1301 regnum
706 1249 1014 1296 Ariobarzanis,
1059 1250 1169 1303 quod
1208 1250 1425 1289 finitimum
1471 1256 1532 1289 est
1571 1252 1718 1291 vestris
1751 1252 2033 1305 vectigalibus,

292 1315 422 1350 totum
453 1324 545 1351 esse
576 1311 617 1350 in
646 1310 828 1350 hostium
860 1316 1085 1363 potestate3
1116 1313 1160 1351 L.
1182 1312 1398 1352 Lucullum
1427 1313 1584 1365 magnis
1615 1314 1737 1353 rebus
1760 1315 1887 1366 gestis
1910 1314 1961 1354 ab
1983 1328 2032 1354 eo

291 1372 402 1412 bello
433 1372 667 1420 discedere;
701 1372 797 1412 huic
830 1373 900 1426 qui
930 1374 1176 1413 successerit
1204 1387 1287 1413 non
1325 1374 1422 1414 satis
1454 1387 1544 1414 esse
1574 1380 1760 1427 paratum
1792 1376 1843 1415 ad
1873 1380 2033 1416 tantum

292 1434 447 1473 bellum
478 1434 869 1481 administrandum
900 1449 1026 1474 unum
1058 1436 1107 1474 ab
1129 1437 1316 1475 omnibus
1348 1436 1471 1475 sociis
1503 1442 1543 1476 ct
1565 1437 1723 1476 civibus
1745 1437 1795 1476 ad
1817 1438 1857 1477 id
1878 1437 2033 1477 bellum

243 1508 279 1536 ρο
292 1496 583 1548 imperatorem
614 1496 782 1549 deposci
813 1501 938 1549 atque
969 1497 1130 1550 expeti;
1161 1497 1339 1537 eundem
1369 1498 1478 1537 hunc
1508 1512 1637 1538 unum
1667 1499 1717 1538 ab
1739 1499 1928 1539 hostibus
1949 1512 2034 1539 me·-

292 1559 373 1606 tui,
403 1564 619 1611 praeterea
647 1558 868 1598 neminem.

401 1619 439 1659 6.
472 1620 601 1660 Causa
631 1632 736 1674 quae
768 1620 842 1667 sit,
886 1620 1057 1660 videtis:
1099 1634 1229 1668 nunc,
1271 1621 1372 1674 quid
1413 1622 1619 1674 agendum
1649 1622 1722 1669 sit,
1764 1623 2031 1664 considerate.

290 1683 471 1724 Primum
510 1682 610 1722 mihi
649 1681 809 1722 videtur
839 1682 890 1722 de
920 1695 1069 1735 genere
1100 1682 1218 1730 belli,
1257 1682 1407 1723 deinde
1439 1684 1489 1722 de
1520 1685 1825 1735 magnitudine,
1863 1691 1950 1725 tum
1982 1685 2032 1724 de

288 1745 537 1798 imperatore
568 1743 790 1796 deligendo
822 1757 912 1784 esse
943 1744 1177 1784 dicendum.
1235 1744 1373 1784 Genus
1404 1751 1465 1785 est
1498 1745 1595 1784 belli
1628 1746 1717 1785 eius
1748 1748 1880 1795 modi,
1920 1748 2031 1800 quod

240 1817 275 1847 25
290 1807 467 1847 maxime
507 1810 668 1846 vestros
708 1807 867 1846 animos
907 1807 1086 1846 excitare
1123 1812 1246 1860 atque
1276 1807 1530 1847 inflammare
1560 1806 1611 1846 ad
1641 1808 1919 1861 persequendi
1949 1814 2032 1848 stu-

289 1870 401 1909 dium
433 1869 604 1916 debeat3
634 1869 676 1907 in
707 1882 789 1922 quo
820 1870 954 1922 agitur
982 1869 1127 1922 populi
1156 1869 1329 1908 Romani
1361 1869 1514 1922 gloria,
1546 1883 1652 1922 quae
1673 1870 1789 1910 vobis
1819 1883 1842 1910 a
1868 1871 2033 1911 maiori-

286 1932 361 1971 bus
407 1944 500 1971 cum
540 1943 688 1983 magna
731 1930 774 1971 in
815 1931 1007 1970 omnibus
1046 1931 1190 1978 rebus,
1233 1936 1317 1971 tum
1358 1944 1516 1971 summa
1545 1932 1587 1970 in
1617 1945 1659 1971 re
1690 1932 1857 1972 militari
1886 1932 2032 1972 tradita

287 1998 373 2034 est:
406 1993 537 2046 agitur
567 1993 678 2032 salus
709 1993 913 2032 sociorum
934 1996 1060 2046 atque
1083 1993 1326 2041 amicorum,
1358 2006 1433 2046 pro
1455 2006 1537 2046 qua
1557 1993 1684 2033 multa
1706 1995 1884 2034 maiores
1904 1995 2029 2035 vestri

286 2068 435 2108 magna
464 2059 505 2094 et
533 2055 672 2107 gravia
700 2054 809 2094 bella
840 2060 1078 2106 gesserunt:
1119 2061 1298 2108 aguntur
1327 2056 1554 2095 certissima
1585 2056 1726 2109 populi
1758 2056 1933 2096 Romani
1963 2069 2032 2096 ve-

237 2129 274 2158 30
287 2117 451 2170 ctigalia
482 2122 523 2156 et
553 2118 750 2163 maxima,
796 2116 945 2169 quibus
976 2117 1134 2156 amissis
1167 2122 1207 2156 ct
1235 2118 1347 2171 pacis
1379 2123 1621 2157 ornamenta
1650 2123 1690 2156 et
1721 2117 1904 2158 subsidia
1931 2118 2029 2158 belli

286 2179 531 2232 requiretis:
569 2182 747 2231 aguntur
773 2178 883 2218 bona
913 2178 1135 2219 multorum
1167 2179 1335 2227 civium,
1377 2180 1528 2233 quibus
1559 2185 1621 2219 est
1650 2193 1673 2220 a
1703 2180 1818 2219 vobis
1849 2185 1890 2220 et
1920 2180 2032 2234 ipso-

371 2364 401 2395 4.
427 2363 546 2394 iudicio
568 2363 647 2395 mihi
670 2361 876 2394 tribuendum
900 2361 940 2401 83.
970 2381 1004 2386 —
1039 2364 1205 2395 (iuverunt
1229 2365 1252 2396 Ε
1266 2365 1293 2395 V
1326 2364 1483 2404 (uterque
1516 2372 1534 2394 a
1562 2373 1631 2396 sec.
1660 2373 1775 2413 ηις-ει
1799 2364 1910 2404 prima
1933 2363 2030 2395 dace-

284 2423 381 2456 rzmt3
409 2420 450 2451 cf.
478 2418 508 2459 S.
534 2419 621 2458 117.):
648 2422 839 2450 censuerunt
863 2419 887 2449 R
907 2419 959 2457 (de
977 2420 1019 2451 W
1034 2420 1057 2450 C
1078 2422 1191 2452 tamcu
1210 2420 1341 2458 siletur)
1359 2421 1383 2451 Α
1401 2421 1422 2450 L
1436 2420 1455 2452 §g
1472 2420 1509 2451 Ο.
1529 2437 1563 2441 —-
1591 2423 1688 2459 atque
1705 2429 1750 2459 pp
1776 2419 1934 2460 (propter)
1949 2420 2030 2451 illud

285 2472 318 2503 F.
348 2489 381 2493 —
415 2470 446 2500 ⁶2.
473 2468 525 2509 eas]
555 2472 584 2499 et
608 2468 684 2500 EV.
723 2467 772 2498 Cf.
799 2468 828 2507 ἓ.
855 2468 886 2498 2.
914 2485 949 2490 —-
977 2470 1006 2500 3.
1034 2470 1136 2501 deesse
1167 2471 1286 2501 neuzini
1310 2471 1333 2501 13
1348 2468 1578 2509 ‘iti'BLssOz
1616 2470 1735 2501 nemini
1759 2471 1862 2501 deesse
1884 2469 1912 2499 V
1925 2472 1962 2500 Α.
1990 2487 2023 2490 —

280 2521 380 2560 possit
403 2521 427 2552 E
442 2520 484 2550 V:
506 2521 611 2558 potest
634 2518 735 2549 RAL
750 2516 770 2551 8
786 2518 821 2549 Ο.
850 2535 883 2539 —-
912 2517 942 2550 4..
970 2520 1031 2551 Gn.
1057 2522 1079 2551 A
1108 2522 1141 2551 ct
1164 2529 1233 2561 mg.
1262 2520 1306 2556 Vi
1332 2528 1448 2559 genere
1471 2520 1495 2550 E
1512 2519 1547 2550 V.
1577 2537 1611 2542 —
1642 2520 1672 2550 5.
1697 2519 1758 2559 Ita]
1784 2519 1893 2557 itaque
1916 2519 1977 2550 AL
1992 2518 2025 2552 ἓ.

287 2588 320 2592 -
349 2570 378 2601 8.
405 2570 444 2609 et]
469 2573 567 2608 atque
590 2570 778 2608 (superscr.
805 2569 842 2607 el)
871 2569 902 2599 1³.
924 2586 959 2590 —-
986 2570 1104 2601 nostris
1127 2571 1161 2601 B.
1192 2588 1225 2591 —
1252 2579 1291 2600 ae
1315 2571 1339 2601 li
1356 2570 1380 2599 V
1394 2568 1445 2608 'Bt
1471 2572 1568 2608 alque
1592 2570 1690 2600 ΚΑΙ,
1709 2570 1728 2602 8
1745 2570 1780 2600 O.
1802 2587 1835 2590 —
1863 2570 1891 2600 9.
1919 2570 2028 2600 milri-

283 2621 357 2650 date
381 2619 417 2649 V.
445 2635 480 2639 —
519 2617 570 2649 40.
604 2617 746 2658 relictus]
778 2617 908 2648 relictus
930 2621 973 2648 est
997 2618 1035 2649 V.
1065 2638 1099 2642 —
1135 2619 1193 2650 sibi
1226 2629 1294 2650 om.
1322 2621 1354 2651 F.
1384 2636 1418 2642 -
1458 2620 1508 2650 ti.
1534 2619 1740 2650 arbitrantur
1764 2619 1787 2650 Ε
1812 2621 1845 2650 et
1872 2619 1983 2651 littera
2006 2629 2028 2650 n

284 2670 455 2710 expuncta
479 2668 523 2699 V:
550 2667 735 2699 arbitratur·
757 2666 859 2706 *1³1³ss
876 2670 898 2699 Α
917 2669 937 2699 1.
954 2668 973 2702 8
989 2669 1025 2699 O.
1053 2686 1086 2690 —
1126 2670 1175 2700 42.
1202 2669 1304 2700 littere
1326 2669 1454 2700 cottidie
1479 2669 1515 2699 V.
1544 2686 1579 2690 —
1608 2669 1656 2699 15.
1684 2669 1854 2707 Bythiniae
1878 2669 1901 2700 E
1926 2668 2024 2709 (l·‘r.);

282 2719 422 2750 bithimie
444 2718 483 2749 V.
513 2735 547 2739 —
581 2717 790 2756 quamplures
813 2720 1009 2749 correctum
1045 2719 1076 2749 in
1101 2718 1279 2757 complures
1306 2719 1341 2750 V.
1371 2737 1405 2741 —
1441 2718 1491 2749 126.
1522 2717 1752 2748 ariobarranis
1774 2719 1813 2749 V.
1842 2736 1877 2740 —-
1909 2719 2028 2749 uostris

282 2769 321 2799 V.
350 2786 383 2791 —
413 2769 463 2799 47.
486 2770 676 2807 potestatem
699 2766 805 2798 Andr.
831 2767 1004 2798 schottus.
1039 2768 1086 2799 (If.
1114 2768 1144 2807 g.
1164 2767 1214 2799 33.
1239 2786 1272 2790 —
1298 2768 1332 2799 L.
1362 2775 1439 2799 nos:
1467 2776 1535 2798 om.
1556 2767 1675 2798 ceteri.
1704 2783 1738 2789 —
1767 2768 1817 2799 48.
1843 2769 2027 2800 successerit

282 2819 363 2850 WC
378 2815 484 2856 Evv
499 2817 541 2848 0:
568 2817 715 2848 successit
738 2815 851 2847 Schol.
879 2818 1130 2854 G1·onovianus;
1164 2817 1360 2849 succurrerit
1384 2818 1406 2847 R
1421 2818 1445 2847 A
1463 2817 1485 2847 L
1500 2816 1519 2850 ἓ
1535 2817 1570 2848 O.
1601 2835 1634 2838 —
1662 2826 1726 2848 csse
1749 2825 1817 2849 om.
1843 2818 1882 2848 V.
1910 2835 1944 2839 —
1970 2818 2022 2849 90.

282 2868 513 2907 imperatorem
535 2874 605 2898 om.
632 2865 672 2906 ‘B-
701 2884 735 2889 —
769 2867 894 2906 deposci
918 2875 986 2897 om.
1013 2867 1051 2897 V.
1079 2885 1113 2889 —
1149 2868 1289 2899 eundum
1312 2867 1350 2897 V.
1376 2884 1409 2888 —-
1436 2866 1488 2897 ΕΗ.
1515 2875 1614 2906 genus
1637 2870 1682 2897 est
1705 2866 1775 2897 belli
1798 2867 1953 2898 eiusmodi
1976 2868 2025 2899 Ch

283 2918 382 2957 (teste
408 2916 521 2949 Modio
546 2915 652 2956 Epist.
679 2917 821 2947 Novant.
849 2917 914 2956 97.)
940 2917 967 2947 V
992 2917 1069 2955 (non
1096 2914 1137 2955 Ἦ)
1162 2917 1206 2947 O:
1230 2925 1330 2956 yemis
1353 2919 1395 2947 est
1418 2916 1502 2946 enim
1526 2916 1596 2946 belli
1619 2917 1773 2947 eiusmodi
1798 2916 1841 2952 E;
1865 2925 1966 2956 ¹qenus
1981 2921 2025 2948 cst

282 2968 367 2997 enim
392 2966 463 2998 belli
484 2966 666 2997 huiusmodi
689 2966 750 3002 W3
776 2974 876 3006 genus
898 2969 941 2997 est
965 2966 1049 2996 enim
1071 2966 1252 2996 huiusmodi
1276 2966 1319 3002 B;
1344 2974 1444 3005 genus
1465 2968 1509 2995 est
1532 2966 1616 2996 enim
1639 2965 1793 2996 eiusmodi
1816 2965 1877 2996 ΡΑ
1892 2966 1914 2996 L
1929 2964 1962 2998 ἓ.
1986 2983 2021 2988 —-

282 3017 335 3047 ⁶25.
362 3017 405 3046 ad
422 3016 635 3055 persequendi
657 3016 799 3047 studium
823 3016 846 3047 C
863 3016 910 3047 13:
936 3017 980 3047 ad
1001 3016 1143 3046 studium
1162 3015 1373 3055 persequendi
1398 3016 1441 3052 (ut
1467 3016 1632 3045 Gruterus
1656 3014 1839 3046 lectionem
1865 3015 2024 3046 codicum

284 3066 308 3095 C
323 3065 346 3096 E
371 3073 494 3105 parum
518 3067 679 3097 accurate
704 3065 842 3105 rettulit)
869 3067 910 3102 O;
933 3066 1144 3105 persequendi
1167 3066 1308 3096 studium
1333 3064 1416 3103 (sinc
1434 3065 1485 3102 ad)
1506 3065 1550 3097 Ἣ
1578 3073 1645 3094 om.
1665 3066 1689 3095 11
1703 3066 1727 3095 A
1742 3063 1765 3095 L
1780 3063 1812 3097 53.
1835 3082 1869 3086 —
1897 3064 1948 3096 26.
1967 3064 2024 3095 de-

283 3114 354 3145 beat
370 3115 393 3145 C
413 3115 510 3152 (teste
528 3113 650 3153 Modio)
670 3115 693 3145 E
706 3116 734 3145 V
748 3115 770 3146 L
784 3115 828 3146 O:
854 3115 941 3147 (lebet
964 3117 987 3147 R
1002 3118 1026 3147 Α
1041 3116 1073 3149 8.
1093 3131 1127 3137 —
1154 3116 1186 3146 in
1211 3124 1271 3154 quo
1294 3114 1406 3153 assitm-
1421 3130 1467 3135 -—
1484 3114 1514 3143 in
1540 3122 1574 3144 re
1596 3114 1733 3144 militari
1756 3121 1824 3144 om.
1852 3114 1873 3144 F
1888 3114 1909 3144 B
1924 3114 1961 3144 A.
1983 3129 2018 3135 —

280 3164 392 3202 populi
415 3163 561 3204 Romani]
587 3164 622 3194 lt.
648 3164 681 3194 P.
708 3162 748 3203 ‘B-
778 3181 812 3186 —-
838 3165 890 3196 ⁶27.
917 3165 1063 3196 omnibus
1085 3164 1179 3196 rebus
1203 3164 1282 3195 EV:
1307 3162 1401 3193 'rebus
1424 3163 1569 3194 omnibus
1592 3163 1615 3193 R
1630 3162 1686 3196 Lx*
1702 3163 1737 3194 O.
1760 3180 1794 3184 —
1820 3163 1943 3193 tradita
1965 3162 2020 3203 est]

284 3214 438 3244 tarditate
462 3214 500 3249 F;
528 3213 604 3253 quid
627 3212 702 3244 ita?
726 3215 769 3251 B‘,
795 3222 864 3245 om.
883 3216 920 3245 A.
948 3231 982 3236 —
1009 3215 1061 3245 28.
1089 3215 1200 3254 aJJilui·
1222 3213 1306 3244 enim
1329 3213 1416 3242 salus
1441 3213 1471 3243 1⁵.
1494 3229 1527 3233 —
1555 3212 1656 3243 nostri
1680 3213 1700 3243 1³
1714 3213 1751 3243 A.
1774 3230 1807 3234 -
1834 3212 1886 3243 29.
1908 3212 2020 3251 populi

285 3262 431 3302 Romani]
452 3271 515 3301 pro
541 3263 592 3302 (ex
612 3271 646 3302 p.
671 3264 735 3302 ro.)
761 3264 805 3301 V;
828 3273 888 3303 per
911 3264 948 3296 E.
978 3282 1012 3286 ——
1039 3264 1091 3295 3¹.
1116 3263 1292 3294 inultorum
1316 3262 1400 3293 bona
1422 3262 1461 3292 V.
1486 3279 1520 3283 —
1547 3266 1591 3293 est
1614 3271 1681 3293 om.
1708 3261 1748 3301 Ἦ.
1778 3279 1812 3284 —
1839 3272 1861 3293 a
1882 3262 1970 3294 vobis
1990 3265 2019 3293 ec

281 3309 424 3353 ipsoram
448 3314 476 3344 et
497 3312 579 3351 reip.
604 3320 705 3343 causa
728 3312 772 3351 E,
798 3321 867 3352 mg.
894 3311 915 3345 ἓ
941 3312 993 3352 (ex
1018 3312 1118 3345 codd.
1147 3311 1285 3348 Clerici,
1320 3311 1470 3345 Memmii
1495 3313 1529 3344 ct
1552 3310 1781 3353 Fabriciano),
1812 3311 1855 3343 O:
1888 3319 1910 3342 a
1931 3310 2018 3344 vobis
