2143 3713
589 239 683 278 eff.
715 237 1054 277 xxa-xxm.
1092 235 1164 289 §§·
1196 234 1386 275 4.,4--48,
1786 231 1865 272 7325

127 355 277 405 posse?
336 351 613 391 Vehementer
644 350 801 388 errasti.
853 350 956 397 Quis
990 349 1098 388 enim
1131 347 1219 387 dies
1248 347 1344 394 fuit,
1376 352 1645 400 posteaquam
1677 347 1717 386 in
1749 347 1866 386 istam

127 414 348 454 accusandi
371 412 724 452 denuntiationem
749 412 956 463 ingressus
978 425 1043 457 es,
1077 424 1199 462 quem
1223 415 1264 449 tu
1289 423 1370 448 non
1393 414 1522 448 totum
1546 409 1586 448 in
1613 410 1689 449 ista
1710 410 1868 449 ratione

127 475 462 528 consumpseris?
520 474 672 512 XXIII.
719 474 865 525 Legem
897 473 1074 512 ambitus
1107 471 1316 523 flagitasti,
1357 484 1461 523 quae
1494 472 1564 510 tibi
1596 485 1678 510 non
1711 472 1869 518 deerat3

127 543 214 577 erat
243 539 351 577 enim
382 536 641 576 severissime
673 536 824 587 scripta
858 535 1098 587 Calpurnia:
1139 538 1278 585 gestus
1309 538 1371 571 est
1401 546 1488 571 mos
1520 539 1558 572 et
1599 533 1800 572 voluntati
1832 538 1872 571 et

127 599 316 651 dignitati
348 605 455 639 tuae.
515 598 595 636 Sed
627 602 710 637 tota
742 598 811 636 illa
842 597 906 635 lvx
939 595 1245 635 accusationem
1277 599 1411 641 tuam,
1452 595 1484 632 si
1515 595 1689 634 haberes
1721 605 1903 634 nocen-r.

129 668 207 701 tem
239 675 375 707 reum,
412 660 585 700 fortasse
628 665 847 698 armasset:
894 656 1082 710 petitioni
1124 669 1221 695 vero
1259 655 1458 708 refragata
1497 662 1570 695 est.
1630 654 1694 695 ,4-7.
1738 658 1871 695 Poena

127 724 290 776 gravior
320 725 358 762 in
391 722 553 775 plebem
585 727 653 761 tua
694 735 790 761 vore
833 720 1054 772 efflagitata
1097 723 1177 764 est;
1218 718 1409 757 commoti
1451 718 1576 756 animi
1615 717 1872 757 tenuiorum:

128 785 295 824 exilium
331 785 371 824 in
411 789 594 823 nostrum
638 784 847 830 ordinem
890 781 1093 820 concessit
1132 785 1299 818 senatus
1339 779 1606 832 postulationi
1650 785 1763 825 tuae,
1804 779 1873 818 sed

127 861 208 886 nou
231 847 406 886 libenter
426 846 631 884 duriorem
654 845 840 884 fortunae
863 842 1068 882 communi
1092 842 1374 881 conditionem
1398 846 1434 880 te
1457 847 1626 881 auctore
1649 843 1876 882 constituit.

127 909 255 949 Morbi
286 908 545 948 excusationi
577 921 706 960 poena
739 907 876 946 addita
909 911 987 945 est:
1027 905 1219 943 voluntas
1252 904 1407 943 offensa
1438 904 1680 951 multorum,
1727 905 1925 958 quibust(-

127 976 196 1010 aut
225 975 366 1010 contra
396 969 644 1009 valetudinis
675 968 932 1008 commodum
965 966 1234 1006 laborandum
1266 970 1328 1004 est
1357 971 1427 1005 aut
1457 966 1717 1006 incommodo
1745 967 1875 1005 morbi

128 1034 250 1072 etiam
281 1031 406 1072 ceteri
438 1032 547 1071 vitae
578 1030 733 1070 fructus
765 1030 1037 1083 relinquendi.
1079 1026 1189 1076 Quid
1221 1030 1346 1079 ergo?
1381 1024 1514 1080 [haec]
1549 1029 1642 1081 quis
1675 1028 1794 1068 tulit?
1826 1029 1876 1075 Is,

130 1095 199 1148 qui
221 1093 451 1134 auctoritati
474 1098 656 1139 senatus,
690 1092 889 1132 voluntati
913 1096 1005 1130 tuae
1028 1089 1183 1142 paruit;
1216 1088 1398 1141 denique
1421 1090 1454 1128 is
1476 1090 1593 1137 tulit,
1624 1090 1688 1130 cui
1711 1091 1878 1130 minime

126 1156 364 1209 proderant.
413 1155 509 1202 Illa,
543 1168 647 1209 quae
680 1168 769 1195 mea
800 1167 957 1194 summa
987 1152 1199 1192 voluntate
1223 1156 1391 1190 senatus
1412 1151 1610 1205 frequens
1632 1153 1878 1205 repudiavit,

129 1219 392 1258 mediocriter
434 1217 649 1256 adversata
693 1217 763 1256 tibi
805 1229 895 1255 esse
936 1214 1182 1254 existimas?
1251 1213 1548 1253 Confusionem
1590 1215 1928 1267 suffragiorumiz

130 1281 342 1333 flagitasti,
374 1279 708 1332 perrogationem
738 1278 843 1330 legis
873 1276 1091 1322 Maniliae,
1123 1275 1414 1328 aequationem
1446 1277 1621 1328 gratiae,
1653 1276 1877 1329 dignitatis,

129 1342 430 1394 suffragiorum.
497 1340 685 1380 Graviter
724 1340 915 1379 homines
953 1337 1118 1377 honesti
1155 1342 1279 1389 atque
1320 1338 1359 1376 in
1399 1339 1483 1377 suis
1522 1338 1799 1378 vicinitatibus
1841 1344 1879 1378 et

129 1403 365 1455 municipiis
407 1402 575 1455 gratiosi
616 1402 817 1448 tulerunt,
857 1414 878 1440 a
918 1400 988 1440 tali
1032 1400 1118 1439 viro
1160 1412 1249 1438 esse
1288 1405 1538 1452 pugnatum,
1576 1405 1621 1439 ut
1658 1413 1800 1440 omnes
1841 1405 1881 1439 et

129 1465 342 1516 dignitatis
390 1469 430 1503 et
475 1464 630 1517 gratiae
670 1463 820 1516 gradus
867 1462 1120 1502 tollerentur.
1194 1460 1307 1500 Idem
1355 1461 1545 1501 editicios
1592 1462 1746 1501 iudices
1788 1475 1878 1502 esso

130 1525 317 1574 voluisti,
348 1532 392 1566 ut
422 1525 515 1565 odia
547 1526 705 1565 occulta
737 1526 908 1571 civium,
940 1537 1045 1578 quae
1079 1523 1213 1563 tacitis
1234 1536 1343 1562 nunc
1366 1523 1585 1563 discordiis
1607 1524 1930 1570 confluentinum

129 1589 170 1628 in
210 1588 394 1629 fortunas
433 1588 578 1640 optimi
618 1588 821 1640 cuiusque
865 1592 1141 1640 erumperent.
1211 1584 1324 1624 Ilaec
1363 1586 1502 1626 omnia
1538 1585 1613 1625 tibi
1658 1585 1877 1625 accusandi

130 1651 234 1689 viam
265 1650 528 1695 muniebant,
559 1649 817 1701 adipiscendi
849 1648 1156 1702 obsaepiebant.

241 1709 306 1750 48.
346 1712 483 1764 Atque
524 1725 576 1750 ex
616 1711 807 1750 omnibus
847 1710 915 1749 illa
959 1710 1080 1763 plaga
1118 1714 1180 1749 est
1219 1710 1370 1749 iniecta
1412 1710 1601 1762 petitioni
1646 1715 1758 1757 tuac,
1798 1723 1879 1750 non

133 1778 289 1813 tacente
321 1785 406 1818 me,
437 1772 636 1811 maxima:
669 1772 720 1811 de
752 1786 833 1825 qua
864 1773 914 1811 ab
945 1772 1110 1811 homine
1139 1772 1475 1824 ingeniosissimo
1508 1778 1547 1811 et
1574 1772 1879 1825 copiosissimo,

130 1834 377 1881 Hortensio,
418 1834 545 1873 multa
584 1834 824 1887 gravissime
866 1834 972 1873 dicta
1014 1838 1121 1873 sunt.
1183 1834 1276 1881 Quo
1308 1834 1432 1874 etiam
1464 1833 1561 1873 mihi
1593 1834 1736 1874 durior
1763 1835 1878 1874 locus
1896 1848 1929 1877 ΞΥ.

130 1902 193 1936 est
221 1896 385 1935 dicendi
412 1895 547 1943 datus,
578 1901 636 1943 ut,
668 1910 758 1935 cum
790 1903 882 1934 ante
914 1909 979 1935 me
1011 1901 1051 1934 et
1070 1895 1140 1935 ille
1162 1896 1335 1935 dixisset
1356 1901 1396 1935 et
1416 1895 1478 1934 vir
1498 1909 1659 1936 summa
1680 1897 1878 1950 dignitate

131 1963 170 1996 et
199 1957 414 2009 diligentia
445 1962 486 1997 et
514 1957 708 1998 facultate
739 1958 926 2005 dicendi,
957 1959 1010 1997 M.
1043 1956 1236 2004 Crassus,
1277 1970 1352 2010 ego
1384 1958 1425 1996 in
1458 1962 1644 1998 extremo
1675 1973 1758 1999 non
1788 1972 1881 2013 par—

132 2025 212 2059 tem
242 2020 425 2073 aliquam
455 2032 619 2072 agerem
651 2033 823 2066 causac,
855 2021 927 2060 sed
960 2020 1010 2059 de
1040 2025 1127 2060 tota
1156 2033 1200 2059 re
1231 2019 1433 2067 dicerem,
1466 2020 1579 2074 quod
1600 2020 1701 2060 mihi
1721 2021 1880 2061 videre-

132 2086 209 2121 tur.
276 2081 421 2135 Itaque
461 2083 503 2121 in
545 2082 676 2122 isdem
718 2082 839 2121 rebus
884 2082 970 2122 fere
1010 2095 1152 2121 versor
1195 2087 1255 2128 et,
1301 2081 1437 2135 quoad
1479 2095 1670 2135 possum,
1707 2083 1879 2131 iudices,

132 2156 301 2184 occurro
331 2149 491 2184 vestrae
523 2144 714 2184 satietati.
773 2143 923 2183 XXIV.
965 2144 1045 2183 Sed
1088 2149 1242 2191 tamen,
1281 2144 1422 2191 Servi,
1468 2157 1590 2198 quam
1632 2148 1671 2184 te
1702 2147 1878 2185 securim
1895 2159 1930 2188 30

134 2211 248 2257 putas
278 2205 472 2245 iniecisse
502 2207 694 2259 petitioni
726 2210 843 2252 tuae,
888 2218 979 2244 cum
1022 2205 1223 2258 populum
1255 2207 1487 2245 Romanum
1526 2205 1569 2244 in
1600 2220 1695 2246 eum
1726 2213 1878 2247 metum

132 2266 358 2314 adduxisti,
388 2273 433 2307 ut
453 2268 764 2321 pertimesceret
783 2281 835 2308 ne
858 2268 1003 2308 consul
1026 2267 1202 2309 Catilina
1222 2265 1361 2315 fieret,
1392 2267 1488 2308 dum
1509 2273 1553 2308 tu
1574 2269 1880 2310 accusationem

219 2504 249 2535 4.
271 2511 365 2543 posse
387 2510 456 2533 om.
483 2510 519 2539 χ.
542 2519 573 2525 -
597 2501 679 2542 quis]
704 2506 782 2540 quot
805 2504 842 2534 G.
865 2519 900 2525 —-
917 2503 952 2534 in
974 2502 1082 2544 istam]
1106 2502 1141 2534 in
1164 2511 1233 2534 om.
1261 2503 1306 2541 C,
1333 2505 1368 2533 tu
1389 2502 1486 2534 istam
1509 2502 1682 2535 Matthiae.
1704 2519 1739 2525 —
1759 2503 1790 2535 3.
1809 2503 1884 2544 agi-

133 2554 210 2585 tasti
231 2563 267 2592 χ.
297 2571 331 2574 —
357 2561 422 2583 non
445 2551 502 2583 tibi
525 2553 562 2583 G.
592 2567 627 2574 -ν-
653 2550 685 2583 4.
711 2551 951 2592 diligentissime
979 2553 1104 2592 scripta
1125 2550 1246 2592 Aquila
1270 2552 1446 2583 Romanus
1470 2551 1501 2592 S.
1527 2552 1580 2583 27.
1608 2569 1643 2573 —-
1670 2555 1699 2583 et
1719 2553 1783 2584 vot.
1810 2556 1885 2584 tuae

133 2607 162 2634 et
184 2604 273 2643 dign.
299 2606 374 2634 tuae
396 2611 429 2632 κ’.
466 2619 499 2622 —
534 2601 564 2632 6.
590 2601 678 2642 vero]
710 2610 775 2632 non
798 2602 834 2632 T.
868 2620 903 2624 —
935 2602 965 2633 7.
997 2602 1100 2633 animi
1130 2605 1205 2633 sunt
1233 2602 1418 2633 tenuiorum
1441 2602 1476 2633 L.
1513 2620 1548 2624 —
1579 2602 1610 2634 8.
1636 2602 1772 2633 exilium
1795 2603 1882 2638 mei:

133 2653 282 2683 eaesiliton
306 2653 344 2683 O.
373 2670 406 2673 -
435 2652 486 2682 Μ.
513 2650 582 2691 aut]
606 2653 714 2682 autem
738 2660 773 2687 χ.
804 2668 834 2674 -
862 2651 1053 2682 valitudinis
1075 2652 1156 2682 mei.
1186 2669 1221 2673 —
1249 2652 1300 2683 42.
1327 2651 1425 2682 etiam
1447 2651 1552 2682 eoeteri
1574 2661 1610 2689 χ,
1641 2670 1673 2674 -
1700 2653 1786 2692 quod
1808 2661 1885 2693 ergo

135 2702 170 2733 E.
200 2718 234 2722 -
259 2701 339 2732 haec
361 2709 430 2731 om.
458 2702 494 2732 G.
518 2718 549 2721 —
579 2701 649 2731 tuli!
675 2701 700 2730 is
723 2701 791 2739 qui]
814 2701 979 2740 comisque
1003 2702 1040 2732 G.
1063 2719 1098 2723 —
1118 2700 1169 2732 13.
1195 2701 1248 2732 cut
1272 2701 1320 2732 M:
1347 2709 1420 2731 cum
1443 2701 1662 2738 EGSTzv.
1684 2718 1719 2723 —
1740 2701 1791 2733 44.
1807 2711 1886 2741 pro-

133 2751 249 2782 derant
277 2758 346 2780 om.
371 2750 413 2788 T,
438 2750 653 2789 prodiderant
684 2758 719 2781 v:
754 2750 911 2788 proderat
942 2750 1022 2781 Ern.
1049 2758 1166 2790 susp.;
1202 2750 1278 2781 sort.
1302 2751 1358 2790 qui
1387 2750 1520 2781 ‘minime
1547 2749 1719 2789 probarat.
1748 2768 1782 2771 —
1813 2750 1883 2790 Illa]

136 2800 357 2840 «Legendum
380 2799 480 2838 qaid?
502 2799 575 2837 itta,
602 2800 638 2829 ut
662 2797 791 2829 habent
816 2798 969 2830 nonnulli
992 2798 1068 2830 libri
1094 2800 1198 2830 etiam
1222 2800 1418 2840 impressi.»
1445 2798 1565 2830 Lamb.
1586 2817 1620 2820 —
1645 2800 1728 2838 mea]
1753 2808 1826 2830 mea
1841 2803 1886 2830 est

135 2853 172 2882 G.
201 2868 234 2871 —
260 2849 472 2889 repudiorum
493 2849 652 2889 flagitasti
677 2848 800 2878 mediis
825 2848 963 2879 omissis
988 2848 1024 2879 E.
1052 2866 1086 2869 —
1114 2849 1165 2879 45.
1192 2848 1248 2879 tibi
1271 2849 1398 2880 advers.
1424 2857 1457 2879 v,
1485 2866 1519 2870 —
1547 2849 1599 2880 46.
1621 2849 1886 2888 perrogationem

134 2899 400 2932 Mommsenius:
422 2899 686 2939 prorogationem
711 2898 734 2928 Ε
750 2900 772 2927 (ὲ
790 2898 832 2935 M,
859 2898 877 2927 ὅ
899 2896 992 2929 Pali..
1018 2898 1064 2928 St.
1082 2898 1182 2934 Vict.;
1206 2899 1474 2938 prorogationem
1493 2906 1525 2929 v.
1544 2915 1578 2920 —
1604 2897 1727 2928 manile
1746 2898 1791 2935 G,
1816 2906 1887 2927 ma-

135 2950 234 2981 tuliae
251 2958 287 2986 χ,
312 2948 481 2979 Mamittae
503 2948 538 2979 L.
565 2949 607 2979 At
622 2957 654 2978 v.
674 2948 734 2978 Th.
754 2947 949 2977 Mommsen
973 2947 1010 2977 de
1033 2946 1173 2986 collegiis
1196 2950 1225 2977 et
1248 2947 1349 2978 sodal.
1368 2948 1459 2978 Rom.
1478 2945 1565 2986 p.-l-8
1588 2947 1659 2977 not.
1679 2946 1718 2977 28
1744 2948 1777 2976 et
1800 2946 1887 2977 Dru-

137 2999 254 3030 manni
273 2998 345 3028 hist.
364 2998 453 3028 Hom.
469 2997 507 3028 V.
527 3006 560 3037 p.
576 2996 637 3029 447
662 2999 732 3027 not.
751 2996 803 3027 62.
822 3013 854 3018 ——
884 2996 935 3026 47.
952 2995 1172 3026 vicinitatibus
1189 2997 1215 3026 G
1232 2998 1266 3027 et
1281 2997 1328 3027 St.
1348 2996 1451 3027 Vict.:
1479 2994 1662 3026 civitatibus
1678 3003 1699 3025 v
1723 2996 1758 3026 et
1780 2993 1883 3026 codd.

136 3046 209 3079 rell.
235 3047 317 3079 noti.
345 3064 379 3068 -
405 3047 445 3085 et]
469 3049 499 3078 et
519 3046 554 3077 in
577 3047 601 3077 G
616 3047 653 3077 C.
682 3063 715 3066 —
750 3045 802 3076 48.
828 3044 1002 3084 municipis
1024 3044 1061 3075 G.
1084 3062 1118 3066 —
1138 3044 1190 3076 1¹9.
1215 3045 1299 3076 idem
1322 3046 1354 3077 M
1365 3054 1404 3075 v:
1432 3045 1534 3076 eidem
1556 3044 1580 3076 E
1595 3045 1621 3075 G
1647 3045 1681 3075 et
1704 3044 1723 3075 5
1747 3043 1829 3075 Oxx.
1847 3061 1881 3065 -

135 3097 290 3128 eiditicios
312 3098 356 3135 G,
380 3095 529 3126 editiosos
550 3104 582 3127 v.
611 3113 646 3118 —
671 3096 724 3127 20.
751 3094 877 3125 occulta
900 3103 969 3125 om.
997 3094 1040 3132 G,
1067 3093 1230 3125 occultata
1252 3103 1285 3125 v.
1315 3112 1349 3116 —
1375 3094 1428 3126 21¹.
1455 3093 1621 3135 cuiusque]
1645 3094 1727 3125 ciuis
1748 3099 1829 3134 ψν.
1848 3111 1882 3115 -

135 3147 189 3178 22.
213 3145 401 3177 minuebant
422 3154 455 3176 V.
484 3162 519 3167 —-
544 3144 597 3177 24.
622 3145 768 3176 maxime
792 3146 829 3175 G.
857 3161 891 3165 —
927 3144 981 3175 26.
1007 3144 1103 3174 datas
1125 3151 1194 3175 om.
1220 3153 1257 3180 χ.
1285 3160 1319 3164 -
1346 3151 1397 3174 me
1418 3146 1455 3174 ut
1477 3142 1531 3174 ille
1553 3143 1591 3174 G.
1620 3160 1655 3164 —
1686 3143 1740 3175 29.
1765 3142 1887 3174 hisdem

137 3196 252 3228 GMv.
286 3213 322 3219 —-
352 3194 460 3235 quoad
487 3194 609 3226 EHL:
642 3195 728 3233 quod
758 3194 828 3225 GM
840 3202 873 3225 V.
908 3211 942 3214 —
975 3192 1027 3224 30.
1061 3192 1204 3224 satietati
1234 3194 1260 3223 G
1292 3191 1366 3232 (sed
1395 3191 1573 3231 sacietati),
1604 3193 1641 3223 ut
1672 3192 1886 3223 Hotomanus

132 3245 346 3277 coniecerat:
379 3243 532 3284 sapietati
560 3244 637 3275 Par.
662 3242 702 3282 4,
733 3244 850 3283 pietati
879 3245 955 3274 Par.
981 3244 1020 3281 4,
1053 3242 1232 3281 sapientiae
1255 3242 1359 3273 EMv
1389 3242 1424 3273 et
1446 3240 1520 3272 rell.
1556 3258 1591 3263 ›—
1625 3240 1680 3272 sed
1707 3244 1815 3272 tamen
1837 3240 1881 3272 E:

128 3295 182 3325 sed
204 3298 272 3326 tam
295 3295 344 3333 Μ,
377 3294 431 3326 sed
453 3297 488 3324 tu
509 3301 551 3330 v,
577 3295 740 3326 certamen
764 3294 802 3324 G.
839 3310 872 3314 -
907 3300 1002 3331 quem
1025 3294 1054 3324 le
1076 3299 1226 3323 securum
1249 3300 1281 3323 v.
1316 3309 1358 3314 —-
1389 3290 1442 3324 34.
1467 3294 1544 3323 tuae
1565 3297 1636 3322 om.
1662 3294 1709 3331 ψ.
1744 3306 1777 3311 -—
1809 3298 1881 3321 cum

128 3343 292 3382 Gva:
317 3352 392 3376 cum
416 3346 451 3376 tu
474 3342 550 3375 EO.
