2143 3713
624 233 718 274 Cn».
747 232 846 272 XIII
857 253 910 261 —
921 232 1029 272 XIV.
1068 230 1140 285 §§.
1171 228 1224 270 35
1235 252 1288 260 —
1300 228 1365 270 41.
1789 227 1868 269 529

129 348 329 389 confiteri.
371 348 512 401 Itaque
544 349 712 399 propter
731 343 837 382 hanc
858 344 1072 383 avaritiam
1094 344 1385 396 imperatorum
1407 347 1581 395 quantas
1603 342 1868 391 calamitates,

129 423 395 465 quocumque
416 413 582 448 ventum
604 406 668 452 sit,
699 406 827 444 nostri
851 405 1056 445 exercitus
1078 405 1231 451 ferant,
1263 404 1356 456 quis
1378 403 1571 455 ignorat?
1616 402 1681 443 38.
1704 406 1868 452 Itinera,

128 486 234 526 quae
265 486 339 525 per
367 472 488 511 hosce
518 480 648 508 annos
679 467 721 506 in
751 467 869 506 Italia
900 481 972 520 per
1001 480 1121 519 agros
1151 471 1274 519 atque
1306 465 1460 517 oppida
1490 466 1642 505 civium
1664 468 1871 506 Romano-

128 548 217 574 rum
239 533 369 573 nostri
392 532 660 584 imperatores
681 527 874 575 fecerint,
909 528 1208 568 recordamini:
1240 532 1324 566 tum
1345 526 1509 567 facilius
1531 528 1735 575 statuetis,
1769 528 1870 581 quid

128 596 237 650 apud
279 599 440 635 exteras
480 591 667 631 nationes
704 588 792 629 sieri
832 591 1088 630 existimetis.
1149 589 1292 629 Utrum
1331 589 1471 642 plures
1510 589 1760 629 arbitramini
1800 597 1903 643 per5

127 658 254 697 hosce
285 667 415 696 annos
446 653 623 692 militum
653 656 883 691 vestrorum
915 652 1040 692 armis
1070 651 1251 691 hostium
1283 651 1427 698 urbes,
1458 664 1510 690 an
1531 651 1716 691 hibernis
1738 651 1873 691 socio-

127 733 218 759 rum
257 717 441 759 civitates
482 727 571 755 esse
610 714 797 753 deletas?
842 715 987 768 Neque
1019 713 1127 753 enim
1166 718 1305 766 potest
1336 713 1564 753 exercitum
1595 713 1629 753 is
1661 713 1874 753 continere

128 781 373 832 imperator,
414 777 485 831 qui
517 789 560 816 se
590 777 678 829 ipse
710 789 793 815 non
827 777 1032 822 continet,
1072 788 1209 828 neque
1242 788 1411 815 severus
1444 788 1534 815 esse
1566 776 1607 815 in
1638 775 1875 824 iudicando,

129 843 199 894 qui
239 841 341 881 alios
379 839 420 878 in
463 851 506 878 se
550 851 716 878 severos
748 851 837 878 esse
870 838 1028 877 iudices
1059 850 1143 876 non
1175 837 1274 876 vult.
1334 834 1399 876 39.
1430 837 1506 877 Hic
1538 838 1735 876 miramur
1764 837 1874 876 hunc

127 903 336 942 hominem
376 905 534 940 tantum
575 900 780 940 excellcre
814 900 983 946 ceteris,
1030 899 1148 938 cuius
1180 899 1366 952 legiones
1399 899 1455 938 sic
1487 899 1529 938 in
1559 900 1698 940 Asiam
1730 907 1924 953 perve-io

127 965 285 1011 nerint,
323 966 369 1002 ut
408 975 491 1001 non
532 963 656 1002 modo
690 975 836 1001 manus
867 963 967 1002 tanti
999 962 1227 1009 exercitus,
1268 962 1339 1001 sed
1370 975 1422 1001 ne
1453 962 1674 1015 vestigium
1707 961 1874 1014 quidem

127 1026 319 1078 cuiquam
358 1030 504 1076 pacato
546 1024 738 1063 nocuisse
779 1025 969 1063 dicatur?
1017 1025 1098 1063 Iam
1141 1037 1237 1063 vero
1284 1037 1407 1077 quem
1440 1024 1490 1064 ad
1522 1024 1691 1064 modum
1724 1024 1875 1063 milites

124 1086 365 1133 hibernent,
407 1085 593 1139 quotidie
634 1099 845 1125 sermones
885 1099 931 1125 ac
980 1085 1140 1124 litterae
1180 1085 1471 1139 perferuntur:
1516 1100 1600 1126 non
1640 1086 1785 1134 modo,
1832 1092 1877 1126 ut

126 1153 334 1201 sumptum
365 1147 489 1187 faciat
519 1147 559 1186 in
592 1147 783 1194 militem,
815 1148 969 1187 nemini
1000 1147 1062 1187 vis
1095 1148 1286 1194 affertur,
1320 1148 1391 1187 sed
1423 1162 1473 1188 ne
1501 1149 1682 1202 cupienti
1707 1149 1875 1202 quidem

127 1210 320 1262 cuiquam
341 1209 615 1263 permittitur:
647 1209 795 1248 hiemis
818 1210 942 1255 enim,
965 1223 1047 1249 non
1068 1209 1266 1248 avaritiae
1289 1209 1524 1262 perfugium
1546 1211 1722 1250 maiores
1744 1210 1875 1250 nostri
1894 1216 1926 1246 ¹5

125 1272 168 1311 in
200 1271 405 1311 sociorum
438 1276 562 1324 atque
594 1271 820 1310 amicorum
849 1272 967 1311 tectis
1000 1284 1090 1310 esse
1122 1270 1356 1311 voluerunt.
1410 1272 1519 1312 XIV.
1551 1269 1615 1312 40.
1646 1274 1732 1326 Age
1762 1286 1874 1320 ver0,

126 1333 271 1373 ceteris
303 1333 345 1372 in
377 1333 498 1373 rebus
530 1333 644 1386 quali
675 1333 727 1372 sit
758 1334 1050 1386 temperantia,
1093 1333 1368 1374 considerate.
1427 1335 1544 1375 Unde
1574 1334 1689 1374 illam
1720 1339 1874 1375 tantam

125 1394 378 1435 celeritatem
419 1400 459 1436 et
496 1400 578 1435 tam
618 1395 906 1436 incredibilem
947 1409 1114 1436 cursum
1153 1395 1368 1436 inventum
1407 1397 1596 1449 putatis?
1640 1399 1733 1438 Non
1765 1398 1875 1437 enim

124 1456 241 1496 illum
272 1458 426 1497 eximia
455 1458 517 1498 vis
547 1457 749 1510 remigum
771 1462 842 1497 aut
862 1471 928 1497 ars
952 1457 1141 1497 inaudita
1163 1459 1367 1511 quaedam
1389 1459 1650 1512 gubernandi
1671 1465 1743 1501 aut
1762 1459 1875 1500 venti

124 1517 255 1572 aliqui
285 1519 384 1559 novi
415 1525 497 1559 tam
529 1519 720 1559 celeriter
749 1519 792 1558 in
820 1519 985 1559 ultimas
1006 1525 1136 1559 terras
1156 1520 1434 1573 pertulerunt,
1466 1521 1539 1561 sed
1561 1535 1634 1562 eae
1655 1536 1735 1570 res,
1768 1534 1875 1575 quae
1888 1528 1925 1557 20

126 1585 286 1621 ceteros
315 1582 514 1621 remorari
545 1581 703 1628 solent,
734 1594 818 1621 non
848 1581 1138 1621 retardarunt:
1170 1596 1252 1622 non
1274 1583 1446 1624 avaritia
1466 1585 1517 1624 ab
1539 1584 1729 1625 instituto
1752 1598 1875 1625 cursu

125 1641 177 1681 ad
207 1643 406 1696 praedam
436 1643 620 1696 aliquam
652 1643 891 1691 devocavit,
921 1657 1005 1683 non
1036 1643 1164 1684 libido
1196 1645 1247 1685 ad
1269 1645 1544 1699 voluptatem,
1575 1661 1659 1687 non
1690 1646 1876 1687 amoeni-

126 1709 189 1744 tas
219 1703 270 1743 ad
302 1705 641 1752 delectationem,
672 1719 756 1745 non
787 1705 983 1746 nobilitas
1014 1705 1127 1745 urbis
1157 1707 1208 1746 ad
1240 1708 1544 1760 cognitionem,
1575 1723 1660 1749 non
1692 1710 1874 1763 denique

127 1765 246 1805 labor
276 1766 365 1818 ipse
395 1766 447 1805 ad
478 1767 682 1820 quietem3
725 1773 935 1820 postremo
968 1768 1085 1821 signa
1115 1773 1156 1807 et
1186 1769 1346 1809 tabulas
1378 1775 1601 1825 ceteraque
1632 1777 1875 1813 ornamenta

127 1826 377 1867 Graecorum
408 1828 680 1881 oppidorum,
712 1842 818 1882 quae
849 1830 974 1869 ceteri
1007 1830 1190 1870 tollenda
1219 1845 1310 1871 esse
1331 1832 1603 1882 arbitrantur,
1635 1847 1682 1873 ea
1703 1833 1781 1874 sibi
1803 1833 1873 1873 ille
1887 1839 1923 1868 25

125 1901 178 1928 ne
207 1890 379 1929 visenda
409 1889 578 1943 quidem
610 1891 875 1931 existimavit.
935 1889 1000 1931 4-1.
1032 1893 1177 1945 Itaque
1209 1906 1351 1933 omnes
1383 1907 1492 1934 nunc
1522 1895 1566 1934 in
1597 1896 1648 1936 iis
1673 1897 1777 1937 locis
1801 1896 1872 1936 Cn.

125 1951 367 2005 Pompeium
398 1952 506 1992 sicut
536 1953 716 2006 aliquem
749 1967 832 1993 non
865 1967 916 1993 ex
953 1954 1028 1993 hac
1060 1954 1160 1993 urbe
1193 1956 1385 2003 missum,
1427 1956 1498 1996 sed
1531 1957 1581 1998 de
1613 1959 1729 1999 caelo
1761 1958 1874 1998 dela-

125 2027 246 2067 psum
277 2013 511 2061 intuentur3
543 2028 653 2054 nunc
684 2015 866 2069 denique
897 2016 1103 2069 incipiunt
1133 2017 1325 2065 credere,
1356 2017 1485 2059 fuisse
1511 2019 1703 2061 homines
1724 2021 1874 2060 Roma-

125 2089 201 2116 nos
241 2075 317 2115 hac
347 2076 556 2128 quondam
598 2078 874 2125 continentia,
919 2078 1033 2131 quod
1064 2079 1145 2118 iam
1176 2079 1414 2120 nationibus
1446 2083 1597 2121 exteris
1628 2082 1873 2121 incredibile

126 2151 172 2178 ac
201 2137 306 2178 falso
337 2138 561 2178 memoriae
592 2138 802 2191 proditum
834 2139 1070 2187 videbatur3
1102 2155 1212 2181 nunc
1234 2141 1397 2194 imperii
1420 2144 1546 2182 vestri
1569 2143 1768 2196 splendor
1786 2145 1871 2185 illis
1885 2150 1920 2180 30

125 2200 317 2253 gentibus
337 2199 470 2239 lucem
492 2200 637 2240 afferre
653 2201 812 2253 coepit;
834 2215 944 2241 nunc
962 2202 1200 2255 intelligunt
1220 2217 1304 2243 non
1325 2204 1415 2244 sine
1432 2218 1558 2245 causa
1574 2206 1752 2247 maiores
1774 2221 1872 2247 suos

125 2267 225 2309 tum,
256 2275 349 2301 cum
380 2274 428 2301 ea
447 2264 719 2316 temperantia
740 2264 1003 2316 magistratus
1022 2264 1291 2313 habebamus,
1323 2266 1477 2307 servire
1497 2269 1656 2321 populo
1683 2270 1871 2310 Romano
1904 2305 1907 2306 γ

126 2335 252 2376 quam
289 2323 492 2377 imperare
532 2324 624 2364 aliis
654 2325 863 2365 maluisse.
911 2327 997 2366 Iam
1028 2340 1126 2366 vero
1156 2328 1214 2367 ita
1241 2327 1385 2368 faciles
1416 2329 1553 2369 aditus
1583 2330 1634 2370 ad
1666 2345 1759 2372 eum
1789 2333 1873 2386 pri-

124 2389 332 2433 vatorum,
369 2385 428 2425 ita
465 2385 618 2426 liberae
650 2387 939 2440 querimoniae
970 2388 1021 2428 de
1051 2389 1227 2429 aliorum
1257 2389 1420 2431 iniuriis
1452 2404 1541 2431 esse
1572 2392 1787 2442 dicuntur,
1827 2399 1873 2434 ut

124 2445 180 2494 is,
211 2446 283 2501 qui
313 2446 512 2501 dignitate
542 2448 800 2502 principibus
834 2449 1022 2499 excellit,
1052 2450 1251 2491 facilitate
1281 2450 1434 2493 infimis
1462 2467 1538 2507 par
1558 2467 1648 2495 esse
1669 2455 1871 2495 videatur.
1885 2460 1922 2491 35

208 2594 240 2627 2.
263 2597 395 2627 ventum
417 2598 462 2627 est
483 2594 649 2628 Halmius.
678 2613 713 2617 —
751 2596 904 2636 adferant
928 2598 965 2629 C.
1004 2614 1038 2620 —
1075 2597 1106 2630 4.
1130 2599 1265 2639 fecerint
1287 2601 1312 2632 E
1327 2600 1374 2631 V:
1406 2600 1552 2641 fecerunt
1583 2602 1642 2634 FB
1656 2603 1683 2634 A
1697 2602 1755 2637 1.ss
1769 2604 1805 2635 O.
1834 2621 1869 2626 —

122 2643 338 2676 recordemini
359 2643 436 2684 ‘nl-1
464 2663 500 2668 —
525 2645 613 2685 quid]
638 2645 694 2684 qui
718 2646 755 2677 B.
776 2663 811 2668 —
837 2647 868 2678 ὃ.
895 2647 1036 2689 exteras]
1059 2651 1183 2680 ceteras
1205 2649 1249 2687 E?
1276 2658 1344 2681 om.
1364 2649 1403 2681 V.
1431 2650 1481 2682 Cf.
1499 2660 1532 2682 v,
1552 2651 1604 2683 29.
1626 2670 1661 2674 —
1687 2652 1717 2684 6.
1742 2655 1873 2683 nostro-

122 2702 200 2726 rum
220 2693 256 2726 F.
282 2710 318 2716 —
343 2694 375 2726 7.
400 2693 428 2725 is
450 2694 630 2734 imperator
652 2696 815 2728 continere
836 2697 1016 2728 exercituin
1039 2695 1080 2736 (Β.
1109 2716 1144 2721 -
1179 2698 1211 2730 8.
1236 2699 1304 2739 ipse
1326 2698 1452 2739 EV‘B‚
1479 2709 1548 2741 mg.
1568 2701 1609 2735 8:
1641 2701 1747 2741 ipsum
1770 2703 1832 2733 ΒΑ
1846 2702 1871 2733 L

122 2741 197 2777 20.
217 2759 252 2766 —-
277 2751 336 2775 nec
351 2743 386 2775 F.
407 2759 442 2768 —
471 2744 522 2776 ⁴0.
543 2746 751 2785 pervenerint
770 2746 872 2777 EVB
886 2747 929 2777 A:
951 2750 1169 2786 pervenerunt
1191 2748 1214 2779 F
1228 2749 1251 2779 L
1265 2747 1336 2782 80.
1358 2766 1393 2771 -—
1421 2750 1472 2781 42.
1494 2754 1593 2789 pacto
1610 2751 1643 2782 F.
1664 2768 1698 2772 —
1720 2751 1771 2782 43.
1790 2759 1873 2790 quo-

123 2793 200 2825 tidie
221 2793 266 2825 ad
286 2801 346 2825 uos
367 2793 495 2825 litterae
512 2795 726 2835 perferuntur
741 2803 780 2826 ac
795 2803 956 2827 sermones
977 2795 1072 2827 huius
1087 2805 1107 2827 a
1123 2797 1233 2829 milite.
1252 2798 1296 2828 ad
1310 2801 1474 2838 sumptum
1488 2800 1610 2831 nemini
1625 2800 1676 2831 uis
1691 2800 1871 2839 adhibetur,

123 2843 178 2874 sed
199 2851 239 2876 ne
260 2843 402 2884 cupienti
425 2843 554 2882 quidem
576 2845 657 2877 dare
675 2845 876 2885 permittitur
898 2843 939 2883 ‘B-
968 2863 1003 2867 —-
1030 2846 1080 2877 47.
1107 2847 1197 2886 quali
1221 2848 1255 2886 F,
1282 2847 1336 2879 ed.
1363 2847 1502 2888 Aldina,
1528 2848 1606 2883 Lss:
1634 2849 1741 2889 qualis
1764 2849 1871 2881 WCb

123 2892 285 2931 EVA03
311 2901 395 2933 quae
418 2892 487 2929 Ch;
514 2901 580 2931 qua
603 2892 651 2933 {133
678 2903 745 2934 qua
769 2895 796 2925 is
817 2893 966 2927 Klotzius
988 2894 1044 2926 ed.
1070 2894 1127 2927 alt.
1150 2914 1184 2918 —
1212 2896 1263 2928 48.
1289 2897 1464 2938 inventum]
1490 2901 1606 2929 natum
1628 2899 1671 2935 L;
1697 2899 1813 2929 initum
1836 2897 1871 2932 2.

128 2959 163 2964 —
189 2942 240 2974 ⁴9.
265 2943 390 2975 eximia
417 2942 476 2983 vis]
506 2951 623 2974 manus
645 2942 688 2983 ᾧ.
717 2962 752 2967 -
784 2944 836 2975 ⁶20.
862 2944 937 2975 novi
968 2945 1071 2984 aliqui
1094 2946 1128 2977 F.
1157 2963 1190 2967 —
1226 2946 1408 2977 detulerunt
1430 2947 1470 2978 V.
1508 2965 1542 2969 —
1574 2947 1641 2989 eae]
1665 2948 1719 2979 hee
1742 2948 1787 2983 V3
1813 2948 1874 2979 hae

126 2990 152 3022 E
165 2991 187 3022 F
199 2991 224 3023 B
236 2993 264 3024 A
276 2991 310 3027 ἓ.
331 3010 365 3014 -
392 2993 444 3024 22.
471 2993 636 3025 devocavit
657 2994 701 3025 W
716 2993 791 3025 Cbh
808 2994 832 3025 E
846 2995 874 3024 V
887 2993 916 3031 *B
929 2995 953 3025 B
967 2996 994 3025 A
1009 2995 1052 3026 O:
1079 2996 1243 3026 revocarit
1265 2996 1287 3026 F
1300 2996 1324 3027 L
1340 2994 1372 3029 ἓ.
1394 3013 1428 3018 —-
1454 2996 1507 3027 ⁵25.
1532 2997 1689 3028 tollensda
1706 2998 1748 3035 Ρ,
1775 2998 1872 3029 cuius

128 3039 222 3080 quod
245 3043 405 3083 superest
428 3042 658 3083 fragmentum
683 3043 725 3074 ab
750 3044 816 3075 hoc
839 3044 914 3084 ipso
931 3044 1039 3075 verbo
1064 3045 1191 3085 incipit.
1214 3060 1248 3066 —
1274 3045 1326 3076 26.
1347 3053 1454 3076 omnes
1476 3046 1595 3077 PEV:
1623 3055 1730 3077 omnes
1745 3047 1873 3086 quidem

127 3088 313 3123 RALsso.
335 3109 370 3114 —
395 3092 436 3123 iis
459 3091 541 3132 (istis
563 3090 682 3123 litteris
706 3096 733 3124 st
757 3094 946 3134 expunctis)
965 3094 1011 3123 Y:
1037 3093 1098 3125 hiis
1120 3094 1254 3125 Monac.
1274 3102 1311 3129 e;
1336 3094 1384 3125 his
1407 3093 1593 3128 RALsso.
1616 3113 1649 3117 —
1675 3095 1727 3126 ΕΠ.
1746 3095 1874 3135 lapsum

127 3134 244 3175 OEFA.
265 3157 300 3162 —
325 3140 378 3173 28.
403 3140 580 3182 intuentur]
605 3142 771 3173 mirantur
787 3140 828 3181 Ἦ.
848 3159 883 3163 -
910 3142 961 3173 29.
989 3143 1156 3181 quandam
1171 3144 1207 3174 P.
1228 3160 1257 3164 —
1288 3144 1487 3176 continentia
1508 3145 1589 3177 PE:
1615 3145 1809 3176 continenda
1825 3146 1869 3184 V;

127 3185 322 3220 abstinentia
343 3189 534 3224 RALQO.
563 3208 598 3212 —
631 3191 761 3232 eoeteris]
791 3192 903 3222 ceteris
928 3191 1001 3223 EV.
1036 3192 1085 3224 Cf.
1110 3201 1143 3224 v,
1169 3193 1199 3225 5.
1226 3210 1260 3214 —
1298 3192 1350 3224 30.
1376 3194 1493 3234 imperi
1515 3196 1551 3226 P.
1579 3211 1614 3216 —-
1645 3194 1743 3225 vestri
1766 3195 1828 3226 PC
1845 3195 1871 3227 E

127 3235 209 3267 LO:
234 3238 337 3269 nostri
357 3238 508 3273 vFAss.
536 3256 570 3261 -
598 3238 649 3270 3¹.
675 3240 778 3272 lucem
801 3241 920 3280 afferre
943 3240 1087 3281 (adferre
1109 3242 1183 3281 PC)
1208 3242 1311 3281 coepit
1333 3243 1454 3282 (caepit
1477 3243 1520 3283 C,
1547 3245 1628 3284 cepit
1649 3244 1688 3283 V)
1713 3244 1775 3276 PC
1790 3245 1869 3276 EV:

129 3283 210 3316 lucet
230 3285 414 3321 RALQO.
435 3306 470 3312 —
496 3289 548 3321 32.
575 3298 615 3321 ea
635 3288 723 3331 (aea)
746 3292 790 3322 P:
815 3291 877 3322 hac
899 3289 1035 3324 RALss
1049 3291 1085 3322 O.
1108 3309 1142 3313 —
1168 3291 1344 3323 habeamus
1365 3292 1443 3324 EV.
1464 3310 1498 3314 —
1526 3293 1578 3325 35.
1603 3293 1741 3336 eaecellit]
1771 3293 1868 3327 «fort.

128 3334 306 3366 antecellit»
330 3345 400 3378 mg.
417 3336 452 3373 8.
473 3357 508 3363 -
533 3339 655 3380 facilite
676 3341 713 3372 P.
735 3357 769 3363 —-
793 3340 913 3381 infimis
930 3348 998 3379 par
1020 3340 1082 3372 PE
1095 3338 1165 3380 ΨΒ
1178 3341 1236 3373 FB
1250 3342 1294 3374 A:
1314 3350 1383 3382 par
1404 3341 1523 3383 infimis
1545 3343 1570 3374 L
1583 3342 1653 3377 ΕΟ.

186 3395 303 3427 Cicnno
323 3396 356 3428 Τ.
371 3397 404 3429 Π.
1537 3403 1589 3446 34-
