2143 3713
247 202 325 245 604-
735 209 803 249 DE
834 209 971 250 LEGE
1003 210 1235 252 AGRARIA
1264 212 1418 253 LIBER
1448 214 1479 253 I.

245 319 350 359 roris
383 325 422 359 et
451 319 571 368 mali,
601 333 693 361 cum
724 322 993 362 immittantur
1022 323 1064 361 in
1086 323 1226 363 orbem
1249 329 1448 365 terrarum
1470 325 1690 366 decemviri
1711 340 1870 368 summo
1892 344 1982 370 cum

245 381 439 433 imperiO,
470 395 629 422 summa
660 397 751 423 cum
772 384 942 423 avaritia
967 382 1211 438 infinitaque
1232 399 1368 426 rerum
1391 388 1574 427 omnium
1597 389 1850 440 cupiditate?
1882 405 1984 444 quo-

244 457 334 483 rum
366 457 457 483 culn
489 444 692 486 adventus
729 460 892 499 graves,
936 459 1027 485 cum
1065 445 1196 485 fasces
1226 447 1503 496 formidolosi,
1545 456 1629 488 tum
1659 463 1755 490 vero
1785 452 1983 492 iudicium

244 517 291 544 ac
330 510 514 558 potestas
554 508 632 548 erit
669 522 752 548 non
791 508 972 548 serenda.
1031 508 1193 547 Licebit
1232 510 1342 549 enim
1383 511 1494 563 quod
1529 511 1736 550 videbitur
1774 514 1983 566 publicum

212 566 450 615 5iudicare‚
491 570 603 623 quod
643 570 862 610 iudicarint
900 570 1093 610 vendere.
1151 570 1285 611 Etiam
1324 571 1449 619 illud,
1493 572 1604 625 quod
1635 572 1822 614 homines
1854 577 1984 616 sancti

244 641 327 667 non
357 628 529 678 facient,
560 636 605 671 ut
635 633 852 684 pecuniam
874 632 1097 684 accipiant,
1128 645 1179 670 ne
1201 632 1403 680 vendant,
1437 640 1572 673 tamen
1604 635 1643 673 id
1674 635 1723 674 iis
1746 636 1881 688 ipsum
1911 652 1986 690 per

243 690 375 742 legem
406 691 555 732 licebit.
614 694 717 733 llinc
754 708 826 733 vos
860 707 963 747 quas
995 694 1284 747 spoliationes,
1315 710 1416 749 quas
1448 698 1683 750 pactiones,
1715 711 1838 751 quam
1871 699 1987 739 deni-

244 766 324 806 que
363 753 405 793 in
444 755 636 795 omnihus
677 756 778 795 locis
809 757 1150 795 nundinationem
1181 757 1283 796 iuris
1313 770 1360 797 ac
1390 758 1647 798 fortunarum
1678 759 1766 800 fore
1797 762 1986 813 putatis?

244 813 308 854 flO.
337 816 501 856 Etenim
532 818 644 871 quod
667 819 880 871 superiore
905 824 1020 870 parte
1052 818 1154 871 legis
1186 817 1443 871 praefinitum
1474 820 1549 859 fuit
1580 822 1693 861 Sulla
1723 828 1763 862 et
1793 824 1987 877 Pompeio

196 878 502 926 toconsulibus,
546 879 589 918 id
633 894 774 919 rursus
814 880 988 919 liberum
1030 879 1318 934 infinitumque
1358 882 1556 921 fecerunt.
1617 885 1683 922 [V.
1716 885 1834 924 Iubet
1875 886 1984 925 enim

242 940 408 980 eosdem
439 942 694 981 decemviros
725 942 917 981 omnibus
949 943 1060 995 agris
1090 943 1267 995 publicis
1299 945 1530 997 pergrande
1557 946 1728 999 vectigal
1760 947 1988 1000 imponere,

241 1008 286 1042 ut
325 1003 449 1042 iidem
489 1003 650 1055 possint
681 1010 720 1043 et
758 1004 935 1043 liberare
967 1018 1086 1056 agros
1120 1018 1226 1057 quos
1268 1007 1527 1045 commodum
1569 1007 1623 1046 sit
1661 1013 1701 1047 et
1740 1023 1845 1062 quos
1886 1011 1988 1063 ipsis

242 1064 368 1103 libeat
405 1065 629 1117 publicare.
684 1067 776 1114 Quo
819 1067 859 1105 in
899 1067 1053 1106 iudicio
1090 1067 1269 1120 perspici
1300 1081 1384 1107 non
1414 1075 1570 1120 potest,
1613 1074 1748 1109 utrum
1789 1073 1987 1112 severitas

243 1126 429 1166 acerbior
458 1141 510 1167 an
539 1128 774 1181 benignitas
806 1130 1095 1182 quaestuosior
1125 1131 1176 1170 sit
1206 1130 1357 1170 sutura.

194 1195 229 1225 ⁴5
354 1189 460 1229 Sunt
495 1195 632 1229 tamen
671 1191 713 1230 in
744 1196 830 1230 tota
860 1191 949 1244 lege
982 1193 1248 1245 exceptiones
1279 1193 1406 1242 duae,
1438 1209 1521 1234 non
1554 1200 1635 1234 tam
1666 1196 1833 1249 iniquae
1865 1210 1987 1250 quam

243 1251 511 1304 suspiciosae.
570 1253 737 1306 Excipit
775 1254 890 1293 enim.
921 1254 963 1293 in
994 1255 1186 1307 vectigali
1218 1256 1471 1308 imponendo
1503 1271 1643 1309 agrum
1674 1259 1987 1299 Recentoricum

243 1313 526 1362 Siciliensem,
557 1315 601 1354 in
630 1315 861 1355 vendendis
891 1317 998 1368 agris
1031 1330 1101 1357 eos
1131 1331 1270 1369 agros,
1303 1318 1353 1358 de
1375 1320 1526 1372 quibus
1548 1325 1709 1358 cautum
1733 1321 1785 1359 sit
1804 1321 1986 1361 foedere.

241 1376 293 1416 Hi
326 1383 422 1416 sunt
450 1379 493 1418 in
523 1377 683 1425 Africa,
725 1379 796 1431 qui
837 1378 887 1417 ab
918 1378 1156 1432 Hiempsale
1193 1380 1471 1433 possidentur.
1539 1378 1596 1420 ll.
1628 1382 1704 1421 llic
1735 1396 1913 1436 quaero,
1953 1383 1988 1423 si

241 1438 470 1492 Hiempsali
511 1440 607 1479 satis
650 1446 711 1480 est
750 1446 917 1479 cautum
956 1441 1124 1481 foedere
1169 1448 1209 1482 et
1239 1444 1535 1482 Recentoricus
1566 1457 1662 1496 ager
1692 1445 1875 1496 privatus
1907 1452 1987 1493 est,

193 1509 228 1539 20
242 1500 343 1555 quid
383 1501 598 1541 attinuerit
637 1503 801 1555 excipi?
842 1503 904 1541 sin
938 1508 976 1542 et
1005 1503 1154 1543 foedus
1186 1504 1287 1543 illud
1318 1505 1444 1543 habet
1474 1505 1657 1558 aliquam
1690 1505 1988 1547 dubitationem

242 1567 281 1602 et
324 1576 420 1615 ager
460 1564 753 1603 Recentoricus
799 1564 949 1604 dicitur
988 1579 1302 1619 nonnumquam
1334 1579 1424 1605 esse
1463 1567 1674 1619 publicus,
1721 1582 1843 1621 que-m
1874 1575 1991 1621 putet

241 1625 595 1674 existimaturum,
643 1627 745 1666 duas
784 1641 929 1667 causas
969 1628 1011 1666 in
1056 1628 1154 1667 orbe
1197 1634 1397 1667 terrarum
1427 1634 1634 1680 repertas,
1683 1631 1832 1682 quibus
1864 1633 1988 1683 gratis

240 1691 455 1742 parceret?
497 1690 603 1750 Nym
635 1689 827 1743 quisnam
858 1695 940 1729 tam
971 1690 1182 1730 abstrusus
1214 1704 1390 1744 usquam
1421 1704 1614 1730 nummus
1646 1692 1830 1740 videtur,
1866 1708 1989 1747 quem

241 1764 324 1790 non
355 1752 566 1791 architecti
596 1751 768 1792 huiusce
800 1752 903 1805 legis
927 1752 1175 1792 offecerint?
1219 1754 1484 1799 Provincias,
1516 1754 1702 1794 civitates
1724 1755 1894 1803 liberas,
1925 1769 1991 1796 so-

190 1820 226 1850 95
241 1813 346 1861 cios,
386 1814 562 1862 amicos,
603 1828 720 1866 reges
761 1814 941 1868 denique
973 1815 1246 1855 exhauriunt:
1292 1816 1516 1855 admovent
1544 1830 1690 1857 manus
1721 1818 1990 1870 vectigalibus

240 1876 385 1929 populi
415 1877 603 1916 Romani.
648 1878 739 1916 Non
771 1882 833 1916 est
863 1877 973 1916 satis.
1037 1874 1098 1916 ¹122.
1130 1878 1305 1925 Audite,
1336 1877 1476 1917 audite
1506 1892 1602 1925 VOS,
1637 1880 1707 1932 qui
1735 1880 1989 1933 amplissimo

239 1938 385 1991 populi
425 1944 678 1993 senatusque
719 1939 876 1978 iudicio
909 1940 1114 1979 exercitus
1153 1939 1358 1979 habuistis
1399 1945 1439 1979 et
1477 1940 1586 1979 bella
1622 1942 1832 1994 gessistis:
1879 1943 1990 1996 quod

239 2000 290 2040 ad
337 2015 545 2056 quemque
582 2002 820 2056 pervenerit
858 2016 910 2042 ex
950 2002 1125 2055 praeda,
1170 2016 1221 2041 ex
1260 2002 1484 2049 manubiis,
1531 2016 1583 2041 ex
1622 2016 1721 2043 auro
1753 2005 1990 2051 coronario,

241 2065 353 2117 quod
397 2078 535 2118 neque
579 2070 871 2118 consumptum
911 2065 954 2104 in
996 2069 1265 2104 monumento
1306 2078 1443 2117 neque
1486 2064 1527 2103 in
1570 2066 1773 2104 aerarium
1814 2066 1990 2106 relatum

190 2127 313 2174 sos-it,
358 2127 399 2167 id
443 2126 493 2166 ad
540 2127 795 2167 decemviros
840 2127 983 2167 referri
1029 2128 1154 2167 iubet.
1222 2128 1309 2167 Hoc
1355 2128 1488 2180 capite
1535 2127 1664 2167 multa
1708 2134 1900 2180 sperant:
1947 2130 1989 2168 in

241 2201 384 2228 omues
423 2188 693 2241 imperatores
729 2190 990 2244 heredesque
1033 2204 1175 2230 eorum
1207 2191 1493 2243 quaestionem
1536 2203 1611 2229 suo
1642 2189 1794 2230 iudicio
1825 2205 1992 2244 compa-

240 2256 354 2298 rant,
386 2251 457 2290 sed
489 2245 711 2292 maximam
742 2253 962 2305 pecuniam
993 2266 1035 2292 se
1068 2266 1091 2292 a
1120 2254 1273 2292 Fausto
1304 2253 1514 2292 ablaturos
1545 2253 1807 2293 arbitrantur.
1859 2254 1990 2301 Quam

241 2327 407 2354 causam
441 2314 652 2367 suscipere
684 2314 806 2354 iurati
831 2314 988 2354 iudices
1011 2315 1254 2361 noluerunt,
1285 2314 1392 2353 hanc
1419 2315 1486 2354 isti
1509 2314 1732 2354 decemviri
1755 2329 1991 2368 suscepere.

241 2376 399 2415 Idcirco
431 2389 454 2415 a
484 2376 689 2415 iudicibus
719 2376 894 2417 sortasse
914 2379 1245 2429 praetermissam
1271 2391 1361 2416 esse
1382 2377 1652 2424 arbitrantur,
1684 2378 1798 2430 quod
1819 2377 1871 2417 sit
1891 2378 1990 2430 ipsis

190 2444 226 2474 ³5
240 2443 462 2478 reservata.
522 2434 586 2477 13.
626 2438 788 2478 Deinde
831 2440 950 2478 etiam
991 2440 1032 2478 in
1063 2440 1271 2493 reliquum
1302 2445 1465 2492 tempus
1497 2439 1808 2491 diligentissime
1839 2439 1989 2486 sancit,

242 2506 307 2549 ut,
350 2500 463 2554 quod
504 2500 683 2554 quisque
725 2501 948 2554 imperator
985 2502 1187 2555 pecuniae
1228 2502 1398 2550 habeat,
1436 2502 1626 2555 protinus
1656 2501 1706 2540 ad
1737 2501 1989 2541 decemviros

327 2686 355 2716 t.
384 2685 603 2716 immittantur
626 2684 668 2715 E:
696 2684 900 2716 immitantur
918 2686 956 2723 F;
985 2686 1200 2717 immutantur
1224 2687 1267 2723 P;
1295 2685 1467 2716 mittantur
1483 2687 1508 2716 A
1523 2686 1546 2715 L
1561 2683 1581 2717 Ε
1596 2686 1632 2715 ().
1660 2684 1709 2715 Cf.
1729 2684 1905 2716 Gebhardt
1928 2684 1947 2716 l.
1967 2685 1986 2716 l.

239 2737 262 2767 Ι.
281 2744 314 2776 p.
330 2735 363 2766 Μ
382 2744 435 2775 sq.
456 2752 489 2755 —
516 2733 592 2765 orbe
616 2734 650 2765 E.
672 2752 705 2754 —
734 2734 764 2765 ⁶2.
783 2744 894 2766 rerum
917 2736 1061 2766 onmium
1078 2737 1119 2768 E:
1147 2736 1291 2766 omniurn
1314 2743 1425 2765 rerum
1446 2735 1465 2765 F
1479 2736 1503 2765 Λ
1519 2735 1542 2765 L
1556 2734 1575 2767 53
1590 2736 1626 2764 t).
1648 2751 1682 2755 —
1709 2734 1740 2765 3.
1765 2743 1839 2765 cum
1859 2734 1898 2775 [ἶ]
1922 2737 1989 2765 tum

236 2787 259 2827 f.
286 2785 464 2825 Zumptius
490 2786 558 2815 Lat.
586 2786 733 2815 Grarnm.
761 2784 887 2824 31723.
922 2784 971 2815 Cf.
998 2785 1236 2825 Stuercnburg
1260 2784 1302 2815 ad
1327 2793 1376 2815 or.
1403 2793 1436 2824 p.
1456 2784 1580 2814 Archia
1607 2784 1706 2824 (Lips.
1728 2785 1834 2824 4832.)
1860 2793 1892 2825 p.
1912 2784 1986 2816 4711..

240 2853 274 2857 —-
296 2835 327 2865 6.
353 2835 385 2865 id
408 2835 456 2875 iis]
475 2835 507 2865 id
523 2834 607 2873 qnod
625 2834 663 2871 1⁴¹3
691 2834 730 2864 iis
747 2834 779 2865 m
796 2836 818 2866 L
833 2833 864 2868 Σὲ.
880 2851 913 2855 -
942 2835 971 2865 7.
990 2835 1206 2874 spoliationes]
1224 2834 1408 2874 sponsiones
1425 2834 1588 2864 Pithtcus.
1607 2851 1640 2854 —
1668 2834 1699 2864 9.
1719 2835 1828 2865 Etiam
1844 2835 1989 2865 Momm-

239 2886 368 2917 senius.
386 2902 422 2907 —
449 2885 527 2924 quid
550 2885 586 2916 E.
616 2902 650 2907 -
676 2884 751 2915 sitta
780 2885 851 2916 EF.
873 2902 907 2906 —
936 2885 986 2916 to.
1014 2886 1098 2916 enirn
1122 2886 1144 2916 κζ
1161 2886 1180 2915 1³
1196 2886 1236 2915 P:
1263 2893 1331 2915 om.
1360 2883 1509 2914 A1.>.²O.
1538 2883 1632 2914 Cous.
1663 2883 1760 2914 lland
1788 2883 1919 2914 Tursett.
1946 2884 1984 2914 ΙΙ.

239 2945 272 2975 p.
298 2935 370 2966 397.
403 2951 436 2955 —
472 2935 523 2965 4⁵2.
550 2935 633 2965 idem
657 2934 727 2976 FP.
756 2952 791 2956 —-
824 2935 874 2965 tti.
901 2936 983 2965 enirn
1001 2935 1044 2966 E:
1072 2944 1140 2966 om.
1170 2932 1350 2966 FALsso.
1379 2950 1406 2953 *-
1441 2933 1485 2963 17.
1511 2932 1647 2973 fimstcre]
1672 2934 1740 2964 sino
1761 2933 1886 2973 foedere
1904 2933 1981 2964 li.—

241 2985 290 3015 1¹8.
309 2984 459 3015 tziernsalc
474 3000 521 3006 -—
537 2984 682 3014 hiemsatt
706 2984 727 3014 κ’
741 2985 776 3014 P.
799 3001 833 3006 ——
862 2984 913 3014 ⁴9.
932 2985 1091 3015 recentort
1114 2993 1194 3023 asser
1218 2984 1242 3015 κ]
1259 2984 1326 3013 FP.
1349 3000 1382 3003 —
1410 2983 1462 3013 ΞΟ.
1482 2983 1595 3014 attinet
1619 2983 1655 3013 T.
1679 3000 1712 3004 —
1739 2982 1789 3013 ⁶22.
1816 2982 1987 3013 cristinia-

240 3043 313 3064 rum
337 3034 406 3064 FP.
438 3050 471 3054 —
509 3032 632 3072 quibus]
663 3041 766 3071 quare
795 3033 843 3063 his
875 3033 966 3073 Hyris
989 3035 1024 3065 L.
1053 3051 1086 3055 —
1126 3034 1177 3064 ¹223,
1201 3032 1362 3072 parceret}
1385 3033 1567 3071 perciperet
1592 3033 1627 3063 1⁴1.
1656 3049 1689 3053 —
1729 3041 1808 3062 mon
1839 3033 1989 3071 quisnam

242 3083 486 3114 Lauredanus:
511 3091 597 3113 nunc
621 3083 771 3121 quisnam
794 3082 1016 3116 1·:1·‘TA1.<„².
1045 3100 1078 3105 —-
1113 3084 1190 3124 tam]
1216 3082 1345 3113 tandein
1371 3083 1392 3112 E
1409 3083 1428 3112 1³
1444 3084 1465 3113 P
1480 3084 1503 3113 Τ
1516 3084 1559 3113 A:
1594 3082 1722 3112 tandem
1749 3084 1816 3111 tam*
1840 3080 1988 3113 Klotzius

241 3132 295 3162 cd.
324 3131 380 3163 alt.
409 3150 444 3155 -
470 3132 522 3163 ⁵26.
549 3133 659 3163 audite
683 3132 792 3164 semel
817 3132 982 3164 exhibent
1005 3136 1029 3165 A
1047 3135 1068 3164 1.
1085 3134 1116 3167 Q.
1145 3151 1180 3155 —
1208 3132 1259 3163 ⁶28.
1283 3134 1467 3171 peruenerit
1491 3134 1534 3164 E:
1556 3132 1706 3172 peruenit
1728 3134 1761 3161 ut
1785 3131 1888 3171 (vote)
1908 3141 1987 3171 per-

243 3183 327 3213 uenit
351 3183 391 3219 l⁴';
413 3183 563 3221 peruenit
586 3186 642 3213 ant
661 3184 847 3222 peruenerit
872 3184 894 3213 P
907 3184 952 3217 A:
987 3183 1151 3222 pervenit,
1185 3183 1367 3221 pervenerit
1399 3192 1478 3213 cum
1506 3182 1559 3213 cd.
1587 3181 1706 3214 Aldina
1731 3182 1754 3211 L
1770 3180 1787 3214 (ἐ
1804 3182 1840 3212 Ο.
1868 3182 1917 3212 Ct'.
1944 3181 1986 3211 de

242 3230 316 3269 leg-'c
341 3241 412 3268 aur.
439 3233 476 3263 ΙΙ.
503 3233 532 3272 g.
561 3233 613 3263 59.
643 3248 675 3254 —
704 3241 746 3263 eas
765 3234 894 3271 pracda
910 3249 957 3254 ——
973 3233 1146 3263 coronario
1170 3235 1207 3263 Α.
1235 3231 1358 3262 (icllius
1384 3233 1466 3262 ΧΙΙΙ.
1486 3232 1543 3269 ¹¹24,
1570 3232 1599 3262 6.
1621 3240 1662 3254 -·
1680 3230 1853 3271 manubiis]
1876 3231 1988 3261 mani-

243 3281 299 3311 bus
322 3281 398 3311 EF:
429 3282 578 3313 munibus
607 3284 641 3313 P.
676 3300 708 3305 -
744 3282 795 3313 32.
823 3283 991 3313 ablaturos
1015 3291 1084 3313 om.
1111 3283 1146 3313 1-2.
1180 3300 1214 3304 -—
1250 3282 1301 3311 5353.
1327 3284 1501 3321 suscepere]
1533 3284 1738 3320 susceperunt
1762 3280 1924 3312 Klotzius.
1949 3297 1981 3301 —

244 3331 294 3363 35.
321 3332 443 3363 sancolt
467 3333 502 3364 Ε.
533 3351 566 3355 —
595 3333 646 3366 30.
669 3333 805 3373 pecunie
827 3333 941 3364 habeat
965 3333 1009 3364 E:
1035 3332 1149 3363 habeat
1170 3331 1327 3371 pecuniae
1350 3332 1411 3362 ΓΛ
1426 3330 1481 3365 1.ss
1496 3332 1532 3362 O.
