<?xml version="1.0" encoding="UTF-8"?>
<!DOCTYPE html PUBLIC "-//W3C//DTD XHTML 1.0 Transitional//EN"
    "http://www.w3.org/TR/xhtml1/DTD/xhtml1-transitional.dtd">
<html xmlns="http://www.w3.org/1999/xhtml" xml:lang="en" lang="en">
 <head>
  <title>
</title>
<meta http-equiv="Content-Type" content="text/html;charset=utf-8" />
  <meta name='ocr-system' content='tesseract 3.04.00' />
  <meta name='ocr-capabilities' content='ocr_page ocr_carea ocr_par ocr_line ocrx_word'/>
</head>
<body>
  <div class='ocr_page' id='page_1' title='image "./p1operaquaesupersu02ciceuoft_0145.png"; bbox 0 0 2127 3708; ppageno 0'>
   <div class='ocr_carea' id='block_1_1' title="bbox 742 227 1982 282">
    <p class='ocr_par' dir='ltr' id='par_1_1' title="bbox 742 227 1982 282">
     <span class='ocr_line' id='line_1_1' title="bbox 742 227 1982 282; baseline 0.004 -13"><span class='ocrx_word' id='word_1_1' title='bbox 742 229 838 269; x_wconf 79' lang='lat' dir='ltr'>CAP.</span> <span class='ocrx_word' id='word_1_2' title='bbox 868 229 1150 270; x_wconf 85' lang='lat' dir='ltr'>xv—xvn.</span> <span class='ocrx_word' id='word_1_3' title='bbox 1187 227 1261 282; x_wconf 63' lang='lat' dir='ltr'>gg.</span> <span class='ocrx_word' id='word_1_4' title='bbox 1292 227 1489 272; x_wconf 79' lang='lat'><strong>43-52,</strong></span> <span class='ocrx_word' id='word_1_5' title='bbox 1910 231 1982 274; x_wconf 75' lang='lat'>431</span> 
     </span>
    </p>
   </div>
   <div class='ocr_carea' id='block_1_2' title="bbox 216 341 2043 2764">
    <p class='ocr_par' dir='ltr' id='par_1_2' title="bbox 216 341 2043 2764">
     <span class='ocr_line' id='line_1_2' title="bbox 233 341 1990 398; baseline 0.005 -17"><span class='ocrx_word' id='word_1_6' title='bbox 233 341 419 395; x_wconf 93' lang='lat' dir='ltr'>suspicio</span> <span class='ocrx_word' id='word_1_7' title='bbox 450 341 530 382; x_wconf 91' lang='lat' dir='ltr'>nisi</span> <span class='ocrx_word' id='word_1_8' title='bbox 562 353 630 388; x_wconf 88' lang='lat' dir='ltr'>ea,</span> <span class='ocrx_word' id='word_1_9' title='bbox 663 353 771 394; x_wconf 90' lang='lat' dir='ltr'>quae</span> <span class='ocrx_word' id='word_1_10' title='bbox 802 341 1047 394; x_wconf 89' lang='lat' dir='ltr'>turpissima</span> <span class='ocrx_word' id='word_1_11' title='bbox 1077 345 1160 388; x_wconf 89' lang='lat' dir='ltr'>est,</span> <span class='ocrx_word' id='word_1_12' title='bbox 1193 341 1376 382; x_wconf 89' lang='lat' dir='ltr'>residere</span> <span class='ocrx_word' id='word_1_13' title='bbox 1407 343 1562 395; x_wconf 86' lang='lat' dir='ltr'><strong>possit:</strong></span> <span class='ocrx_word' id='word_1_14' title='bbox 1600 357 1685 384; x_wconf 92' lang='lat' dir='ltr'>non</span> <span class='ocrx_word' id='word_1_15' title='bbox 1716 347 1864 398; x_wconf 86' lang='lat' dir='ltr'>gratia,</span> <span class='ocrx_word' id='word_1_16' title='bbox 1906 362 1990 389; x_wconf 90' lang='lat' dir='ltr'>non</span> 
     </span>
     <span class='ocr_line' id='line_1_3' title="bbox 233 402 1993 458; baseline 0.005 -15"><span class='ocrx_word' id='word_1_17' title='bbox 233 404 504 456; x_wconf 82' lang='lat' dir='ltr'>cognatione,</span> <span class='ocrx_word' id='word_1_18' title='bbox 536 416 620 443; x_wconf 92' lang='lat' dir='ltr'>non</span> <span class='ocrx_word' id='word_1_19' title='bbox 652 402 744 442; x_wconf 90' lang='lat' dir='ltr'>aliis</span> <span class='ocrx_word' id='word_1_20' title='bbox 776 408 887 443; x_wconf 90' lang='lat' dir='ltr'>recte</span> <span class='ocrx_word' id='word_1_21' title='bbox 917 402 1057 450; x_wconf 85' lang='lat' dir='ltr'>sactis,</span> <span class='ocrx_word' id='word_1_22' title='bbox 1089 416 1173 443; x_wconf 91' lang='lat' dir='ltr'>non</span> <span class='ocrx_word' id='word_1_23' title='bbox 1206 404 1389 458; x_wconf 90' lang='lat' dir='ltr'>denique</span> <span class='ocrx_word' id='word_1_24' title='bbox 1419 404 1563 458; x_wconf 87' lang='lat' dir='ltr'>aliquo</span> <span class='ocrx_word' id='word_1_25' title='bbox 1586 407 1785 448; x_wconf 90' lang='lat' dir='ltr'>mediocri</span> <span class='ocrx_word' id='word_1_26' title='bbox 1806 410 1908 450; x_wconf 82' lang='lat' dir='ltr'>vitio</span> <span class='ocrx_word' id='word_1_27' title='bbox 1933 416 1993 451; x_wconf 89' lang='lat' dir='ltr'>tot</span> 
     </span>
     <span class='ocr_line' id='line_1_4' title="bbox 232 463 1992 521; baseline 0.003 -15"><span class='ocrx_word' id='word_1_28' title='bbox 232 470 432 520; x_wconf 85' lang='lat' dir='ltr'>tantaque</span> <span class='ocrx_word' id='word_1_29' title='bbox 463 465 552 505; x_wconf 89' lang='lat' dir='ltr'>eius</span> <span class='ocrx_word' id='word_1_30' title='bbox 582 465 683 504; x_wconf 89' lang='lat' dir='ltr'>vitia</span> <span class='ocrx_word' id='word_1_31' title='bbox 714 465 931 505; x_wconf 89' lang='lat' dir='ltr'>sublevata</span> <span class='ocrx_word' id='word_1_32' title='bbox 962 478 1052 505; x_wconf 89' lang='lat' dir='ltr'>esse</span> <span class='ocrx_word' id='word_1_33' title='bbox 1077 465 1340 505; x_wconf 80' lang='lat' dir='ltr'>videbuntur.</span> <span class='ocrx_word' id='word_1_34' title='bbox 1389 463 1456 505; x_wconf 73' lang='lat'>48.</span> <span class='ocrx_word' id='word_1_35' title='bbox 1488 467 1703 507; x_wconf 91' lang='lat' dir='ltr'>Postremo</span> <span class='ocrx_word' id='word_1_36' title='bbox 1726 482 1803 521; x_wconf 88' lang='lat' dir='ltr'>ego</span> <span class='ocrx_word' id='word_1_37' title='bbox 1825 485 1992 511; x_wconf 89' lang='lat' dir='ltr'>causam</span> 
     </span>
     <span class='ocr_line' id='line_1_5' title="bbox 234 526 1992 584; baseline 0.003 -16"><span class='ocrx_word' id='word_1_38' title='bbox 234 528 292 568; x_wconf 90' lang='lat' dir='ltr'>sic</span> <span class='ocrx_word' id='word_1_39' title='bbox 323 541 463 580; x_wconf 89' lang='lat' dir='ltr'>agam,</span> <span class='ocrx_word' id='word_1_40' title='bbox 493 527 673 574; x_wconf 88' lang='lat' dir='ltr'>iudices,</span> <span class='ocrx_word' id='word_1_41' title='bbox 707 526 914 567; x_wconf 89' lang='lat' dir='ltr'>eiusmodi</span> <span class='ocrx_word' id='word_1_42' title='bbox 946 541 1034 574; x_wconf 90' lang='lat' dir='ltr'>res,</span> <span class='ocrx_word' id='word_1_43' title='bbox 1065 527 1122 566; x_wconf 88' lang='lat' dir='ltr'>ita</span> <span class='ocrx_word' id='word_1_44' title='bbox 1152 533 1293 575; x_wconf 89' lang='lat' dir='ltr'>notas,</span> <span class='ocrx_word' id='word_1_45' title='bbox 1324 528 1382 567; x_wconf 94' lang='lat' dir='ltr'>ita</span> <span class='ocrx_word' id='word_1_46' title='bbox 1411 533 1603 576; x_wconf 89' lang='lat' dir='ltr'>testatas,</span> <span class='ocrx_word' id='word_1_47' title='bbox 1636 529 1693 568; x_wconf 84' lang='lat' dir='ltr'>ita</span> <span class='ocrx_word' id='word_1_48' title='bbox 1714 543 1903 584; x_wconf 89' lang='lat' dir='ltr'>magnas,</span> <span class='ocrx_word' id='word_1_49' title='bbox 1935 535 1992 574; x_wconf 87' lang='lat' dir='ltr'>ita</span> 
     </span>
     <span class='ocr_line' id='line_1_6' title="bbox 234 588 2043 646; baseline 0.003 -17"><span class='ocrx_word' id='word_1_50' title='bbox 234 589 471 630; x_wconf 86' lang='lat' dir='ltr'>manifestas</span> <span class='ocrx_word' id='word_1_51' title='bbox 501 588 732 642; x_wconf 86' lang='lat' dir='ltr'>proferam,</span> <span class='ocrx_word' id='word_1_52' title='bbox 764 595 809 629; x_wconf 88' lang='lat' dir='ltr'>ut</span> <span class='ocrx_word' id='word_1_53' title='bbox 839 603 961 630; x_wconf 79' lang='lat' dir='ltr'>nenio</span> <span class='ocrx_word' id='word_1_54' title='bbox 994 603 1017 629; x_wconf 88' lang='lat' dir='ltr'>a</span> <span class='ocrx_word' id='word_1_55' title='bbox 1048 589 1189 636; x_wconf 75' lang='lat' dir='ltr'>vohis,</span> <span class='ocrx_word' id='word_1_56' title='bbox 1222 596 1268 629; x_wconf 91' lang='lat' dir='ltr'>ut</span> <span class='ocrx_word' id='word_1_57' title='bbox 1298 591 1424 630; x_wconf 90' lang='lat' dir='ltr'>istum</span> <span class='ocrx_word' id='word_1_58' title='bbox 1446 591 1694 639; x_wconf 86' lang='lat' dir='ltr'>absolvatis,</span> <span class='ocrx_word' id='word_1_59' title='bbox 1726 606 1799 645; x_wconf 90' lang='lat' dir='ltr'>per</span> <span class='ocrx_word' id='word_1_60' title='bbox 1819 596 1991 646; x_wconf 77' lang='lat' dir='ltr'>gratiam</span> <span class='ocrx_word' id='word_1_61' title='bbox 2025 603 2043 630; x_wconf 88' lang='lat'>5</span> 
     </span>
     <span class='ocr_line' id='line_1_7' title="bbox 232 651 1993 711; baseline 0.003 -20"><span class='ocrx_word' id='word_1_62' title='bbox 232 656 405 692; x_wconf 87' lang='lat' dir='ltr'>conetur</span> <span class='ocrx_word' id='word_1_63' title='bbox 450 651 718 691; x_wconf 83' lang='lat' dir='ltr'>contendere.</span> <span class='ocrx_word' id='word_1_64' title='bbox 786 652 930 692; x_wconf 85' lang='lat' dir='ltr'>Habeo</span> <span class='ocrx_word' id='word_1_65' title='bbox 973 657 1112 691; x_wconf 88' lang='lat' dir='ltr'>autem</span> <span class='ocrx_word' id='word_1_66' title='bbox 1153 657 1307 691; x_wconf 86' lang='lat' dir='ltr'>certain</span> <span class='ocrx_word' id='word_1_67' title='bbox 1346 653 1455 691; x_wconf 67' lang='lat' dir='ltr'>viam</span> <span class='ocrx_word' id='word_1_68' title='bbox 1486 658 1611 706; x_wconf 90' lang='lat' dir='ltr'>atque</span> <span class='ocrx_word' id='word_1_69' title='bbox 1641 654 1871 703; x_wconf 89' lang='lat' dir='ltr'>rationem,</span> <span class='ocrx_word' id='word_1_70' title='bbox 1911 671 1993 711; x_wconf 90' lang='lat' dir='ltr'>qua</span> 
     </span>
     <span class='ocr_line' id='line_1_8' title="bbox 231 713 1993 768; baseline 0.003 -15"><span class='ocrx_word' id='word_1_71' title='bbox 231 727 374 754; x_wconf 90' lang='lat' dir='ltr'>omnes</span> <span class='ocrx_word' id='word_1_72' title='bbox 419 713 588 753; x_wconf 89' lang='lat' dir='ltr'>illorum</span> <span class='ocrx_word' id='word_1_73' title='bbox 628 719 802 754; x_wconf 85' lang='lat' dir='ltr'>conatus</span> <span class='ocrx_word' id='word_1_74' title='bbox 843 714 1096 767; x_wconf 88' lang='lat' dir='ltr'>investigare</span> <span class='ocrx_word' id='word_1_75' title='bbox 1136 720 1177 753; x_wconf 86' lang='lat' dir='ltr'>et</span> <span class='ocrx_word' id='word_1_76' title='bbox 1214 715 1415 767; x_wconf 85' lang='lat' dir='ltr'>consequi</span> <span class='ocrx_word' id='word_1_77' title='bbox 1456 715 1628 768; x_wconf 91' lang='lat' dir='ltr'>possim.</span> <span class='ocrx_word' id='word_1_78' title='bbox 1688 717 1749 755; x_wconf 92' lang='lat' dir='ltr'>Ita</span> <span class='ocrx_word' id='word_1_79' title='bbox 1778 730 1844 757; x_wconf 91' lang='lat' dir='ltr'>res</span> <span class='ocrx_word' id='word_1_80' title='bbox 1875 731 1898 757; x_wconf 90' lang='lat' dir='ltr'>a</span> <span class='ocrx_word' id='word_1_81' title='bbox 1929 733 1993 758; x_wconf 90' lang='lat' dir='ltr'>me</span> 
     </span>
     <span class='ocr_line' id='line_1_9' title="bbox 229 776 1991 829; baseline 0.002 -13"><span class='ocrx_word' id='word_1_82' title='bbox 229 781 396 829; x_wconf 85' lang='lat' dir='ltr'>agetur,</span> <span class='ocrx_word' id='word_1_83' title='bbox 437 781 483 815; x_wconf 89' lang='lat' dir='ltr'>ut</span> <span class='ocrx_word' id='word_1_84' title='bbox 513 776 556 815; x_wconf 94' lang='lat' dir='ltr'>in</span> <span class='ocrx_word' id='word_1_85' title='bbox 587 789 732 815; x_wconf 91' lang='lat' dir='ltr'>eorum</span> <span class='ocrx_word' id='word_1_86' title='bbox 765 777 954 816; x_wconf 90' lang='lat' dir='ltr'>consiliis</span> <span class='ocrx_word' id='word_1_87' title='bbox 987 776 1181 815; x_wconf 90' lang='lat' dir='ltr'>omnibus</span> <span class='ocrx_word' id='word_1_88' title='bbox 1213 790 1296 815; x_wconf 90' lang='lat' dir='ltr'>non</span> <span class='ocrx_word' id='word_1_89' title='bbox 1330 777 1455 816; x_wconf 90' lang='lat' dir='ltr'>modo</span> <span class='ocrx_word' id='word_1_90' title='bbox 1487 790 1609 817; x_wconf 91' lang='lat' dir='ltr'>aures</span> <span class='ocrx_word' id='word_1_91' title='bbox 1639 777 1880 827; x_wconf 91' lang='lat' dir='ltr'>hominum,</span> <span class='ocrx_word' id='word_1_92' title='bbox 1921 781 1991 820; x_wconf 91' lang='lat' dir='ltr'>sed</span> 
     </span>
     <span class='ocr_line' id='line_1_10' title="bbox 229 836 1994 894; baseline 0.002 -16"><span class='ocrx_word' id='word_1_93' title='bbox 229 839 354 878; x_wconf 90' lang='lat' dir='ltr'>etiam</span> <span class='ocrx_word' id='word_1_94' title='bbox 385 838 414 890; x_wconf 50' lang='grc' dir='ltr'>*ξ-</span> <span class='ocrx_word' id='word_1_95' title='bbox 443 839 626 892; x_wconf 90' lang='lat' dir='ltr'>populus</span> <span class='ocrx_word' id='word_1_96' title='bbox 658 839 870 879; x_wconf 85' lang='lat' dir='ltr'>Romanus</span> <span class='ocrx_word' id='word_1_97' title='bbox 902 840 1104 878; x_wconf 85' lang='lat' dir='ltr'>interesse</span> <span class='ocrx_word' id='word_1_98' title='bbox 1136 837 1369 878; x_wconf 68' lang='lat' dir='ltr'>videantur.</span> <span class='ocrx_word' id='word_1_99' title='bbox 1430 836 1497 878; x_wconf 74' lang='lat'>49.</span> <span class='ocrx_word' id='word_1_100' title='bbox 1529 840 1613 879; x_wconf 84' lang='lat' dir='ltr'>Vos</span> <span class='ocrx_word' id='word_1_101' title='bbox 1635 839 1798 894; x_wconf 84' lang='lat' dir='ltr'>aliquot</span> <span class='ocrx_word' id='word_1_102' title='bbox 1818 842 1899 881; x_wconf 90' lang='lat' dir='ltr'>iam</span> <span class='ocrx_word' id='word_1_103' title='bbox 1919 856 1994 894; x_wconf 87' lang='lat' dir='ltr'>per</span> 
     </span>
     <span class='ocr_line' id='line_1_11' title="bbox 226 901 2042 955; baseline -0.001 -14"><span class='ocrx_word' id='word_1_104' title='bbox 226 914 359 941; x_wconf 91' lang='lat' dir='ltr'>annos</span> <span class='ocrx_word' id='word_1_105' title='bbox 391 906 637 955; x_wconf 82' lang='lat' dir='ltr'>conceptam</span> <span class='ocrx_word' id='word_1_106' title='bbox 667 902 765 941; x_wconf 89' lang='lat' dir='ltr'>huic</span> <span class='ocrx_word' id='word_1_107' title='bbox 797 902 934 942; x_wconf 90' lang='lat' dir='ltr'>ordini</span> <span class='ocrx_word' id='word_1_108' title='bbox 967 901 1272 954; x_wconf 86' lang='lat' dir='ltr'>turpitudinem</span> <span class='ocrx_word' id='word_1_109' title='bbox 1294 907 1421 955; x_wconf 88' lang='lat' dir='ltr'>atque</span> <span class='ocrx_word' id='word_1_110' title='bbox 1447 901 1662 942; x_wconf 84' lang='lat' dir='ltr'>infamiam</span> <span class='ocrx_word' id='word_1_111' title='bbox 1684 902 1823 943; x_wconf 90' lang='lat' dir='ltr'>delere</span> <span class='ocrx_word' id='word_1_112' title='bbox 1845 917 1892 943; x_wconf 88' lang='lat' dir='ltr'>ac</span> <span class='ocrx_word' id='word_1_113' title='bbox 1915 904 2042 943; x_wconf 74' lang='lat' dir='ltr'>tol-⁴0</span> 
     </span>
     <span class='ocr_line' id='line_1_12' title="bbox 226 962 1991 1020; baseline 0.002 -18"><span class='ocrx_word' id='word_1_114' title='bbox 226 962 311 1003; x_wconf 89' lang='lat' dir='ltr'>lere</span> <span class='ocrx_word' id='word_1_115' title='bbox 341 964 533 1016; x_wconf 89' lang='lat' dir='ltr'>potestis.</span> <span class='ocrx_word' id='word_1_116' title='bbox 595 964 767 1004; x_wconf 84' lang='lat' dir='ltr'>Constat</span> <span class='ocrx_word' id='word_1_117' title='bbox 797 965 907 1004; x_wconf 90' lang='lat' dir='ltr'>inter</span> <span class='ocrx_word' id='word_1_118' title='bbox 937 977 1082 1003; x_wconf 91' lang='lat' dir='ltr'>omnes</span> <span class='ocrx_word' id='word_1_119' title='bbox 1114 969 1210 1016; x_wconf 89' lang='lat' dir='ltr'>post</span> <span class='ocrx_word' id='word_1_120' title='bbox 1239 964 1341 1003; x_wconf 89' lang='lat' dir='ltr'>haec</span> <span class='ocrx_word' id='word_1_121' title='bbox 1373 965 1600 1005; x_wconf 90' lang='lat' dir='ltr'>constituta</span> <span class='ocrx_word' id='word_1_122' title='bbox 1630 965 1807 1013; x_wconf 89' lang='lat' dir='ltr'>iudicia,</span> <span class='ocrx_word' id='word_1_123' title='bbox 1840 967 1991 1020; x_wconf 86' lang='lat' dir='ltr'>quibus</span> 
     </span>
     <span class='ocr_line' id='line_1_13' title="bbox 226 1025 1991 1079; baseline 0.003 -15"><span class='ocrx_word' id='word_1_124' title='bbox 226 1038 337 1065; x_wconf 91' lang='lat' dir='ltr'>nunc</span> <span class='ocrx_word' id='word_1_125' title='bbox 368 1025 546 1073; x_wconf 89' lang='lat' dir='ltr'>utimur,</span> <span class='ocrx_word' id='word_1_126' title='bbox 578 1026 740 1066; x_wconf 92' lang='lat' dir='ltr'>nullum</span> <span class='ocrx_word' id='word_1_127' title='bbox 770 1026 850 1066; x_wconf 88' lang='lat' dir='ltr'>hoc</span> <span class='ocrx_word' id='word_1_128' title='bbox 883 1026 1106 1079; x_wconf 89' lang='lat' dir='ltr'>splendore</span> <span class='ocrx_word' id='word_1_129' title='bbox 1129 1031 1254 1079; x_wconf 89' lang='lat' dir='ltr'>atque</span> <span class='ocrx_word' id='word_1_130' title='bbox 1278 1025 1356 1066; x_wconf 91' lang='lat' dir='ltr'>hac</span> <span class='ocrx_word' id='word_1_131' title='bbox 1378 1026 1581 1079; x_wconf 86' lang='lat' dir='ltr'>dignitate</span> <span class='ocrx_word' id='word_1_132' title='bbox 1605 1027 1829 1068; x_wconf 89' lang='lat' dir='ltr'>consilium</span> <span class='ocrx_word' id='word_1_133' title='bbox 1849 1028 1991 1069; x_wconf 89' lang='lat' dir='ltr'>fuisse.</span> 
     </span>
     <span class='ocr_line' id='line_1_14' title="bbox 225 1086 1991 1142; baseline 0.003 -15"><span class='ocrx_word' id='word_1_134' title='bbox 225 1086 301 1127; x_wconf 91' lang='lat' dir='ltr'>Hic</span> <span class='ocrx_word' id='word_1_135' title='bbox 339 1087 374 1128; x_wconf 92' lang='lat' dir='ltr'>si</span> <span class='ocrx_word' id='word_1_136' title='bbox 419 1087 522 1142; x_wconf 92' lang='lat' dir='ltr'>quid</span> <span class='ocrx_word' id='word_1_137' title='bbox 567 1089 646 1128; x_wconf 87' lang='lat' dir='ltr'>erit</span> <span class='ocrx_word' id='word_1_138' title='bbox 675 1087 904 1136; x_wconf 80' lang='lat' dir='ltr'>offensum,</span> <span class='ocrx_word' id='word_1_139' title='bbox 950 1101 1096 1128; x_wconf 89' lang='lat' dir='ltr'>omncs</span> <span class='ocrx_word' id='word_1_140' title='bbox 1127 1088 1322 1128; x_wconf 89' lang='lat' dir='ltr'>homines</span> <span class='ocrx_word' id='word_1_141' title='bbox 1353 1102 1439 1128; x_wconf 89' lang='lat' dir='ltr'>non</span> <span class='ocrx_word' id='word_1_142' title='bbox 1469 1090 1552 1129; x_wconf 91' lang='lat' dir='ltr'>iam</span> <span class='ocrx_word' id='word_1_143' title='bbox 1583 1102 1636 1129; x_wconf 80' lang='lat' dir='ltr'>ex</span> <span class='ocrx_word' id='word_1_144' title='bbox 1666 1091 1813 1131; x_wconf 88' lang='lat' dir='ltr'>eodem</span> <span class='ocrx_word' id='word_1_145' title='bbox 1846 1093 1991 1132; x_wconf 87' lang='lat' dir='ltr'>ordine</span> 
     </span>
     <span class='ocr_line' id='line_1_15' title="bbox 226 1148 1992 1204; baseline 0.003 -16"><span class='ocrx_word' id='word_1_146' title='bbox 226 1149 331 1189; x_wconf 89' lang='lat' dir='ltr'>alios</span> <span class='ocrx_word' id='word_1_147' title='bbox 364 1150 494 1203; x_wconf 86' lang='lat' dir='ltr'>magis</span> <span class='ocrx_word' id='word_1_148' title='bbox 525 1150 728 1198; x_wconf 92' lang='lat' dir='ltr'>idoneos,</span> <span class='ocrx_word' id='word_1_149' title='bbox 761 1151 875 1204; x_wconf 91' lang='lat' dir='ltr'>quod</span> <span class='ocrx_word' id='word_1_150' title='bbox 906 1148 994 1189; x_wconf 86' lang='lat' dir='ltr'>fieri</span> <span class='ocrx_word' id='word_1_151' title='bbox 1025 1163 1110 1189; x_wconf 89' lang='lat' dir='ltr'>non</span> <span class='ocrx_word' id='word_1_152' title='bbox 1142 1155 1303 1203; x_wconf 87' lang='lat' dir='ltr'>potest,</span> <span class='ocrx_word' id='word_1_153' title='bbox 1335 1151 1407 1190; x_wconf 90' lang='lat' dir='ltr'>sed</span> <span class='ocrx_word' id='word_1_154' title='bbox 1438 1151 1567 1191; x_wconf 91' lang='lat' dir='ltr'>alium</span> <span class='ocrx_word' id='word_1_155' title='bbox 1598 1153 1769 1193; x_wconf 91' lang='lat' dir='ltr'>omnino</span> <span class='ocrx_word' id='word_1_156' title='bbox 1801 1154 1992 1194; x_wconf 87' lang='lat' dir='ltr'>ordinem</span> 
     </span>
     <span class='ocr_line' id='line_1_16' title="bbox 225 1211 2041 1270; baseline 0.001 -19"><span class='ocrx_word' id='word_1_157' title='bbox 225 1211 278 1250; x_wconf 89' lang='lat' dir='ltr'>ad</span> <span class='ocrx_word' id='word_1_158' title='bbox 322 1225 388 1252; x_wconf 91' lang='lat' dir='ltr'>res</span> <span class='ocrx_word' id='word_1_159' title='bbox 433 1212 679 1252; x_wconf 91' lang='lat' dir='ltr'>iudicandas</span> <span class='ocrx_word' id='word_1_160' title='bbox 725 1213 1013 1266; x_wconf 90' lang='lat' dir='ltr'>quaerendum</span> <span class='ocrx_word' id='word_1_161' title='bbox 1060 1212 1386 1252; x_wconf 88' lang='lat' dir='ltr'>arbitrabuntur.</span> <span class='ocrx_word' id='word_1_162' title='bbox 1446 1214 1576 1253; x_wconf 83' lang='lat' dir='ltr'>XVII.</span> <span class='ocrx_word' id='word_1_163' title='bbox 1618 1212 1684 1254; x_wconf 74' lang='lat'>50.</span> <span class='ocrx_word' id='word_1_164' title='bbox 1724 1214 2041 1270; x_wconf 75' lang='lat' dir='ltr'>Quapropter⁴5</span> 
     </span>
     <span class='ocr_line' id='line_1_17' title="bbox 225 1273 1992 1328; baseline 0.005 -16"><span class='ocrx_word' id='word_1_165' title='bbox 225 1273 405 1326; x_wconf 90' lang='lat' dir='ltr'>primum</span> <span class='ocrx_word' id='word_1_166' title='bbox 438 1274 488 1314; x_wconf 90' lang='lat' dir='ltr'>ab</span> <span class='ocrx_word' id='word_1_167' title='bbox 520 1274 583 1314; x_wconf 89' lang='lat' dir='ltr'>dis</span> <span class='ocrx_word' id='word_1_168' title='bbox 615 1275 943 1322; x_wconf 88' lang='lat' dir='ltr'>immortalibus,</span> <span class='ocrx_word' id='word_1_169' title='bbox 975 1275 1091 1328; x_wconf 90' lang='lat' dir='ltr'>quod</span> <span class='ocrx_word' id='word_1_170' title='bbox 1122 1288 1293 1327; x_wconf 89' lang='lat' dir='ltr'>sperare</span> <span class='ocrx_word' id='word_1_171' title='bbox 1325 1275 1424 1314; x_wconf 91' lang='lat' dir='ltr'>mihi</span> <span class='ocrx_word' id='word_1_172' title='bbox 1456 1276 1622 1324; x_wconf 90' lang='lat' dir='ltr'>videor,</span> <span class='ocrx_word' id='word_1_173' title='bbox 1652 1277 1733 1317; x_wconf 91' lang='lat' dir='ltr'>hoc</span> <span class='ocrx_word' id='word_1_174' title='bbox 1763 1278 1897 1327; x_wconf 91' lang='lat' dir='ltr'>idem,</span> <span class='ocrx_word' id='word_1_175' title='bbox 1928 1281 1992 1320; x_wconf 94' lang='lat' dir='ltr'>iu-</span> 
     </span>
     <span class='ocr_line' id='line_1_18' title="bbox 226 1335 1992 1395; baseline 0.004 -21"><span class='ocrx_word' id='word_1_176' title='bbox 226 1335 359 1384; x_wconf 88' lang='lat' dir='ltr'>dices,</span> <span class='ocrx_word' id='word_1_177' title='bbox 392 1341 514 1390; x_wconf 93' lang='lat' dir='ltr'>opto,</span> <span class='ocrx_word' id='word_1_178' title='bbox 544 1341 592 1377; x_wconf 88' lang='lat' dir='ltr'>ut</span> <span class='ocrx_word' id='word_1_179' title='bbox 622 1337 666 1376; x_wconf 91' lang='lat' dir='ltr'>in</span> <span class='ocrx_word' id='word_1_180' title='bbox 695 1337 776 1378; x_wconf 90' lang='lat' dir='ltr'>hoc</span> <span class='ocrx_word' id='word_1_181' title='bbox 807 1337 963 1377; x_wconf 90' lang='lat' dir='ltr'>iudicio</span> <span class='ocrx_word' id='word_1_182' title='bbox 985 1351 1107 1377; x_wconf 89' lang='lat' dir='ltr'>nemo</span> <span class='ocrx_word' id='word_1_183' title='bbox 1130 1337 1345 1390; x_wconf 88' lang='lat' dir='ltr'>improbus</span> <span class='ocrx_word' id='word_1_184' title='bbox 1375 1344 1542 1391; x_wconf 90' lang='lat' dir='ltr'>praeter</span> <span class='ocrx_word' id='word_1_185' title='bbox 1563 1352 1678 1386; x_wconf 89' lang='lat' dir='ltr'>eum,</span> <span class='ocrx_word' id='word_1_186' title='bbox 1712 1339 1784 1393; x_wconf 89' lang='lat' dir='ltr'>qui</span> <span class='ocrx_word' id='word_1_187' title='bbox 1804 1340 1886 1380; x_wconf 90' lang='lat' dir='ltr'>iam</span> <span class='ocrx_word' id='word_1_188' title='bbox 1908 1343 1992 1395; x_wconf 92' lang='lat' dir='ltr'>pri-</span> 
     </span>
     <span class='ocr_line' id='line_1_19' title="bbox 225 1397 1993 1454; baseline 0.003 -16"><span class='ocrx_word' id='word_1_189' title='bbox 225 1397 319 1437; x_wconf 88' lang='lat' dir='ltr'>dem</span> <span class='ocrx_word' id='word_1_190' title='bbox 347 1397 544 1440; x_wconf 90' lang='lat' dir='ltr'>inventus</span> <span class='ocrx_word' id='word_1_191' title='bbox 577 1405 661 1447; x_wconf 90' lang='lat' dir='ltr'>est,</span> <span class='ocrx_word' id='word_1_192' title='bbox 693 1400 946 1454; x_wconf 88' lang='lat' dir='ltr'>reperiatur;</span> <span class='ocrx_word' id='word_1_193' title='bbox 979 1400 1130 1440; x_wconf 90' lang='lat' dir='ltr'>deinde</span> <span class='ocrx_word' id='word_1_194' title='bbox 1163 1400 1197 1440; x_wconf 90' lang='lat' dir='ltr'>si</span> <span class='ocrx_word' id='word_1_195' title='bbox 1226 1400 1370 1453; x_wconf 89' lang='lat' dir='ltr'>plures</span> <span class='ocrx_word' id='word_1_196' title='bbox 1401 1401 1580 1454; x_wconf 89' lang='lat' dir='ltr'>improbi</span> <span class='ocrx_word' id='word_1_197' title='bbox 1610 1401 1787 1449; x_wconf 89' lang='lat' dir='ltr'>fuerint,</span> <span class='ocrx_word' id='word_1_198' title='bbox 1817 1403 1899 1444; x_wconf 90' lang='lat' dir='ltr'>hoc</span> <span class='ocrx_word' id='word_1_199' title='bbox 1920 1419 1993 1445; x_wconf 80' lang='lat' dir='ltr'>vo-</span> 
     </span>
     <span class='ocr_line' id='line_1_20' title="bbox 223 1458 1991 1520; baseline 0.005 -21"><span class='ocrx_word' id='word_1_200' title='bbox 223 1458 310 1509; x_wconf 90' lang='lat' dir='ltr'>bis,</span> <span class='ocrx_word' id='word_1_201' title='bbox 341 1460 422 1502; x_wconf 90' lang='lat' dir='ltr'>hoc</span> <span class='ocrx_word' id='word_1_202' title='bbox 442 1462 603 1516; x_wconf 91' lang='lat' dir='ltr'>populo</span> <span class='ocrx_word' id='word_1_203' title='bbox 625 1464 836 1511; x_wconf 84' lang='lat' dir='ltr'>Romano,</span> <span class='ocrx_word' id='word_1_204' title='bbox 868 1463 1053 1510; x_wconf 90' lang='lat' dir='ltr'>iudices,</span> <span class='ocrx_word' id='word_1_205' title='bbox 1086 1460 1285 1502; x_wconf 84' lang='lat' dir='ltr'>confirmo</span> <span class='ocrx_word' id='word_1_206' title='bbox 1301 1493 1311 1510; x_wconf 94' lang='lat'>,</span> <span class='ocrx_word' id='word_1_207' title='bbox 1342 1463 1471 1503; x_wconf 72' lang='lat' dir='ltr'>vitam</span> <span class='ocrx_word' id='word_1_208' title='bbox 1493 1463 1732 1504; x_wconf 89' lang='lat' dir='ltr'>mehercule</span> <span class='ocrx_word' id='word_1_209' title='bbox 1752 1466 1853 1506; x_wconf 92' lang='lat' dir='ltr'>mihi</span> <span class='ocrx_word' id='word_1_210' title='bbox 1874 1468 1991 1520; x_wconf 90' lang='lat' dir='ltr'>prius</span> 
     </span>
     <span class='ocr_line' id='line_1_21' title="bbox 224 1524 2041 1582; baseline 0.003 -19"><span class='ocrx_word' id='word_1_211' title='bbox 224 1536 350 1577; x_wconf 88' lang='lat' dir='ltr'>quam</span> <span class='ocrx_word' id='word_1_212' title='bbox 394 1524 479 1564; x_wconf 89' lang='lat' dir='ltr'>vim</span> <span class='ocrx_word' id='word_1_213' title='bbox 525 1526 965 1579; x_wconf 84' lang='lat' dir='ltr'>perseverantiamque</span> <span class='ocrx_word' id='word_1_214' title='bbox 1009 1525 1061 1565; x_wconf 89' lang='lat' dir='ltr'>ad</span> <span class='ocrx_word' id='word_1_215' title='bbox 1101 1525 1271 1564; x_wconf 89' lang='lat' dir='ltr'>illorum</span> <span class='ocrx_word' id='word_1_216' title='bbox 1312 1526 1622 1579; x_wconf 87' lang='lat' dir='ltr'>improbitatem</span> <span class='ocrx_word' id='word_1_217' title='bbox 1656 1529 2041 1582; x_wconf 78' lang='lat' dir='ltr'>persequendam20</span> 
     </span>
     <span class='ocr_line' id='line_1_22' title="bbox 224 1585 1991 1643; baseline 0.003 -18"><span class='ocrx_word' id='word_1_218' title='bbox 224 1585 473 1627; x_wconf 87' lang='lat' dir='ltr'>defuturam.</span> <span class='ocrx_word' id='word_1_219' title='bbox 535 1585 603 1629; x_wconf 79' lang='lat'>51.</span> <span class='ocrx_word' id='word_1_220' title='bbox 633 1589 790 1628; x_wconf 91' lang='lat' dir='ltr'>Verum</span> <span class='ocrx_word' id='word_1_221' title='bbox 823 1588 938 1641; x_wconf 92' lang='lat' dir='ltr'>quod</span> <span class='ocrx_word' id='word_1_222' title='bbox 971 1601 1046 1640; x_wconf 88' lang='lat' dir='ltr'>ego</span> <span class='ocrx_word' id='word_1_223' title='bbox 1070 1587 1296 1634; x_wconf 88' lang='lat' dir='ltr'>laboribus,</span> <span class='ocrx_word' id='word_1_224' title='bbox 1329 1588 1527 1641; x_wconf 91' lang='lat' dir='ltr'>periculis</span> <span class='ocrx_word' id='word_1_225' title='bbox 1549 1588 1865 1643; x_wconf 88' lang='lat' dir='ltr'>inimicitiisque</span> <span class='ocrx_word' id='word_1_226' title='bbox 1887 1591 1991 1630; x_wconf 90' lang='lat' dir='ltr'>meis</span> 
     </span>
     <span class='ocr_line' id='line_1_23' title="bbox 222 1650 1992 1706; baseline 0.003 -19"><span class='ocrx_word' id='word_1_227' title='bbox 222 1652 334 1697; x_wconf 91' lang='lat' dir='ltr'>tum,</span> <span class='ocrx_word' id='word_1_228' title='bbox 377 1663 473 1690; x_wconf 88' lang='lat' dir='ltr'>cum</span> <span class='ocrx_word' id='word_1_229' title='bbox 511 1651 742 1691; x_wconf 88' lang='lat' dir='ltr'>admissum</span> <span class='ocrx_word' id='word_1_230' title='bbox 774 1652 872 1699; x_wconf 90' lang='lat' dir='ltr'>erit,</span> <span class='ocrx_word' id='word_1_231' title='bbox 913 1650 1094 1690; x_wconf 88' lang='lat' dir='ltr'>dedecus</span> <span class='ocrx_word' id='word_1_232' title='bbox 1127 1663 1270 1690; x_wconf 88' lang='lat' dir='ltr'>severe</span> <span class='ocrx_word' id='word_1_233' title='bbox 1302 1664 1367 1689; x_wconf 82' lang='lat' dir='ltr'>ine</span> <span class='ocrx_word' id='word_1_234' title='bbox 1397 1655 1718 1703; x_wconf 88' lang='lat' dir='ltr'>persecuturum</span> <span class='ocrx_word' id='word_1_235' title='bbox 1749 1665 1839 1692; x_wconf 90' lang='lat' dir='ltr'>esse</span> <span class='ocrx_word' id='word_1_236' title='bbox 1868 1653 1992 1706; x_wconf 92' lang='lat' dir='ltr'>polli-</span> 
     </span>
     <span class='ocr_line' id='line_1_24' title="bbox 223 1711 1989 1766; baseline 0.003 -17"><span class='ocrx_word' id='word_1_237' title='bbox 223 1723 343 1759; x_wconf 89' lang='lat' dir='ltr'>ceor,</span> <span class='ocrx_word' id='word_1_238' title='bbox 374 1711 418 1751; x_wconf 91' lang='lat' dir='ltr'>id</span> <span class='ocrx_word' id='word_1_239' title='bbox 438 1726 491 1752; x_wconf 90' lang='lat' dir='ltr'>ne</span> <span class='ocrx_word' id='word_1_240' title='bbox 518 1713 703 1761; x_wconf 88' lang='lat' dir='ltr'>accidat,</span> <span class='ocrx_word' id='word_1_241' title='bbox 735 1718 782 1753; x_wconf 91' lang='lat' dir='ltr'>tu</span> <span class='ocrx_word' id='word_1_242' title='bbox 805 1719 878 1753; x_wconf 90' lang='lat' dir='ltr'>tua</span> <span class='ocrx_word' id='word_1_243' title='bbox 898 1712 1172 1759; x_wconf 87' lang='lat' dir='ltr'>auctoritate,</span> <span class='ocrx_word' id='word_1_244' title='bbox 1204 1712 1424 1765; x_wconf 83' lang='lat' dir='ltr'>sapientia,</span> <span class='ocrx_word' id='word_1_245' title='bbox 1457 1712 1688 1766; x_wconf 86' lang='lat' dir='ltr'>diligentia,</span> <span class='ocrx_word' id='word_1_246' title='bbox 1717 1714 1784 1753; x_wconf 84' lang='grc' dir='ltr'>Μ’.</span> <span class='ocrx_word' id='word_1_247' title='bbox 1807 1714 1989 1762; x_wconf 87' lang='lat' dir='ltr'>Glabrio,</span> 
     </span>
     <span class='ocr_line' id='line_1_25' title="bbox 223 1774 1989 1831; baseline 0.003 -19"><span class='ocrx_word' id='word_1_248' title='bbox 223 1777 344 1824; x_wconf 90' lang='lat' dir='ltr'>potes</span> <span class='ocrx_word' id='word_1_249' title='bbox 376 1775 612 1827; x_wconf 85' lang='lat' dir='ltr'>providere.</span> <span class='ocrx_word' id='word_1_250' title='bbox 662 1776 838 1828; x_wconf 89' lang='lat' dir='ltr'>Suscipe</span> <span class='ocrx_word' id='word_1_251' title='bbox 869 1788 1035 1816; x_wconf 87' lang='lat' dir='ltr'>causam</span> <span class='ocrx_word' id='word_1_252' title='bbox 1057 1774 1334 1822; x_wconf 89' lang='lat' dir='ltr'>iudiciorum;</span> <span class='ocrx_word' id='word_1_253' title='bbox 1366 1776 1534 1829; x_wconf 92' lang='lat' dir='ltr'>suscipe</span> <span class='ocrx_word' id='word_1_254' title='bbox 1555 1789 1722 1816; x_wconf 88' lang='lat' dir='ltr'>causam</span> <span class='ocrx_word' id='word_1_255' title='bbox 1743 1777 1989 1831; x_wconf 82' lang='lat' dir='ltr'>severitatis,</span> 
     </span>
     <span class='ocr_line' id='line_1_26' title="bbox 224 1834 2038 1890; baseline 0.003 -17"><span class='ocrx_word' id='word_1_256' title='bbox 224 1834 499 1888; x_wconf 86' lang='lat' dir='ltr'>integritatis,</span> <span class='ocrx_word' id='word_1_257' title='bbox 530 1835 651 1885; x_wconf 91' lang='lat' dir='ltr'>fidei,</span> <span class='ocrx_word' id='word_1_258' title='bbox 682 1838 922 1890; x_wconf 84' lang='lat' dir='ltr'>religionis3</span> <span class='ocrx_word' id='word_1_259' title='bbox 964 1837 1128 1888; x_wconf 88' lang='lat' dir='ltr'>suscipe</span> <span class='ocrx_word' id='word_1_260' title='bbox 1159 1850 1327 1877; x_wconf 88' lang='lat' dir='ltr'>causam</span> <span class='ocrx_word' id='word_1_261' title='bbox 1359 1843 1551 1886; x_wconf 91' lang='lat' dir='ltr'>senatus,</span> <span class='ocrx_word' id='word_1_262' title='bbox 1582 1844 1629 1878; x_wconf 90' lang='lat' dir='ltr'>ut</span> <span class='ocrx_word' id='word_1_263' title='bbox 1657 1839 1691 1879; x_wconf 92' lang='lat' dir='ltr'>is</span> <span class='ocrx_word' id='word_1_264' title='bbox 1721 1839 1802 1880; x_wconf 92' lang='lat' dir='ltr'>hoc</span> <span class='ocrx_word' id='word_1_265' title='bbox 1831 1840 1988 1880; x_wconf 90' lang='lat' dir='ltr'>iudicio</span> <span class='ocrx_word' id='word_1_266' title='bbox 2002 1851 2038 1881; x_wconf 79' lang='lat'>25</span> 
     </span>
     <span class='ocr_line' id='line_1_27' title="bbox 225 1898 1989 1955; baseline 0.003 -18"><span class='ocrx_word' id='word_1_267' title='bbox 225 1898 425 1950; x_wconf 89' lang='lat' dir='ltr'>probatus</span> <span class='ocrx_word' id='word_1_268' title='bbox 458 1913 551 1939; x_wconf 84' lang='lat' dir='ltr'>cum</span> <span class='ocrx_word' id='word_1_269' title='bbox 582 1899 742 1952; x_wconf 90' lang='lat' dir='ltr'>populo</span> <span class='ocrx_word' id='word_1_270' title='bbox 775 1901 963 1939; x_wconf 85' lang='lat' dir='ltr'>Romano</span> <span class='ocrx_word' id='word_1_271' title='bbox 996 1905 1036 1938; x_wconf 89' lang='lat' dir='ltr'>et</span> <span class='ocrx_word' id='word_1_272' title='bbox 1065 1899 1108 1938; x_wconf 92' lang='lat' dir='ltr'>in</span> <span class='ocrx_word' id='word_1_273' title='bbox 1139 1899 1262 1939; x_wconf 91' lang='lat' dir='ltr'>laude</span> <span class='ocrx_word' id='word_1_274' title='bbox 1295 1905 1335 1940; x_wconf 91' lang='lat' dir='ltr'>et</span> <span class='ocrx_word' id='word_1_275' title='bbox 1364 1900 1407 1939; x_wconf 93' lang='lat' dir='ltr'>in</span> <span class='ocrx_word' id='word_1_276' title='bbox 1440 1900 1572 1953; x_wconf 85' lang='lat' dir='ltr'>gratia</span> <span class='ocrx_word' id='word_1_277' title='bbox 1602 1914 1693 1941; x_wconf 91' lang='lat' dir='ltr'>esse</span> <span class='ocrx_word' id='word_1_278' title='bbox 1722 1902 1868 1955; x_wconf 89' lang='lat' dir='ltr'>possit.</span> <span class='ocrx_word' id='word_1_279' title='bbox 1911 1902 1989 1942; x_wconf 92' lang='lat' dir='ltr'>Co-</span> 
     </span>
     <span class='ocr_line' id='line_1_28' title="bbox 225 1959 1987 2018; baseline 0.003 -19"><span class='ocrx_word' id='word_1_280' title='bbox 225 1959 333 2012; x_wconf 87' lang='lat' dir='ltr'>gita,</span> <span class='ocrx_word' id='word_1_281' title='bbox 376 1962 448 2015; x_wconf 94' lang='lat' dir='ltr'>qui</span> <span class='ocrx_word' id='word_1_282' title='bbox 487 1962 566 2008; x_wconf 90' lang='lat' dir='ltr'>sis,</span> <span class='ocrx_word' id='word_1_283' title='bbox 609 1975 693 2015; x_wconf 92' lang='lat' dir='ltr'>quo</span> <span class='ocrx_word' id='word_1_284' title='bbox 726 1961 818 2001; x_wconf 90' lang='lat' dir='ltr'>loco</span> <span class='ocrx_word' id='word_1_285' title='bbox 849 1962 928 2009; x_wconf 90' lang='lat' dir='ltr'>sis,</span> <span class='ocrx_word' id='word_1_286' title='bbox 975 1961 1076 2014; x_wconf 85' lang='lat' dir='ltr'>quid</span> <span class='ocrx_word' id='word_1_287' title='bbox 1107 1961 1204 2000; x_wconf 91' lang='lat' dir='ltr'>dare</span> <span class='ocrx_word' id='word_1_288' title='bbox 1234 1961 1393 2014; x_wconf 91' lang='lat' dir='ltr'>populo</span> <span class='ocrx_word' id='word_1_289' title='bbox 1425 1963 1636 2011; x_wconf 89' lang='lat' dir='ltr'>Romano,</span> <span class='ocrx_word' id='word_1_290' title='bbox 1681 1964 1783 2018; x_wconf 89' lang='lat' dir='ltr'>quid</span> <span class='ocrx_word' id='word_1_291' title='bbox 1811 1964 1987 2004; x_wconf 90' lang='lat' dir='ltr'>reddere</span> 
     </span>
     <span class='ocr_line' id='line_1_29' title="bbox 225 2022 1986 2076; baseline 0.003 -14"><span class='ocrx_word' id='word_1_292' title='bbox 225 2022 452 2064; x_wconf 90' lang='lat' dir='ltr'>maioribus</span> <span class='ocrx_word' id='word_1_293' title='bbox 484 2024 564 2063; x_wconf 91' lang='lat' dir='ltr'>tuis</span> <span class='ocrx_word' id='word_1_294' title='bbox 598 2024 775 2071; x_wconf 89' lang='lat' dir='ltr'>debeas;</span> <span class='ocrx_word' id='word_1_295' title='bbox 805 2024 869 2063; x_wconf 90' lang='lat' dir='ltr'>fac</span> <span class='ocrx_word' id='word_1_296' title='bbox 900 2023 973 2063; x_wconf 91' lang='lat' dir='ltr'>tibi</span> <span class='ocrx_word' id='word_1_297' title='bbox 1004 2028 1202 2076; x_wconf 88' lang='lat' dir='ltr'>paternae</span> <span class='ocrx_word' id='word_1_298' title='bbox 1233 2024 1336 2076; x_wconf 91' lang='lat' dir='ltr'>legis</span> <span class='ocrx_word' id='word_1_299' title='bbox 1365 2024 1524 2064; x_wconf 84' lang='lat' dir='ltr'>Aciliae</span> <span class='ocrx_word' id='word_1_300' title='bbox 1549 2025 1691 2066; x_wconf 86' lang='lat' dir='ltr'>veniat</span> <span class='ocrx_word' id='word_1_301' title='bbox 1719 2027 1762 2066; x_wconf 92' lang='lat' dir='ltr'>in</span> <span class='ocrx_word' id='word_1_302' title='bbox 1791 2033 1986 2076; x_wconf 89' lang='lat' dir='ltr'>mentem,</span> 
     </span>
     <span class='ocr_line' id='line_1_30' title="bbox 223 2086 1987 2140; baseline 0.003 -15"><span class='ocrx_word' id='word_1_303' title='bbox 223 2099 307 2139; x_wconf 88' lang='lat' dir='ltr'>qua</span> <span class='ocrx_word' id='word_1_304' title='bbox 336 2086 428 2139; x_wconf 88' lang='lat' dir='ltr'>lege</span> <span class='ocrx_word' id='word_1_305' title='bbox 457 2086 641 2139; x_wconf 91' lang='lat' dir='ltr'>populus</span> <span class='ocrx_word' id='word_1_306' title='bbox 672 2087 885 2127; x_wconf 90' lang='lat' dir='ltr'>Romanus</span> <span class='ocrx_word' id='word_1_307' title='bbox 918 2087 968 2126; x_wconf 90' lang='lat' dir='ltr'>de</span> <span class='ocrx_word' id='word_1_308' title='bbox 998 2086 1191 2139; x_wconf 91' lang='lat' dir='ltr'>pecuniis</span> <span class='ocrx_word' id='word_1_309' title='bbox 1222 2086 1469 2139; x_wconf 86' lang='lat' dir='ltr'>repetundis</span> <span class='ocrx_word' id='word_1_310' title='bbox 1490 2088 1658 2140; x_wconf 92' lang='lat' dir='ltr'>optimis</span> <span class='ocrx_word' id='word_1_311' title='bbox 1680 2089 1847 2130; x_wconf 91' lang='lat' dir='ltr'>iudiciis</span> <span class='ocrx_word' id='word_1_312' title='bbox 1870 2104 1987 2131; x_wconf 83' lang='lat' dir='ltr'>seve-</span> 
     </span>
     <span class='ocr_line' id='line_1_31' title="bbox 220 2145 2035 2203; baseline 0.002 -16"><span class='ocrx_word' id='word_1_313' title='bbox 220 2148 483 2203; x_wconf 88' lang='lat' dir='ltr'>rissimisque</span> <span class='ocrx_word' id='word_1_314' title='bbox 514 2148 724 2189; x_wconf 89' lang='lat' dir='ltr'>iudicibus</span> <span class='ocrx_word' id='word_1_315' title='bbox 756 2163 856 2188; x_wconf 92' lang='lat' dir='ltr'>usus</span> <span class='ocrx_word' id='word_1_316' title='bbox 888 2154 962 2188; x_wconf 91' lang='lat' dir='ltr'>est.</span> <span class='ocrx_word' id='word_1_317' title='bbox 1019 2145 1084 2186; x_wconf 71' lang='lat'>52.</span> <span class='ocrx_word' id='word_1_318' title='bbox 1119 2147 1397 2188; x_wconf 88' lang='lat' dir='ltr'>Circumstant</span> <span class='ocrx_word' id='word_1_319' title='bbox 1426 2154 1465 2188; x_wconf 91' lang='lat' dir='ltr'>te</span> <span class='ocrx_word' id='word_1_320' title='bbox 1496 2163 1681 2191; x_wconf 87' lang='lat' dir='ltr'>summae</span> <span class='ocrx_word' id='word_1_321' title='bbox 1703 2153 2035 2201; x_wconf 83' lang='lat' dir='ltr'>auet01·itates,3o</span> 
     </span>
     <span class='ocr_line' id='line_1_32' title="bbox 221 2210 1986 2269; baseline 0.003 -19"><span class='ocrx_word' id='word_1_322' title='bbox 221 2223 329 2264; x_wconf 88' lang='lat' dir='ltr'>quae</span> <span class='ocrx_word' id='word_1_323' title='bbox 361 2215 401 2251; x_wconf 93' lang='lat' dir='ltr'>te</span> <span class='ocrx_word' id='word_1_324' title='bbox 433 2210 626 2251; x_wconf 89' lang='lat' dir='ltr'>oblivisci</span> <span class='ocrx_word' id='word_1_325' title='bbox 656 2211 794 2251; x_wconf 92' lang='lat' dir='ltr'>laudis</span> <span class='ocrx_word' id='word_1_326' title='bbox 827 2211 1082 2252; x_wconf 88' lang='lat' dir='ltr'>domesticae</span> <span class='ocrx_word' id='word_1_327' title='bbox 1111 2223 1198 2250; x_wconf 91' lang='lat' dir='ltr'>non</span> <span class='ocrx_word' id='word_1_328' title='bbox 1228 2211 1394 2260; x_wconf 90' lang='lat' dir='ltr'>sinant,</span> <span class='ocrx_word' id='word_1_329' title='bbox 1426 2224 1534 2266; x_wconf 87' lang='lat' dir='ltr'>quae</span> <span class='ocrx_word' id='word_1_330' title='bbox 1562 2216 1603 2252; x_wconf 90' lang='lat' dir='ltr'>te</span> <span class='ocrx_word' id='word_1_331' title='bbox 1632 2218 1777 2254; x_wconf 88' lang='lat' dir='ltr'>noctes</span> <span class='ocrx_word' id='word_1_332' title='bbox 1808 2214 1986 2269; x_wconf 91' lang='lat' dir='ltr'>diesque</span> 
     </span>
     <span class='ocr_line' id='line_1_33' title="bbox 222 2271 1986 2329; baseline 0.003 -17"><span class='ocrx_word' id='word_1_333' title='bbox 222 2277 517 2314; x_wconf 90' lang='lat' dir='ltr'>commoneant</span> <span class='ocrx_word' id='word_1_334' title='bbox 536 2271 812 2313; x_wconf 87' lang='lat' dir='ltr'>fortissimum</span> <span class='ocrx_word' id='word_1_335' title='bbox 836 2273 912 2313; x_wconf 92' lang='lat' dir='ltr'>tibi</span> <span class='ocrx_word' id='word_1_336' title='bbox 933 2278 1115 2326; x_wconf 89' lang='lat' dir='ltr'>patrem,</span> <span class='ocrx_word' id='word_1_337' title='bbox 1146 2273 1504 2326; x_wconf 88' lang='lat' dir='ltr'>sapientissimum</span> <span class='ocrx_word' id='word_1_338' title='bbox 1524 2287 1669 2324; x_wconf 77' lang='lat' dir='ltr'>avum,</span> <span class='ocrx_word' id='word_1_339' title='bbox 1694 2276 1986 2329; x_wconf 85' lang='lat' dir='ltr'>gravissimum</span> 
     </span>
     <span class='ocr_line' id='line_1_34' title="bbox 218 2334 1985 2392; baseline 0.003 -18"><span class='ocrx_word' id='word_1_340' title='bbox 218 2347 411 2375; x_wconf 90' lang='lat' dir='ltr'>socerum</span> <span class='ocrx_word' id='word_1_341' title='bbox 440 2334 583 2375; x_wconf 88' lang='lat' dir='ltr'>fuisse.</span> <span class='ocrx_word' id='word_1_342' title='bbox 645 2335 784 2383; x_wconf 89' lang='lat' dir='ltr'>Quare</span> <span class='ocrx_word' id='word_1_343' title='bbox 827 2335 861 2375; x_wconf 93' lang='lat' dir='ltr'>si</span> <span class='ocrx_word' id='word_1_344' title='bbox 903 2335 1140 2375; x_wconf 88' lang='lat' dir='ltr'>Glabrionis</span> <span class='ocrx_word' id='word_1_345' title='bbox 1177 2335 1306 2388; x_wconf 92' lang='lat' dir='ltr'>patris</span> <span class='ocrx_word' id='word_1_346' title='bbox 1336 2336 1421 2376; x_wconf 79' lang='lat' dir='ltr'>vim</span> <span class='ocrx_word' id='word_1_347' title='bbox 1452 2342 1493 2376; x_wconf 93' lang='lat' dir='ltr'>et</span> <span class='ocrx_word' id='word_1_348' title='bbox 1522 2337 1794 2378; x_wconf 88' lang='lat' dir='ltr'>acrimoniam</span> <span class='ocrx_word' id='word_1_349' title='bbox 1824 2339 1985 2392; x_wconf 88' lang='lat' dir='ltr'>ceperis</span> 
     </span>
     <span class='ocr_line' id='line_1_35' title="bbox 219 2396 1985 2453; baseline 0.003 -17"><span class='ocrx_word' id='word_1_350' title='bbox 219 2396 272 2436; x_wconf 88' lang='lat' dir='ltr'>ad</span> <span class='ocrx_word' id='word_1_351' title='bbox 301 2396 584 2438; x_wconf 89' lang='lat' dir='ltr'>resistendum</span> <span class='ocrx_word' id='word_1_352' title='bbox 613 2397 857 2437; x_wconf 90' lang='lat' dir='ltr'>hominibus</span> <span class='ocrx_word' id='word_1_353' title='bbox 890 2397 1204 2444; x_wconf 87' lang='lat' dir='ltr'>audacissimis,</span> <span class='ocrx_word' id='word_1_354' title='bbox 1237 2398 1270 2437; x_wconf 89' lang='lat' dir='ltr'>si</span> <span class='ocrx_word' id='word_1_355' title='bbox 1302 2398 1367 2438; x_wconf 87' lang='lat' dir='ltr'>avi</span> <span class='ocrx_word' id='word_1_356' title='bbox 1390 2399 1615 2439; x_wconf 89' lang='lat' dir='ltr'>Scaevolae</span> <span class='ocrx_word' id='word_1_357' title='bbox 1645 2400 1912 2453; x_wconf 89' lang='lat' dir='ltr'>prudentiam</span> <span class='ocrx_word' id='word_1_358' title='bbox 1932 2401 1985 2441; x_wconf 88' lang='lat' dir='ltr'>ad</span> 
     </span>
     <span class='ocr_line' id='line_1_36' title="bbox 218 2458 2034 2515; baseline 0.002 -16"><span class='ocrx_word' id='word_1_359' title='bbox 218 2458 538 2512; x_wconf 88' lang='lat' dir='ltr'>prospiciendas</span> <span class='ocrx_word' id='word_1_360' title='bbox 568 2459 769 2507; x_wconf 87' lang='lat' dir='ltr'>insidias,</span> <span class='ocrx_word' id='word_1_361' title='bbox 811 2472 920 2513; x_wconf 91' lang='lat' dir='ltr'>quae</span> <span class='ocrx_word' id='word_1_362' title='bbox 961 2464 1056 2500; x_wconf 91' lang='lat' dir='ltr'>tuae</span> <span class='ocrx_word' id='word_1_363' title='bbox 1090 2465 1216 2513; x_wconf 90' lang='lat' dir='ltr'>atque</span> <span class='ocrx_word' id='word_1_364' title='bbox 1245 2460 1397 2500; x_wconf 90' lang='lat' dir='ltr'>horum</span> <span class='ocrx_word' id='word_1_365' title='bbox 1426 2461 1562 2502; x_wconf 89' lang='lat' dir='ltr'>famae</span> <span class='ocrx_word' id='word_1_366' title='bbox 1595 2468 1911 2515; x_wconf 88' lang='lat' dir='ltr'>comparantur,</span> <span class='ocrx_word' id='word_1_367' title='bbox 1949 2463 1983 2503; x_wconf 92' lang='lat' dir='ltr'>si</span> <span class='ocrx_word' id='word_1_368' title='bbox 1996 2473 2034 2504; x_wconf 83' lang='lat'>35</span> 
     </span>
     <span class='ocr_line' id='line_1_37' title="bbox 219 2519 1986 2577; baseline 0.003 -17"><span class='ocrx_word' id='word_1_369' title='bbox 219 2519 355 2560; x_wconf 85' lang='lat' dir='ltr'>soceri</span> <span class='ocrx_word' id='word_1_370' title='bbox 394 2520 541 2562; x_wconf 86' lang='lat' dir='ltr'>Scauri</span> <span class='ocrx_word' id='word_1_371' title='bbox 580 2523 880 2570; x_wconf 88' lang='lat' dir='ltr'>constantiam,</span> <span class='ocrx_word' id='word_1_372' title='bbox 919 2527 967 2562; x_wconf 90' lang='lat' dir='ltr'>ut</span> <span class='ocrx_word' id='word_1_373' title='bbox 1005 2536 1058 2563; x_wconf 91' lang='lat' dir='ltr'>ne</span> <span class='ocrx_word' id='word_1_374' title='bbox 1096 2522 1191 2575; x_wconf 93' lang='lat' dir='ltr'>quis</span> <span class='ocrx_word' id='word_1_375' title='bbox 1235 2527 1273 2562; x_wconf 90' lang='lat' dir='ltr'>te</span> <span class='ocrx_word' id='word_1_376' title='bbox 1305 2524 1355 2562; x_wconf 92' lang='lat' dir='ltr'>de</span> <span class='ocrx_word' id='word_1_377' title='bbox 1385 2537 1485 2564; x_wconf 83' lang='lat' dir='ltr'>vera</span> <span class='ocrx_word' id='word_1_378' title='bbox 1515 2529 1556 2563; x_wconf 91' lang='lat' dir='ltr'>et</span> <span class='ocrx_word' id='word_1_379' title='bbox 1585 2529 1699 2564; x_wconf 89' lang='lat' dir='ltr'>certa</span> <span class='ocrx_word' id='word_1_380' title='bbox 1727 2525 1863 2577; x_wconf 90' lang='lat' dir='ltr'>possit</span> <span class='ocrx_word' id='word_1_381' title='bbox 1892 2538 1986 2565; x_wconf 90' lang='lat' dir='ltr'>sen-</span> 
     </span>
     <span class='ocr_line' id='line_1_38' title="bbox 217 2582 1986 2640; baseline 0.002 -17"><span class='ocrx_word' id='word_1_382' title='bbox 217 2582 351 2622; x_wconf 84' lang='lat' dir='ltr'>tentia</span> <span class='ocrx_word' id='word_1_383' title='bbox 390 2583 637 2625; x_wconf 86' lang='lat' dir='ltr'>demovere:</span> <span class='ocrx_word' id='word_1_384' title='bbox 678 2585 886 2638; x_wconf 86' lang='lat' dir='ltr'>intelliget</span> <span class='ocrx_word' id='word_1_385' title='bbox 923 2585 1106 2638; x_wconf 93' lang='lat' dir='ltr'>populus</span> <span class='ocrx_word' id='word_1_386' title='bbox 1146 2585 1359 2625; x_wconf 87' lang='lat' dir='ltr'>Romanus</span> <span class='ocrx_word' id='word_1_387' title='bbox 1395 2586 1664 2639; x_wconf 90' lang='lat' dir='ltr'>integerrimo</span> <span class='ocrx_word' id='word_1_388' title='bbox 1695 2592 1824 2640; x_wconf 89' lang='lat' dir='ltr'>atque</span> <span class='ocrx_word' id='word_1_389' title='bbox 1852 2587 1986 2627; x_wconf 90' lang='lat' dir='ltr'>hone-</span> 
     </span>
     <span class='ocr_line' id='line_1_39' title="bbox 219 2643 1984 2702; baseline 0.003 -18"><span class='ocrx_word' id='word_1_390' title='bbox 219 2643 406 2685; x_wconf 90' lang='lat' dir='ltr'>stissimo</span> <span class='ocrx_word' id='word_1_391' title='bbox 435 2651 630 2699; x_wconf 87' lang='lat' dir='ltr'>praetore</span> <span class='ocrx_word' id='word_1_392' title='bbox 662 2647 911 2701; x_wconf 88' lang='lat' dir='ltr'>delectoque</span> <span class='ocrx_word' id='word_1_393' title='bbox 943 2648 1118 2688; x_wconf 87' lang='lat' dir='ltr'>consilio</span> <span class='ocrx_word' id='word_1_394' title='bbox 1139 2647 1310 2687; x_wconf 91' lang='lat' dir='ltr'>nocenti</span> <span class='ocrx_word' id='word_1_395' title='bbox 1334 2661 1406 2688; x_wconf 90' lang='lat' dir='ltr'>reo</span> <span class='ocrx_word' id='word_1_396' title='bbox 1427 2649 1759 2701; x_wconf 89' lang='lat' dir='ltr'>magnitudinem</span> <span class='ocrx_word' id='word_1_397' title='bbox 1779 2650 1984 2702; x_wconf 89' lang='lat' dir='ltr'>pecuniae</span> 
     </span>
     <span class='ocr_line' id='line_1_40' title="bbox 216 2706 1984 2764; baseline 0.002 -16"><span class='ocrx_word' id='word_1_398' title='bbox 216 2706 312 2761; x_wconf 88' lang='lat' dir='ltr'>plus</span> <span class='ocrx_word' id='word_1_399' title='bbox 341 2707 540 2750; x_wconf 85' lang='lat' dir='ltr'>hahuisse</span> <span class='ocrx_word' id='word_1_400' title='bbox 570 2711 773 2751; x_wconf 89' lang='lat' dir='ltr'>momenti</span> <span class='ocrx_word' id='word_1_401' title='bbox 793 2710 846 2750; x_wconf 92' lang='lat' dir='ltr'>ad</span> <span class='ocrx_word' id='word_1_402' title='bbox 867 2710 1149 2764; x_wconf 89' lang='lat' dir='ltr'>suspicionem</span> <span class='ocrx_word' id='word_1_403' title='bbox 1172 2710 1358 2750; x_wconf 91' lang='lat' dir='ltr'>criminis</span> <span class='ocrx_word' id='word_1_404' title='bbox 1380 2724 1507 2764; x_wconf 87' lang='lat' dir='ltr'>quam</span> <span class='ocrx_word' id='word_1_405' title='bbox 1523 2710 1577 2751; x_wconf 91' lang='lat' dir='ltr'>ad</span> <span class='ocrx_word' id='word_1_406' title='bbox 1596 2711 1803 2751; x_wconf 88' lang='lat' dir='ltr'>rationem</span> <span class='ocrx_word' id='word_1_407' title='bbox 1824 2711 1984 2751; x_wconf 86' lang='lat' dir='ltr'>salutis.</span> 
     </span>
    </p>
   </div>
   <div class='ocr_carea' id='block_1_3' title="bbox 217 2899 1986 3390">
    <p class='ocr_par' dir='ltr' id='par_1_3' title="bbox 217 2899 1986 3390">
     <span class='ocr_line' id='line_1_41' title="bbox 302 2899 1982 2943; baseline 0 -9"><span class='ocrx_word' id='word_1_408' title='bbox 302 2901 337 2934; x_wconf 71' lang='lat'>2.</span> <span class='ocrx_word' id='word_1_409' title='bbox 364 2901 476 2942; x_wconf 82' lang='lat' dir='ltr'>aliquo</span> <span class='ocrx_word' id='word_1_410' title='bbox 501 2899 586 2933; x_wconf 91' lang='lat' dir='ltr'>dtt.:</span> <span class='ocrx_word' id='word_1_411' title='bbox 611 2901 677 2932; x_wconf 84' lang='lat' dir='ltr'>alio</span> <span class='ocrx_word' id='word_1_412' title='bbox 701 2901 748 2933; x_wconf 84' lang='lat' dir='ltr'>G3</span> <span class='ocrx_word' id='word_1_413' title='bbox 761 2911 794 2941; x_wconf 77' lang='grc' dir='ltr'>ς.</span> <span class='ocrx_word' id='word_1_414' title='bbox 824 2919 858 2923; x_wconf 94' lang='lat'>—-</span> <span class='ocrx_word' id='word_1_415' title='bbox 885 2900 915 2932; x_wconf 89' lang='lat'>3.</span> <span class='ocrx_word' id='word_1_416' title='bbox 941 2899 1136 2931; x_wconf 76' lang='lat' dir='ltr'>videbuntur</span> <span class='ocrx_word' id='word_1_417' title='bbox 1159 2900 1205 2932; x_wconf 91' lang='lat' dir='ltr'>G3</span> <span class='ocrx_word' id='word_1_418' title='bbox 1222 2910 1264 2939; x_wconf 69' lang='lat'>5:</span> <span class='ocrx_word' id='word_1_419' title='bbox 1291 2901 1569 2933; x_wconf 51' lang='lat' dir='ltr'>existimabuntur</span> <span class='ocrx_word' id='word_1_420' title='bbox 1593 2900 1655 2933; x_wconf 92' lang='lat' dir='ltr'>dtt.</span> <span class='ocrx_word' id='word_1_421' title='bbox 1676 2903 1712 2934; x_wconf 96' lang='grc' dir='ltr'>Ο.</span> <span class='ocrx_word' id='word_1_422' title='bbox 1741 2902 1782 2934; x_wconf 87' lang='lat' dir='ltr'>cf.</span> <span class='ocrx_word' id='word_1_423' title='bbox 1809 2902 1853 2934; x_wconf 86' lang='lat' dir='ltr'>ad</span> <span class='ocrx_word' id='word_1_424' title='bbox 1878 2903 1909 2943; x_wconf 69' lang='lat' dir='ltr'>g.</span> <span class='ocrx_word' id='word_1_425' title='bbox 1930 2903 1982 2935; x_wconf 76' lang='lat'>49.</span> 
     </span>
     <span class='ocr_line' id='line_1_42' title="bbox 221 2950 1982 2993; baseline 0 -10"><span class='ocrx_word' id='word_1_426' title='bbox 221 2966 257 2973; x_wconf 95' lang='lat'>—</span> <span class='ocrx_word' id='word_1_427' title='bbox 283 2951 315 2983; x_wconf 82' lang='lat'>7.</span> <span class='ocrx_word' id='word_1_428' title='bbox 342 2960 382 2983; x_wconf 86' lang='lat' dir='ltr'>ac</span> <span class='ocrx_word' id='word_1_429' title='bbox 405 2950 558 2990; x_wconf 81' lang='lat' dir='ltr'>consequi</span> <span class='ocrx_word' id='word_1_430' title='bbox 583 2950 696 2982; x_wconf 58' lang='grc'><strong>012.-</strong></span> <span class='ocrx_word' id='word_1_431' title='bbox 723 2951 753 2982; x_wconf 86' lang='lat'>9.</span> <span class='ocrx_word' id='word_1_432' title='bbox 775 2959 856 2990; x_wconf 78' lang='lat' dir='ltr'>pop.</span> <span class='ocrx_word' id='word_1_433' title='bbox 880 2951 917 2982; x_wconf 88' lang='lat' dir='ltr'>R.</span> <span class='ocrx_word' id='word_1_434' title='bbox 943 2950 1001 2980; x_wconf 81' lang='lat' dir='ltr'>int.</span> <span class='ocrx_word' id='word_1_435' title='bbox 1018 2950 1170 2980; x_wconf 75' lang='lat' dir='ltr'>videatur</span> <span class='ocrx_word' id='word_1_436' title='bbox 1187 2951 1228 2981; x_wconf 84' lang='lat' dir='ltr'>Gi</span> <span class='ocrx_word' id='word_1_437' title='bbox 1251 2951 1325 2989; x_wconf 68' lang='lat'>23:</span> <span class='ocrx_word' id='word_1_438' title='bbox 1352 2951 1437 2981; x_wconf 80' lang='lat' dir='ltr'>oculi</span> <span class='ocrx_word' id='word_1_439' title='bbox 1456 2951 1570 2990; x_wconf 81' lang='lat' dir='ltr'>populi</span> <span class='ocrx_word' id='word_1_440' title='bbox 1594 2952 1652 2983; x_wconf 78' lang='lat' dir='ltr'>int.</span> <span class='ocrx_word' id='word_1_441' title='bbox 1676 2952 1852 2983; x_wconf 81' lang='lat' dir='ltr'>videantur</span> <span class='ocrx_word' id='word_1_442' title='bbox 1868 2951 1982 2993; x_wconf 68' lang='lat' dir='ltr'>vulgo,</span> 
     </span>
     <span class='ocr_line' id='line_1_43' title="bbox 217 3000 1986 3042; baseline 0.002 -10"><span class='ocrx_word' id='word_1_443' title='bbox 217 3001 277 3040; x_wconf 88' lang='lat'>0.;</span> <span class='ocrx_word' id='word_1_444' title='bbox 311 3001 397 3033; x_wconf 77' lang='lat' dir='ltr'>oculi</span> <span class='ocrx_word' id='word_1_445' title='bbox 426 3002 485 3033; x_wconf 83' lang='lat' dir='ltr'>int.</span> <span class='ocrx_word' id='word_1_446' title='bbox 519 3001 695 3033; x_wconf 78' lang='lat' dir='ltr'>videantur</span> <span class='ocrx_word' id='word_1_447' title='bbox 724 3002 804 3042; x_wconf 89' lang='lat' dir='ltr'>(om.</span> <span class='ocrx_word' id='word_1_448' title='bbox 827 3010 906 3041; x_wconf 79' lang='lat' dir='ltr'>pop.</span> <span class='ocrx_word' id='word_1_449' title='bbox 932 3001 982 3040; x_wconf 83' lang='lat' dir='ltr'>R.)</span> <span class='ocrx_word' id='word_1_450' title='bbox 1013 3000 1102 3031; x_wconf 90' lang='lat' dir='ltr'>coni.</span> <span class='ocrx_word' id='word_1_451' title='bbox 1131 3001 1305 3032; x_wconf 67' lang='lat' dir='ltr'>l-‘ritzsche</span> <span class='ocrx_word' id='word_1_452' title='bbox 1331 3000 1523 3032; x_wconf 88' lang='lat' dir='ltr'>admodum</span> <span class='ocrx_word' id='word_1_453' title='bbox 1547 3000 1786 3042; x_wconf 84' lang='lat' dir='ltr'>probabiliter.</span> <span class='ocrx_word' id='word_1_454' title='bbox 1815 3017 1850 3024; x_wconf 88' lang='lat'>—</span> <span class='ocrx_word' id='word_1_455' title='bbox 1879 3002 1930 3034; x_wconf 75' lang='lat'>40.</span> <span class='ocrx_word' id='word_1_456' title='bbox 1957 3007 1986 3035; x_wconf 88' lang='lat' dir='ltr'>et</span> 
     </span>
     <span class='ocr_line' id='line_1_44' title="bbox 217 3049 1982 3086; baseline 0.001 -5"><span class='ocrx_word' id='word_1_457' title='bbox 217 3050 328 3082; x_wconf 80' lang='lat' dir='ltr'>tollere</span> <span class='ocrx_word' id='word_1_458' title='bbox 352 3051 416 3086; x_wconf 57' lang='grc' dir='ltr'>(ΞΗ</span> <span class='ocrx_word' id='word_1_459' title='bbox 442 3058 513 3082; x_wconf 84' lang='grc'><strong>0111.</strong></span> <span class='ocrx_word' id='word_1_460' title='bbox 540 3049 603 3082; x_wconf 88' lang='lat' dir='ltr'>dtt.</span> <span class='ocrx_word' id='word_1_461' title='bbox 632 3066 667 3072; x_wconf 91' lang='lat'><strong>—</strong></span> <span class='ocrx_word' id='word_1_462' title='bbox 695 3051 748 3082; x_wconf 81' lang='grc' dir='ltr'>Μ.</span> <span class='ocrx_word' id='word_1_463' title='bbox 774 3050 948 3081; x_wconf 72' lang='lat' dir='ltr'>constituta</span> <span class='ocrx_word' id='word_1_464' title='bbox 974 3058 1042 3081; x_wconf 88' lang='lat' dir='ltr'>om.</span> <span class='ocrx_word' id='word_1_465' title='bbox 1068 3050 1131 3081; x_wconf 85' lang='lat' dir='ltr'>dtt.</span> <span class='ocrx_word' id='word_1_466' title='bbox 1154 3069 1186 3074; x_wconf 91' lang='lat'><strong>—</strong></span> <span class='ocrx_word' id='word_1_467' title='bbox 1217 3052 1268 3082; x_wconf 67' lang='lat'>4¹2.</span> <span class='ocrx_word' id='word_1_468' title='bbox 1295 3051 1356 3081; x_wconf 81' lang='lat' dir='ltr'>hac</span> <span class='ocrx_word' id='word_1_469' title='bbox 1380 3059 1450 3082; x_wconf 90' lang='lat' dir='ltr'>om.</span> <span class='ocrx_word' id='word_1_470' title='bbox 1477 3051 1519 3082; x_wconf 85' lang='lat' dir='ltr'>Gi</span> <span class='ocrx_word' id='word_1_471' title='bbox 1538 3051 1567 3082; x_wconf 71' lang='lat'>2.</span> <span class='ocrx_word' id='word_1_472' title='bbox 1597 3068 1632 3073; x_wconf 86' lang='lat'><em>-</em></span> <span class='ocrx_word' id='word_1_473' title='bbox 1660 3051 1710 3082; x_wconf 71' lang='lat'>46.</span> <span class='ocrx_word' id='word_1_474' title='bbox 1737 3060 1759 3082; x_wconf 88' lang='lat' dir='ltr'>a</span> <span class='ocrx_word' id='word_1_475' title='bbox 1781 3052 1843 3082; x_wconf 81' lang='lat' dir='ltr'>diis</span> <span class='ocrx_word' id='word_1_476' title='bbox 1866 3053 1926 3084; x_wconf 88' lang='lat' dir='ltr'>Gi.</span> <span class='ocrx_word' id='word_1_477' title='bbox 1947 3071 1982 3075; x_wconf 93' lang='lat'><strong>—</strong></span> 
     </span>
     <span class='ocr_line' id='line_1_45' title="bbox 217 3099 1984 3141; baseline 0.001 -10"><span class='ocrx_word' id='word_1_478' title='bbox 217 3108 353 3139; x_wconf 81' lang='lat' dir='ltr'>sperare</span> <span class='ocrx_word' id='word_1_479' title='bbox 375 3099 487 3132; x_wconf 76' lang='lat' dir='ltr'>debere</span> <span class='ocrx_word' id='word_1_480' title='bbox 510 3101 547 3132; x_wconf 92' lang='lat' dir='ltr'>L.</span> <span class='ocrx_word' id='word_1_481' title='bbox 583 3100 627 3132; x_wconf 81' lang='lat' dir='ltr'>At</span> <span class='ocrx_word' id='word_1_482' title='bbox 650 3100 693 3133; x_wconf 87' lang='lat' dir='ltr'>cf.</span> <span class='ocrx_word' id='word_1_483' title='bbox 712 3099 851 3132; x_wconf 85' lang='lat' dir='ltr'>Ellendt</span> <span class='ocrx_word' id='word_1_484' title='bbox 874 3099 918 3131; x_wconf 87' lang='lat' dir='ltr'>ad</span> <span class='ocrx_word' id='word_1_485' title='bbox 943 3099 986 3131; x_wconf 92' lang='lat' dir='ltr'>de</span> <span class='ocrx_word' id='word_1_486' title='bbox 1012 3101 1102 3131; x_wconf 88' lang='lat' dir='ltr'>Orat.</span> <span class='ocrx_word' id='word_1_487' title='bbox 1120 3101 1159 3132; x_wconf 88' lang='lat'>11.</span> <span class='ocrx_word' id='word_1_488' title='bbox 1187 3100 1217 3141; x_wconf 69' lang='lat' dir='ltr'>g.</span> <span class='ocrx_word' id='word_1_489' title='bbox 1239 3101 1311 3132; x_wconf 69' lang='lat'>42⁴2.</span> <span class='ocrx_word' id='word_1_490' title='bbox 1338 3100 1444 3141; x_wconf 71' lang='lat' dir='ltr'>Seyff.</span> <span class='ocrx_word' id='word_1_491' title='bbox 1471 3101 1515 3132; x_wconf 88' lang='lat' dir='ltr'>ad</span> <span class='ocrx_word' id='word_1_492' title='bbox 1539 3100 1631 3132; x_wconf 87' lang='lat' dir='ltr'>Lael.</span> <span class='ocrx_word' id='word_1_493' title='bbox 1651 3100 1681 3141; x_wconf 67' lang='lat' dir='ltr'>g.</span> <span class='ocrx_word' id='word_1_494' title='bbox 1702 3101 1753 3132; x_wconf 72' lang='lat'>45.</span> <span class='ocrx_word' id='word_1_495' title='bbox 1776 3118 1810 3122; x_wconf 89' lang='lat'>—-</span> <span class='ocrx_word' id='word_1_496' title='bbox 1838 3101 1890 3132; x_wconf 71' lang='lat'>47.</span> <span class='ocrx_word' id='word_1_497' title='bbox 1910 3106 1984 3140; x_wconf 83' lang='lat' dir='ltr'>opto</span> 
     </span>
     <span class='ocr_line' id='line_1_46' title="bbox 220 3149 1981 3191; baseline 0.001 -11"><span class='ocrx_word' id='word_1_498' title='bbox 220 3149 302 3190; x_wconf 69' lang='lat' dir='ltr'>G3g</span> <span class='ocrx_word' id='word_1_499' title='bbox 325 3149 428 3182; x_wconf 87' lang='lat' dir='ltr'>codd.</span> <span class='ocrx_word' id='word_1_500' title='bbox 446 3149 628 3182; x_wconf 87' lang='lat' dir='ltr'>Lambini:</span> <span class='ocrx_word' id='word_1_501' title='bbox 650 3153 725 3190; x_wconf 80' lang='lat' dir='ltr'>peto</span> <span class='ocrx_word' id='word_1_502' title='bbox 743 3150 804 3182; x_wconf 86' lang='lat' dir='ltr'>dtt.</span> <span class='ocrx_word' id='word_1_503' title='bbox 824 3150 861 3182; x_wconf 93' lang='grc' dir='ltr'>Ο.</span> <span class='ocrx_word' id='word_1_504' title='bbox 889 3149 932 3181; x_wconf 85' lang='lat' dir='ltr'>cf.</span> <span class='ocrx_word' id='word_1_505' title='bbox 953 3149 1049 3181; x_wconf 87' lang='lat' dir='ltr'>Catil.</span> <span class='ocrx_word' id='word_1_506' title='bbox 1069 3150 1108 3180; x_wconf 85' lang='lat'>11.</span> <span class='ocrx_word' id='word_1_507' title='bbox 1136 3149 1166 3190; x_wconf 64' lang='lat' dir='ltr'>g.</span> <span class='ocrx_word' id='word_1_508' title='bbox 1186 3152 1239 3181; x_wconf 75' lang='lat'>45.</span> <span class='ocrx_word' id='word_1_509' title='bbox 1269 3168 1302 3174; x_wconf 68' lang='lat'><em>-</em></span> <span class='ocrx_word' id='word_1_510' title='bbox 1331 3150 1383 3182; x_wconf 66' lang='lat'>23.</span> <span class='ocrx_word' id='word_1_511' title='bbox 1409 3151 1620 3190; x_wconf 80' lang='lat' dir='ltr'>auctoritate,</span> <span class='ocrx_word' id='word_1_512' title='bbox 1645 3159 1717 3189; x_wconf 79' lang='lat' dir='ltr'>sap.</span> <span class='ocrx_word' id='word_1_513' title='bbox 1745 3150 1785 3181; x_wconf 76' lang='lat' dir='ltr'>Gi</span> <span class='ocrx_word' id='word_1_514' title='bbox 1804 3151 1857 3189; x_wconf 62' lang='grc' dir='ltr'>ἒς</span> <span class='ocrx_word' id='word_1_515' title='bbox 1881 3151 1981 3191; x_wconf 72' lang='lat' dir='ltr'>Lg29:</span> 
     </span>
     <span class='ocr_line' id='line_1_47' title="bbox 218 3198 1982 3240; baseline 0.001 -11"><span class='ocrx_word' id='word_1_516' title='bbox 218 3207 306 3239; x_wconf 61' lang='lat' dir='ltr'>sap„</span> <span class='ocrx_word' id='word_1_517' title='bbox 332 3203 420 3232; x_wconf 79' lang='lat' dir='ltr'>auct.</span> <span class='ocrx_word' id='word_1_518' title='bbox 446 3199 509 3232; x_wconf 88' lang='lat' dir='ltr'>dtt.</span> <span class='ocrx_word' id='word_1_519' title='bbox 535 3200 574 3232; x_wconf 93' lang='grc' dir='ltr'>Ο.</span> <span class='ocrx_word' id='word_1_520' title='bbox 603 3217 639 3223; x_wconf 93' lang='grc'>-</span> <span class='ocrx_word' id='word_1_521' title='bbox 672 3199 726 3233; x_wconf 72' lang='lat'>24.</span> <span class='ocrx_word' id='word_1_522' title='bbox 751 3199 866 3233; x_wconf 87' lang='lat' dir='ltr'>Malim</span> <span class='ocrx_word' id='word_1_523' title='bbox 889 3199 1049 3231; x_wconf 76' lang='lat' dir='ltr'>veritatis.</span> <span class='ocrx_word' id='word_1_524' title='bbox 1082 3198 1131 3230; x_wconf 84' lang='lat' dir='ltr'>Cf.</span> <span class='ocrx_word' id='word_1_525' title='bbox 1159 3208 1191 3240; x_wconf 90' lang='lat' dir='ltr'>p.</span> <span class='ocrx_word' id='word_1_526' title='bbox 1220 3198 1292 3231; x_wconf 56' lang='lat'>2¹34.</span> <span class='ocrx_word' id='word_1_527' title='bbox 1319 3209 1351 3231; x_wconf 75' lang='lat' dir='ltr'>v.</span> <span class='ocrx_word' id='word_1_528' title='bbox 1380 3199 1430 3230; x_wconf 71' lang='lat'>⁴3.</span> <span class='ocrx_word' id='word_1_529' title='bbox 1457 3200 1550 3232; x_wconf 69' lang='lat' dir='ltr'>BA1r.</span> <span class='ocrx_word' id='word_1_530' title='bbox 1580 3218 1614 3223; x_wconf 95' lang='lat'>—</span> <span class='ocrx_word' id='word_1_531' title='bbox 1649 3199 1701 3230; x_wconf 68' lang='lat'>25.</span> <span class='ocrx_word' id='word_1_532' title='bbox 1727 3199 1786 3230; x_wconf 84' lang='lat' dir='ltr'>hoc</span> <span class='ocrx_word' id='word_1_533' title='bbox 1808 3200 1835 3230; x_wconf 84' lang='lat' dir='ltr'>is</span> <span class='ocrx_word' id='word_1_534' title='bbox 1858 3201 1917 3231; x_wconf 59' lang='lat' dir='ltr'>Ge.</span> <span class='ocrx_word' id='word_1_535' title='bbox 1946 3218 1982 3222; x_wconf 86' lang='lat'>—</span> 
     </span>
     <span class='ocr_line' id='line_1_48' title="bbox 219 3248 1981 3289; baseline 0.001 -9"><span class='ocrx_word' id='word_1_536' title='bbox 219 3248 272 3280; x_wconf 75' lang='lat'>27.</span> <span class='ocrx_word' id='word_1_537' title='bbox 299 3250 356 3288; x_wconf 81' lang='lat' dir='ltr'>qui</span> <span class='ocrx_word' id='word_1_538' title='bbox 379 3250 423 3281; x_wconf 77' lang='lat' dir='ltr'>sis</span> <span class='ocrx_word' id='word_1_539' title='bbox 443 3250 490 3281; x_wconf 86' lang='lat' dir='ltr'>A:</span> <span class='ocrx_word' id='word_1_540' title='bbox 516 3257 588 3282; x_wconf 88' lang='lat' dir='ltr'>om.</span> <span class='ocrx_word' id='word_1_541' title='bbox 614 3249 717 3282; x_wconf 90' lang='lat' dir='ltr'>codd.</span> <span class='ocrx_word' id='word_1_542' title='bbox 747 3267 783 3271; x_wconf 89' lang='lat'>—</span> <span class='ocrx_word' id='word_1_543' title='bbox 809 3250 862 3282; x_wconf 69' lang='lat'>28.</span> <span class='ocrx_word' id='word_1_544' title='bbox 889 3249 967 3289; x_wconf 68' lang='lat' dir='ltr'>legis</span> <span class='ocrx_word' id='word_1_545' title='bbox 988 3248 1111 3279; x_wconf 77' lang='lat' dir='ltr'>Aciliae</span> <span class='ocrx_word' id='word_1_546' title='bbox 1134 3250 1171 3279; x_wconf 69' lang='lat' dir='ltr'>A.</span> <span class='ocrx_word' id='word_1_547' title='bbox 1196 3249 1302 3280; x_wconf 87' lang='lat' dir='ltr'>Prisc.</span> <span class='ocrx_word' id='word_1_548' title='bbox 1328 3250 1368 3280; x_wconf 88' lang='grc' dir='ltr'>Π.</span> <span class='ocrx_word' id='word_1_549' title='bbox 1395 3257 1428 3289; x_wconf 94' lang='lat' dir='ltr'>p.</span> <span class='ocrx_word' id='word_1_550' title='bbox 1456 3249 1508 3280; x_wconf 80' lang='lat'>85.</span> <span class='ocrx_word' id='word_1_551' title='bbox 1535 3248 1610 3280; x_wconf 89' lang='lat' dir='ltr'>dtt.:</span> <span class='ocrx_word' id='word_1_552' title='bbox 1637 3248 1720 3288; x_wconf 70' lang='lat' dir='ltr'>leyes</span> <span class='ocrx_word' id='word_1_553' title='bbox 1741 3248 1797 3279; x_wconf 83' lang='lat' dir='ltr'>Ac.</span> <span class='ocrx_word' id='word_1_554' title='bbox 1825 3249 1872 3280; x_wconf 92' lang='lat' dir='ltr'>G3</span> <span class='ocrx_word' id='word_1_555' title='bbox 1885 3259 1916 3287; x_wconf 81' lang='grc' dir='ltr'>ς.</span> <span class='ocrx_word' id='word_1_556' title='bbox 1946 3267 1981 3271; x_wconf 84' lang='lat'><em>-</em></span> 
     </span>
     <span class='ocr_line' id='line_1_49' title="bbox 217 3297 1980 3339; baseline 0 -11"><span class='ocrx_word' id='word_1_557' title='bbox 217 3298 329 3330; x_wconf 78' lang='lat' dir='ltr'>veniat</span> <span class='ocrx_word' id='word_1_558' title='bbox 350 3299 456 3332; x_wconf 85' lang='lat' dir='ltr'>Prisc.</span> <span class='ocrx_word' id='word_1_559' title='bbox 483 3297 560 3331; x_wconf 86' lang='lat' dir='ltr'>dtt.:</span> <span class='ocrx_word' id='word_1_560' title='bbox 589 3299 726 3332; x_wconf 80' lang='lat' dir='ltr'>veniant</span> <span class='ocrx_word' id='word_1_561' title='bbox 748 3299 794 3331; x_wconf 91' lang='lat' dir='ltr'>G3</span> <span class='ocrx_word' id='word_1_562' title='bbox 808 3310 840 3339; x_wconf 81' lang='grc' dir='ltr'>ς.</span> <span class='ocrx_word' id='word_1_563' title='bbox 863 3317 899 3321; x_wconf 94' lang='grc'>-</span> <span class='ocrx_word' id='word_1_564' title='bbox 925 3298 976 3329; x_wconf 77' lang='lat'>3¹.</span> <span class='ocrx_word' id='word_1_565' title='bbox 1001 3300 1109 3329; x_wconf 78' lang='lat' dir='ltr'>noctes</span> <span class='ocrx_word' id='word_1_566' title='bbox 1133 3298 1262 3337; x_wconf 81' lang='lat' dir='ltr'>diesque</span> <span class='ocrx_word' id='word_1_567' title='bbox 1285 3299 1326 3328; x_wconf 89' lang='lat' dir='ltr'>Gi</span> <span class='ocrx_word' id='word_1_568' title='bbox 1346 3299 1408 3336; x_wconf 66' lang='grc' dir='ltr'>ἒς.</span> <span class='ocrx_word' id='word_1_569' title='bbox 1437 3298 1478 3329; x_wconf 87' lang='lat' dir='ltr'>cf.</span> <span class='ocrx_word' id='word_1_570' title='bbox 1498 3298 1538 3329; x_wconf 82' lang='lat' dir='ltr'>V.</span> <span class='ocrx_word' id='word_1_571' title='bbox 1565 3298 1596 3338; x_wconf 71' lang='lat' dir='ltr'>S.</span> <span class='ocrx_word' id='word_1_572' title='bbox 1618 3298 1691 3328; x_wconf 76' lang='lat'>4¹2.</span> <span class='ocrx_word' id='word_1_573' title='bbox 1717 3305 1752 3338; x_wconf 89' lang='lat' dir='ltr'>p.</span> <span class='ocrx_word' id='word_1_574' title='bbox 1777 3298 1879 3329; x_wconf 88' lang='lat' dir='ltr'>Rosc.</span> <span class='ocrx_word' id='word_1_575' title='bbox 1905 3299 1980 3329; x_wconf 77' lang='lat' dir='ltr'>Am.</span> 
     </span>
     <span class='ocr_line' id='line_1_50' title="bbox 220 3344 1871 3390; baseline 0 -13"><span class='ocrx_word' id='word_1_576' title='bbox 220 3344 251 3386; x_wconf 74' lang='lat' dir='ltr'>S.</span> <span class='ocrx_word' id='word_1_577' title='bbox 277 3346 308 3379; x_wconf 85' lang='grc' dir='ltr'>ὃ.</span> <span class='ocrx_word' id='word_1_578' title='bbox 332 3347 449 3382; x_wconf 82' lang='lat' dir='ltr'>Madv.</span> <span class='ocrx_word' id='word_1_579' title='bbox 473 3347 519 3383; x_wconf 85' lang='lat' dir='ltr'>ad</span> <span class='ocrx_word' id='word_1_580' title='bbox 540 3348 612 3383; x_wconf 84' lang='lat' dir='ltr'>Fin.</span> <span class='ocrx_word' id='word_1_581' title='bbox 636 3349 663 3382; x_wconf 84' lang='lat'>1.</span> <span class='ocrx_word' id='word_1_582' title='bbox 689 3348 721 3390; x_wconf 69' lang='lat' dir='ltr'>S.</span> <span class='ocrx_word' id='word_1_583' title='bbox 747 3349 808 3381; x_wconf 73' lang='lat'>5⁴:</span> <span class='ocrx_word' id='word_1_584' title='bbox 834 3348 901 3381; x_wconf 83' lang='lat' dir='ltr'>dies</span> <span class='ocrx_word' id='word_1_585' title='bbox 922 3349 1092 3386; x_wconf 78' lang='lat' dir='ltr'>noctesque</span> <span class='ocrx_word' id='word_1_586' title='bbox 1115 3346 1175 3378; x_wconf 87' lang='lat' dir='ltr'>dtt.</span> <span class='ocrx_word' id='word_1_587' title='bbox 1203 3348 1240 3378; x_wconf 89' lang='grc' dir='ltr'>Ο.</span> <span class='ocrx_word' id='word_1_588' title='bbox 1269 3361 1304 3369; x_wconf 84' lang='grc'><strong>-</strong></span> <span class='ocrx_word' id='word_1_589' title='bbox 1331 3347 1384 3379; x_wconf 77' lang='lat'>37.</span> <span class='ocrx_word' id='word_1_590' title='bbox 1411 3347 1574 3380; x_wconf 74' lang='lat' dir='ltr'>dimovere</span> <span class='ocrx_word' id='word_1_591' title='bbox 1598 3347 1639 3378; x_wconf 87' lang='lat' dir='ltr'>Gi</span> <span class='ocrx_word' id='word_1_592' title='bbox 1669 3345 1720 3378; x_wconf 92' lang='lat' dir='ltr'>Ld</span> <span class='ocrx_word' id='word_1_593' title='bbox 1742 3346 1801 3387; x_wconf 82' lang='lat' dir='ltr'>Lg.</span> <span class='ocrx_word' id='word_1_594' title='bbox 1819 3345 1871 3378; x_wconf 78' lang='lat'>42.</span> 
     </span>
    </p>
   </div>
  </div>
 </body>
</html>
