2127 3708
290 203 343 247 118
811 209 1010 253 ORATIO
1040 211 1144 253 PRO
1174 211 1217 253 P.
1249 211 1503 262 QUINCTIO

287 319 469 360 Naevius
499 318 664 369 edehat,
703 334 788 362 non
817 336 1053 371 recusasse,
1092 324 1149 364 ita
1178 329 1338 374 tamen,
1380 340 1493 367 more
1525 331 1565 367 et
1595 326 1804 376 instituto,
1835 342 1910 382 per
1938 343 2033 370 eum

286 382 594 436 magistratum,
627 384 699 438 qui
729 386 875 424 auxilii
906 399 1030 427 causa
1060 388 1310 428 constitutus
1343 395 1415 430 est.
1476 388 1541 429 64.
1572 390 1656 429 Aut
1684 389 1787 430 haee
1816 390 1923 433 facta
1950 406 2035 433 non

286 445 370 485 sint
398 458 567 486 necesse
598 452 682 494 est,
722 452 793 487 aut
825 448 866 487 C.
902 449 1120 502 Aquilius,
1154 451 1246 490 talis
1277 451 1359 498 vir,
1400 452 1558 491 iuratus
1588 452 1667 491 hoc
1699 452 1763 492 ius
1794 453 1837 492 in
1868 455 2034 494 civitate

286 509 533 549 constituat:
565 509 684 550 cuius
715 515 963 562 procurator
991 526 1075 552 non
1109 513 1249 552 omnia
1278 514 1432 554 iudicia
1464 515 1692 567 acceperit,
1726 528 1833 568 quae
1855 516 2034 570 quisque

254 570 328 610 5111
356 572 481 612 verba
510 571 754 625 postularit,
796 573 912 612 cuius
948 580 1193 627 procurator
1223 588 1246 614 a
1276 581 1466 627 praetore
1498 577 1686 616 tribunos
1717 577 1928 629 appellare
1961 592 2033 618 au-

284 647 354 674 sus
384 635 458 682 sit,
500 648 593 673 eum
623 647 708 673 non
740 633 928 682 defendi,
969 637 1058 676 eius
1087 638 1197 676 bona
1228 642 1337 677 recte
1368 638 1575 690 possideri
1606 652 1753 691 posse,
1786 640 1823 678 ei
1855 640 2031 687 misero,

283 696 468 743 absenti,
498 697 641 748 ignaro
672 696 932 737 fortunarum
955 713 1122 739 suarum
1154 700 1291 739 omnia
1326 700 1434 740 vitae
1466 708 1706 741 ornamenta
1729 716 1803 754 per
1825 716 2031 742 summum

283 759 463 799 dedecus
506 765 546 799 et
584 759 854 811 ignominiam
887 761 1019 814 deripi
1051 764 1287 803 convenire.
1347 762 1413 802 65.
1455 764 1577 811 Quod
1610 765 1642 803 si
1674 765 1843 817 probari
1874 765 2031 805 nemini

280 826 438 874 potest,
470 821 573 860 illud
606 827 716 862 certe
746 823 912 876 probari
945 826 1138 865 omnibus
1170 838 1339 865 necesse
1371 829 1456 872 est,
1502 825 1717 866 defensum
1749 840 1838 866 esse
1870 827 2029 866 iudicio

233 886 269 916 ⁴0
282 884 496 925 absentem
536 884 793 932 Quinctium.
854 886 978 934 Quod
1008 902 1101 927 cum
1132 888 1188 927 ita
1220 889 1294 936 sit,
1333 901 1385 927 ex
1415 888 1552 927 edicto
1583 888 1694 928 bona
1724 902 1917 941 possessa
1947 902 2032 928 non

281 951 390 986 sunt.
419 968 474 976 —
502 946 554 987 At
584 948 695 988 enim
727 949 883 988 tribuni
913 950 1048 1002 plebis
1080 965 1131 990 ne
1163 951 1384 991 audierunt
1415 951 1597 1003 quidem.
1628 972 1681 979 —
1712 952 1877 998 Fateor,
1909 951 1943 989 si
1974 951 2032 990 ita

281 1013 364 1057 est,
395 1014 707 1063 procuratorem
739 1011 907 1052 decreto
939 1015 1143 1066 praetoris
1167 1014 1405 1066 oportuisse
1426 1026 1586 1065 parere.
1628 1014 1768 1062 Quid?
1799 1013 1833 1053 si
1854 1014 1907 1053 M.
1929 1014 2032 1052 Bru-

279 1077 346 1113 tus
376 1073 702 1114 intercessurum
733 1088 776 1114 se
808 1075 915 1115 dixit
945 1077 1102 1129 palam,
1134 1077 1213 1117 nisi
1237 1076 1338 1130 quid
1366 1076 1474 1114 inter
1497 1075 1635 1129 ipsum
1656 1076 1850 1115 Alfenum
1869 1080 1909 1115 et
1926 1076 2031 1115 Nae-

277 1136 393 1177 vium
424 1136 688 1185 conveniret,
720 1136 938 1178 videturne
968 1139 1253 1179 intercessisse
1285 1138 1512 1191 appellatio
1543 1139 1806 1178 tribunorum
1835 1151 1921 1179 non
1942 1152 2031 1179 mo-

230 1198 349 1238 ⁴5rae
379 1199 451 1239 sed
482 1199 630 1240 auxilii
660 1202 814 1240 causa?
861 1201 984 1241 XXI.
1019 1201 1084 1242 66.
1118 1202 1227 1250 Quid
1259 1201 1409 1241 deinde
1450 1199 1527 1241 fit?
1572 1202 1769 1248 Alfenus,
1810 1206 1858 1240 ut
1887 1214 2030 1241 omnes

276 1261 509 1316 intelligere
550 1266 742 1316 possent,
781 1263 937 1303 iudicio
978 1264 1144 1304 defendi
1185 1264 1449 1311 Quinctium,
1490 1277 1542 1303 ne
1573 1277 1657 1317 qua
1686 1264 1858 1304 subesse
1887 1268 2031 1317 posset

276 1324 415 1365 aliena
453 1328 525 1365 aut
563 1325 697 1378 ipsius
738 1323 875 1365 officio
908 1331 980 1365 aut
1008 1326 1133 1365 huius
1165 1326 1475 1365 existimatione
1506 1325 1713 1378 suspicio,
1752 1327 1864 1367 viros
1893 1327 2028 1367 honos

276 1388 511 1442 complures
541 1387 741 1436 advocat,
772 1393 948 1428 testatur
968 1389 1048 1428 isto
1072 1389 1288 1435 audiente,
1321 1404 1364 1429 se
1390 1403 1465 1442 pro
1488 1389 1697 1429 communi
1719 1390 2027 1430 necessitudine

274 1449 317 1489 id
347 1450 527 1504 primum
557 1454 723 1504 petere,
754 1465 807 1491 ne
839 1451 941 1505 quid
962 1452 1143 1492 atrocius
1165 1452 1206 1491 in
1228 1453 1269 1491 P.
1294 1452 1536 1499 Quinctium
1556 1452 1770 1492 absentem
1793 1450 1882 1492 ssne
1903 1466 2027 1493 causa

224 1511 410 1554 20facere
456 1518 654 1564 conetur;
698 1514 763 1554 sin
807 1519 946 1554 autem
986 1514 1272 1555 inimicissime
1313 1520 1439 1568 atque
1478 1514 1746 1554 infestissime
1776 1515 2027 1555 contendere

273 1583 531 1630 perseveret,
564 1592 607 1618 se
637 1582 829 1631 paratum
861 1591 952 1618 esse
981 1577 1094 1617 0111111
1125 1584 1238 1618 recta
1258 1582 1383 1631 atque
1405 1577 1582 1616 honesta
1603 1578 1763 1617 ratione
1784 1577 2026 1626 defendere,

273 1641 387 1693 quod
417 1645 550 1695 petat,
581 1654 668 1681 non
700 1640 864 1688 deberi3
896 1653 939 1679 se
970 1640 1171 1680 iudicium
1201 1641 1267 1688 id,
1300 1640 1413 1694 quod
1435 1641 1551 1687 edat,
1583 1641 1786 1693 accipere.
1837 1639 1902 1680 07.
1925 1641 2026 1681 Eius

270 1703 330 1743 rei
362 1704 711 1757 condicionisque
749 1703 923 1744 tabellas
964 1704 1289 1756 obsignaverunt
1328 1704 1403 1743 viri
1434 1703 1532 1742 boni
1565 1704 1813 1755 complures.
1872 1705 1953 1744 Res
1983 1704 2026 1743 in

272 1766 445 1806 dubium
465 1767 608 1807 venire
638 1779 724 1806 11011
747 1770 896 1818 potest.
943 1766 1008 1805 Fit
1037 1766 1160 1806 rebus
1183 1766 1373 1805 omnibus
1397 1765 1590 1817 integris,
1621 1779 1759 1819 neque
1780 1767 2025 1819 proscriptis

221 1830 408 1884 25neque
449 1828 656 1883 possessis
697 1828 840 1875 bonis,
879 1832 925 1867 ut
954 1828 1126 1867 Alfenus
1166 1828 1380 1881 promittat
1418 1827 1595 1874 Naevio,
1637 1828 1726 1867 sisti
1768 1828 2024 1875 Quinctium.

268 1892 394 1933 Venit
423 1893 475 1933 ad
506 1890 792 1933 vadimonium
825 1890 1061 1938 Quinctius.
1102 1892 1212 1930 Iacet
1241 1904 1307 1930 res
1339 1891 1382 1930 in
1404 1890 1701 1930 controversiis
1722 1890 1802 1930 isto
1825 1892 2026 1931 calumni-

267 1960 364 1995 ante
394 1954 631 2001 biennium,
664 1966 798 2005 usque
830 1952 929 1992 dum
960 1953 1238 2001 inveniretur,
1271 1967 1353 2006 qua
1383 1953 1546 1992 ratione
1579 1966 1644 1992 res
1675 1953 1725 1992 ab
1754 1954 1906 1994 usitata
1925 1968 2024 1994 con-

267 2017 490 2059 suetudine
520 2016 736 2057 recederet
766 2020 806 2055 et
835 2016 879 2055 in
908 2016 989 2056 hoc
1020 2015 1231 2068 singulare
1264 2015 1465 2055 iudicium
1495 2029 1619 2055 causa
1642 2016 1776 2056 omnis
1799 2017 2022 2057 conclude-

265 2085 391 2121 retur.
451 2078 517 2119 68.
551 2079 676 2128 Quod
707 2076 914 2126 officium,
948 2080 990 2119 C.
1012 2079 1176 2132 Aquili,
1208 2079 1523 2119 commemorari
1554 2080 1836 2131 procuratoris
1870 2085 2022 2133 potest,

216 2144 253 2174 30
267 2142 382 2197 quod
412 2142 463 2182 ab
484 2142 634 2183 Alfeno
656 2141 926 2195 praeteritum
949 2154 1039 2181 esse
1059 2142 1280 2181 videatur?
1323 2142 1433 2190 Quid
1455 2142 1643 2189 affertur,
1676 2154 1804 2194 quare
1824 2142 1866 2180 P.
1890 2141 2023 2189 Quin-

265 2206 372 2246 ctius
402 2209 578 2258 negetur
597 2204 748 2244 absens
770 2217 861 2243 esse
886 2204 1110 2244 defensus?
1150 2205 1213 2243 An
1236 2217 1333 2244 vero
1368 2204 1432 2250 id,
1465 2203 1578 2256 quod
1597 2203 1889 2251 Hortensium,
1922 2204 2021 2257 quia

263 2280 400 2321 nuper
443 2267 589 2307 iniecit
628 2271 669 2306 et
708 2266 808 2320 quia
847 2266 1027 2307 Naevius
1069 2279 1232 2319 semper
1262 2267 1304 2305 id
1335 2266 1538 2313 clamitat,
1585 2266 1791 2305 dicturum
1822 2265 2019 2315 arbitror,

263 2343 349 2370 non
391 2328 521 2369 fuisse
564 2328 722 2369 Naevio
763 2341 906 2381 parem
946 2329 1218 2369 certationem
1263 2342 1356 2368 cum
1385 2328 1534 2367 Alfeno
1576 2328 1648 2367 illo
1681 2333 1889 2381 tempore,
1934 2328 2019 2369 illis

350 2441 380 2472 l.
417 2441 500 2472 Post
524 2448 558 2472 v.
588 2447 755 2471 recusasse
787 2438 932 2471 lacunae
957 2440 1053 2479 signa
1076 2439 1278 2480 (posuerunt
1302 2440 1324 2470 L
1339 2438 1416 2477 80,
1453 2446 1557 2478 quam
1582 2438 1631 2469 510
1656 2436 1864 2479 explendam
1887 2440 2020 2481 putavit

263 2490 476 2523 Lambinus:
511 2498 586 2520 cum
607 2489 769 2520 satisdare
792 2497 814 2519 a
832 2492 988 2528 praetore
1010 2489 1176 2521 iuberetur
1197 2496 1378 2527 recusasse,
1406 2486 1459 2518 alii
1483 2487 1591 2518 aliter.
1629 2487 1696 2519 Sed
1721 2489 1850 2528 optime
1875 2491 1952 2522 Gar.
1979 2490 2015 2522 2:

265 2549 353 2571 «non
376 2547 560 2578 recusasse,
585 2539 634 2570 ita
657 2539 775 2578 tarnem]
801 2547 947 2580 nempe,
975 2540 1057 2579 quin
1083 2540 1258 2580 acciperet
1281 2537 1314 2569 id
1339 2537 1519 2574 iudicium,
1547 2536 1647 2577 quale
1672 2537 1808 2570 sublata
1831 2547 1896 2580 per
1912 2538 2020 2571 tribu-

262 2597 387 2621 norum
411 2587 576 2620 auxilium
600 2587 825 2619 satisdatione
852 2588 1106 2629 experiundum
1123 2588 1390 2629 relinqueretur.
1417 2586 1503 2619 Nihil
1521 2587 1644 2619 deesse
1662 2587 1847 2621 arbitror.»
1874 2589 1923 2622 Cf.
1942 2589 2019 2622 Kel-

260 2639 373 2671 lerum
396 2648 430 2680 p.
457 2638 532 2671 244..
558 2647 591 2669 n.
619 2638 692 2669 407.
718 2637 814 2669 idem
839 2639 1060 2670 sentientem.
1089 2655 1123 2660 —
1151 2639 1182 2670 2.
1208 2639 1417 2669 conslitutum
1442 2646 1471 2667 c.
1493 2654 1527 2657 —
1556 2636 1585 2668 »1.
1607 2640 2017 2676 procui-acornonomnia

262 2689 400 2730 (aetiam
423 2688 540 2728 iniqua
556 2696 596 2719 ac
615 2688 829 2728 perniciosa,
857 2688 898 2719 cf.
920 2690 950 2728 g.
970 2688 1045 2719 83.»
1065 2690 1142 2719 Gsn.
1161 2688 1205 2727 ⁴2.)
1231 2688 1353 2719 iudicia
1370 2688 1545 2726 acceperit,
1573 2697 1656 2726 quae
1672 2687 1693 2721 8
1710 2697 1791 2720 cum
1807 2688 1960 2721 Palatino
1977 2690 2012 2722 7:

255 2740 459 2777 procurator
478 2746 544 2768 non
560 2737 671 2768 omnia
688 2738 812 2768 iudicia
829 2746 912 2777 quae
929 2737 1049 2777 (verbo
1068 2737 1208 2776 omisso)
1230 2738 1252 2768 Β
1267 2738 1293 2768 G
1308 2738 1334 2769 K
1353 2738 1502 2777 (praeter
1519 2738 1549 2776 k)
1576 2740 1609 2768 ct
1627 2740 1663 2776 A,
1687 2742 1888 2777 procurator
1903 2740 2016 2771 omnia

258 2788 383 2819 iudicia
413 2788 591 2826 acceperit,
624 2796 707 2826 quae
731 2796 811 2818 011111
840 2788 1033 2819 ilotomano
1058 2788 1101 2824 L,
1134 2790 1337 2826 procuralor
1361 2796 1423 2817 non
1447 2788 1608 2817 recusarit
1631 2788 1741 2818 omnia
1765 2788 1904 2829 iudicia,
1931 2797 2016 2829 quae

259 2837 280 2868 k
304 2839 338 2868 et
362 2837 400 2868 Ο.
428 2854 463 2858 —
489 2838 521 2868 5.
547 2836 703 2877 tribanos]
729 2837 772 2867 ad
796 2836 942 2867 tribunos
958 2837 988 2868 k.
1010 2854 1046 2858 —
1073 2837 1103 2867 7.
1130 2838 1248 2877 igynaro
1268 2837 1479 2877 fortunarum
1503 2846 1581 2868 cuin
1601 2837 1780 2870 codicibus
1797 2839 1886 2870 notis
1902 2839 2017 2870 omni-

259 2886 326 2918 bus
350 2886 426 2920 Ae:
465 2887 602 2927 iynaro,
639 2886 752 2917 (nimia
781 2887 994 2926 fortunarum
1022 2895 1102 2918 cum
1133 2887 1326 2918 llotomano
1352 2888 1424 2917 LO.
1455 2904 1488 2908 —
1525 2888 1555 2918 8.
1592 2888 1771 2928 ignominia
1794 2897 1825 2920 e.
1854 2906 1889 2911 -
1915 2888 2017 2927 diripi

258 2937 283 2968 B
298 2937 322 2967 G
340 2945 359 2968 a
374 2936 397 2967 b
416 2945 434 2968 c
451 2936 472 2968 d
490 2944 508 2967 e
525 2935 570 2976 fg
588 2936 608 2966 11
626 2935 661 2966 il
679 2945 712 2966 m
731 2945 750 2966 n
777 2937 811 2967 et
834 2938 860 2967 Α
874 2937 897 2967 L
912 2935 943 2968 8.
993 2936 1139 2967 Ernestii
1174 2936 1456 2968 emendationem
1491 2937 1594 2976 deripi
1628 2938 1742 2969 firmat
1764 2938 1795 2969 k.
1824 2955 1860 2960 —
1897 2937 1949 2969 40.
1974 2938 2017 2969 sit

259 2985 268 3017 l
293 2987 328 3017 et
351 2994 440 3017 corr.
461 2995 493 3018 e:
520 2989 565 3017 est
589 2994 668 3016 011111
695 2984 838 3025 reliquis
863 2985 965 3016 codd.
991 2986 1016 3015 A
1032 2986 1054 3015 L
1070 2984 1089 3017 8
1104 2986 1140 3016 O.
1162 3003 1196 3006 »-
1224 2986 1275 3016 42.
1299 2986 1471 3026 praetoris]
1493 2988 1658 3024 praetoris
1680 2988 1819 3019 Romani
1840 2987 1865 3019 B
1880 2989 1906 3019 G
1921 2995 1941 3019 a
1957 2986 1980 3018 b
1995 2995 2015 3020 0

259 3034 282 3065 d
299 3043 317 3066 e
336 3035 381 3075 fg
397 3034 522 3067 hilm
547 3036 581 3066 et
604 3036 630 3066 Α
646 3036 669 3066 L
684 3034 722 3073 Β,
749 3039 779 3066 et
795 3045 827 3067 n.
849 3053 884 3057 —
912 3035 963 3066 43.
988 3035 1137 3074 Alfenmn
1161 3044 1223 3075 pro
1247 3033 1455 3074 glossemate
1480 3034 1587 3067 habet
1603 3037 1785 3067 Manutius.
1806 3053 1841 3059 —-
1868 3035 1920 3068 44.
1939 3045 2015 3068 con-

256 3084 393 3116 uenisset
408 3085 441 3116 k.
459 3102 494 3107 —
518 3093 609 3116 more
625 3093 642 3115 a
661 3085 681 3115 k
697 3083 767 3123 lm,
792 3088 896 3116 morte
914 3085 938 3115 B
957 3092 1037 3115 011111
1054 3085 1178 3116 ceteris
1192 3083 1442 3115 parisiensibus
1457 3085 1490 3114 et
1505 3086 1543 3116 A.
1570 3085 1619 3117 Cf.
1638 3085 1810 3117 Kellerum
1824 3095 1857 3127 p.
1878 3086 1940 3118 ’165
1955 3095 2009 3128 sq.

258 3134 311 3166 46.
338 3134 478 3175 defendit
499 3135 539 3167 A.
567 3152 602 3156 —
629 3135 681 3166 48.
708 3138 868 3166 testantur
891 3144 910 3165 a
926 3134 949 3165 b
968 3133 1020 3165 ed
1039 3142 1056 3164 e
1075 3133 1109 3164 ll
1128 3143 1173 3165 111.
1202 3151 1238 3155 —-
1263 3134 1316 3164 211.
1339 3138 1529 3173 perseuerat
1553 3143 1583 3165 e.
1606 3153 1640 3158 —
1666 3136 1719 3167 ⁰22.
1740 3135 1842 3176 petat]
1862 3138 1956 3174 patet
1971 3136 2008 3167 P.

262 3183 436 3215 -iudicio
458 3185 493 3216 id
515 3184 580 3215 km
604 3185 638 3214 et
653 3184 680 3215 A
694 3182 728 3222 ἓ,
753 3184 910 3215 iudicium
932 3184 967 3214 in
990 3183 1023 3213 id
1042 3184 1065 3214 L
1084 3192 1125 3214 ex
1142 3183 1352 3215 coniectura.
1375 3201 1410 3205 —
1435 3184 1487 3214 026.
1513 3184 1610 3225 Iacet]
1635 3187 1717 3216 tacet
1739 3185 1764 3216 B
1778 3184 1843 3216 GK
1861 3186 1895 3215 et
1910 3185 1949 3216 A.
1971 3201 2008 3207 —

259 3249 296 3256 —
315 3233 368 3264 28.
387 3236 416 3264 et
440 3241 510 3265 om.
528 3235 552 3265 P
569 3232 776 3274 absorptum
793 3242 811 3264 a
829 3234 1006 3274 postrema
1029 3233 1272 3273 praecedentis
1296 3232 1392 3264 verbi
1416 3232 1560 3273 syllaba.
1583 3251 1617 3255 —-
1643 3234 1696 3265 29.
1723 3233 1756 3265 C.
1776 3242 1844 3265 om.
1867 3234 1892 3264 B
1910 3234 1937 3264 G
1953 3242 1971 3265 c
1987 3233 2010 3265 d

258 3281 440 3323 ghiklm
464 3284 499 3314 et.
513 3283 553 3315 A.
575 3300 610 3306 —
637 3282 688 3314 31.
714 3286 849 3323 neyetur
872 3283 987 3314 absens
1008 3291 1074 3314 esse
1095 3284 1138 3314 P:
1165 3282 1276 3314 absens
1297 3286 1437 3322 negatur
1457 3291 1522 3314 esse
1545 3283 1652 3314 ceteri
1676 3282 1814 3315 codices
1831 3284 1901 3315 noti
1917 3285 1952 3315 et
1967 3285 2007 3325 A,

256 3331 371 3366 absens
391 3335 529 3375 negetur
549 3340 616 3366 esse
637 3340 719 3366 cum
735 3332 930 3366 notoniano
947 3333 971 3365 L
984 3331 1054 3366 80.
1075 3349 1111 3357 -
1129 3332 1209 3373 quia
1223 3331 1338 3373 nuper]
1356 3332 1411 3373 qui
1426 3341 1531 3374 nuper
1548 3333 1607 3375 gk.
1630 3349 1666 3357 —-
1683 3333 1737 3367 33.
1754 3332 1839 3377 cum]
1857 3341 1954 3375 quom
1968 3334 2006 3367 P.
