2143 3713
607 247 677 287 AD
708 247 906 288 LIBRUM
936 248 966 287 I.
995 246 1390 288 ACCUSATIONIS.
1787 245 1868 286 449

133 346 373 378 dubitandum.
392 363 426 368 -
454 346 506 379 44.
530 346 622 377 illurn
640 346 812 376 Voconium
828 346 901 377 sinc
923 346 1148 386 praenomine
1166 344 1272 376 habet
1287 345 1326 376 V.
1355 345 1419 385 (Sic
1436 345 1503 376 iam
1520 345 1646 382 Maius,
1673 345 1734 377 sed
1753 346 1869 377 omisit

133 401 317 434 lectionem
341 402 593 443 discrepantem
618 400 775 432 editionis
799 403 912 432 Garat.
939 402 971 433 in
996 402 1113 433 adnot.
1139 401 1289 441 afferre.)
1318 418 1351 423 —
1386 401 1440 432 20.
1467 401 1501 431 in
1522 401 1562 431 iis
1583 401 1661 440 ipsis
1683 401 1789 433 habet
1812 401 1866 440 29,

134 466 200 489 non
224 459 258 489 in
281 459 375 498 ipsis,
401 460 438 489 ut
461 459 512 489 est
536 456 627 497 apud
650 457 858 497 Zuinptium.
887 475 920 478 —
947 458 1000 488 22.
1028 457 1183 488 nnmaria
1205 456 1258 487 29.

219 523 295 555 pag.
323 514 395 546 463.
421 522 453 544 ν.
479 512 509 545 4.
536 512 613 551 quid
635 512 662 542 si
686 512 726 542 29
750 511 844 543 solus
869 522 909 544 cx
934 514 1035 553 Lagg.
1064 530 1098 534 —
1125 512 1155 543 6.
1183 511 1224 543 cs.
1253 512 1372 542 Gaium
1389 511 1428 543 Il.
1456 510 1486 551 S.
1512 512 1586 543 226.
1607 529 1640 533 —
1667 512 1698 544 8.
1725 516 1793 551 alq.
1811 513 1869 543 hoc

136 569 205 609 (sic)
231 569 337 601 habet
359 569 398 608 V,
424 577 491 600 non
514 568 616 606 alqui.
645 567 703 606 (Ex
728 568 828 607 Lagg.
855 567 899 599 ad
922 567 1106 599 lectionem
1131 567 1223 606 acqui
1246 565 1327 598 nihil
1352 567 1563 607 exscriptum
1589 568 1666 607 est.)
1686 585 1720 588 —
1748 568 1778 599 9.
1800 568 1869 599 edi-

132 625 244 664 xisses]
269 626 388 656 divisse
402 624 440 655 V.
462 641 494 645 —-
522 623 573 654 42.
597 622 681 654 Anni
705 623 763 661 29,
789 625 826 654 ut
841 623 882 654 V.
903 641 936 644 —
962 623 1012 655 43.
1031 623 1267 662 mercenarioq.
1287 623 1355 661 (sic)
1382 622 1488 654 habet
1504 623 1607 654 etiam
1624 622 1664 654 V.
1686 640 1719 644 —-
1748 622 1798 654 44.
1817 624 1870 654 in-

133 684 244 712 ventus
270 684 314 712 esl
336 681 364 712 V
399 680 466 719 (est
495 686 582 709 nova
612 676 736 715 lectio).
766 696 798 699 —
839 679 889 709 46.
916 678 1032 720 causis]
1063 678 1230 710 CAVSAM
1249 681 1253 715 Ι
1273 678 1336 709 SIS
1360 678 1398 710 V.
1426 695 1460 700 —
1492 678 1544 710 47.
1570 678 1714 709 ANNEA
1738 679 1766 709 V
1791 679 1870 718 (non

134 736 298 776 ΑΝΛΕΑ).
315 753 348 758 —
376 736 426 767 48.
451 735 518 766 iam
542 733 647 765 hahet
663 733 709 771 V;
735 734 785 764 Ila
807 734 876 765 iam
898 735 951 766 29.
973 752 1006 756 —
1033 734 1085 765 24.
1112 735 1164 765 cui
1187 734 1267 765 satis
1289 743 1353 764 non
1378 733 1477 773 fuerit
1492 734 1518 765 V
1544 734 1608 774 (est
1632 743 1720 765 nova
1744 733 1868 773 lectio).

139 811 172 814 —
192 793 244 824 22.
270 794 458 823 testamenta
479 790 628 821 virorum
650 789 703 820 29.
718 808 751 811 —
777 790 830 821 23.
857 799 899 821 ec
921 790 1078 821 Siciliensi
1103 789 1208 821 habet
1232 790 1335 821 etiam
1353 790 1392 828 V,
1419 798 1630 830 quamquam
1655 790 1763 821 Maius
1787 798 1872 820 con-

136 848 275 879 trarium
292 847 383 879 dicit.
406 863 439 868 —
465 845 517 877 24.
546 844 621 876 «libi
643 848 678 875 lu
695 845 795 885 Lagg.
815 847 953 885 practer
967 845 1040 877 42.»
1068 845 1122 877 Sic
1148 854 1210 876 nos
1235 845 1267 877 in
1290 844 1427 882 adnot.;
1455 854 1535 877 nam
1555 845 1649 886 apud
1665 847 1699 877 Ζ.
1719 846 1872 877 erratum

135 905 199 936 cst.
227 921 260 925 —
286 904 338 934 25.
363 903 397 933 in
420 910 458 933 ea
482 901 584 933 etiam
610 900 654 931 V:
682 901 716 931 in
739 909 812 931 cam
835 901 875 932 29
901 901 954 941 (de
980 910 1048 941 quo
1073 901 1107 932 Z.
1135 902 1249 941 tacet).

219 966 295 1000 pag.
322 956 395 989 l164.
421 966 453 988 v.
479 957 510 988 7.
535 955 584 997 iis]
608 956 635 986 is
657 956 710 987 29.
739 974 773 977 —
802 957 853 987 40.
880 957 1093 988 Lamsacenos
1115 957 1154 988 V.
1184 975 1217 979 —
1255 957 1305 988 44.
1332 957 1532 988 decedentem
1554 957 1583 988 V
1607 957 1804 988 correctum
1830 964 1872 987 ex

134 1014 357 1054 defendentem.
384 1030 418 1034 —
447 1013 498 1044 47.
524 1011 641 1043 bonam
664 1011 703 1043 V.
733 1029 766 1033 —
794 1012 846 1043 20.
873 1013 1080 1044 constitutum
1102 1013 1157 1052 est]
1182 1013 1346 1044 constituit
1369 1013 1396 1043 V
1422 1020 1468 1044 m.
1494 1021 1546 1053 pr.
1575 1030 1609 1035 -
1636 1012 1690 1044 28.
1715 1012 1874 1043 Minulius

133 1070 174 1101 29
198 1071 232 1101 et
253 1070 272 1101 5
295 1068 349 1100 alii
371 1069 473 1108 Lagg.
502 1085 536 1089 —-
563 1067 615 1099 32.
641 1077 705 1099 non
729 1071 857 1099 exlarel
879 1078 943 1099 non
968 1068 1034 1109 lesse
1057 1068 1098 1100 29
1115 1077 1148 1110 p.
1170 1086 1204 1091 —
1231 1068 1283 1100 33.
1305 1077 1370 1108 pro
1390 1069 1554 1108 predelias
1573 1068 1777 1109 fideiussores
1800 1068 1870 1108 (sic)

131 1125 297 1166 fructuum
318 1124 537 1155 vindiciarum
561 1122 612 1155 29.

217 1189 295 1222 pag.
321 1180 394 1212 465.
420 1189 452 1212 v.
479 1178 509 1211 4.
536 1178 695 1211 Praesero
714 1187 794 1210 cuin
810 1179 1007 1211 prisciano:
1034 1180 1111 1218 qnid
1127 1180 1388 1220 adpraelorem3
1416 1180 1458 1212 cs.
1478 1179 1563 1212 infra
1581 1179 1612 1221 g.
1632 1179 1705 1212 424.
1733 1179 1776 1220 (p.
1797 1180 1871 1219 467,

133 1235 196 1276 40.)
227 1244 261 1277 p.
287 1236 387 1268 Rosc.
413 1237 488 1267 Am.
514 1233 545 1275 ἓ.
571 1234 623 1266 92.
650 1243 683 1275 p.
711 1235 811 1267 Rosc.
839 1236 936 1267 Com.
964 1235 994 1276 g.
1021 1235 1073 1267 34.
1108 1253 1142 1257 —
1177 1237 1208 1267 5.
1234 1235 1350 1276 nonne]
1375 1237 1503 1267 nomine
1525 1236 1628 1276 Lagg.
1654 1237 1794 1276 praeter
1817 1235 1870 1267 29.

136 1309 170 1313 -
197 1291 227 1323 9.
253 1291 434 1332 ambigyelur
456 1292 550 1322 recte
574 1290 615 1321 29
640 1291 675 1321 et
697 1289 755 1328 423
788 1299 868 1322 nam
892 1291 1051 1323 diversus
1076 1293 1128 1323 est
1150 1290 1246 1323 locus
1271 1292 1432 1332 superior
1455 1300 1487 1323 v.
1514 1292 1545 1323 3.
1573 1309 1607 1313 -
1635 1292 1687 1323 43.
1712 1300 1778 1322 non
1801 1299 1871 1322 om.

132 1347 172 1379 29
197 1355 230 1388 p.
259 1365 293 1369 —
328 1347 379 1378 46.
405 1345 518 1378 Verba
543 1346 592 1378 sic
617 1345 859 1387 distinguenda
885 1355 1036 1378 censeo:
1076 1347 1160 1387 Quid
1182 1356 1268 1378 nunc
1291 1348 1399 1378 dicam
1422 1347 1582 1378 neminem
1603 1355 1761 1386 umquam
1783 1347 1814 1378 h.
1836 1355 1871 1386 p.

132 1411 165 1434 a.
190 1402 354 1434 edixisse?
387 1403 462 1434 Non
494 1402 587 1433 enim
616 1403 732 1433 orator
756 1410 793 1434 se
818 1401 977 1433 dubitare
1004 1403 1050 1434 ait
1074 1402 1157 1443 quid
1181 1411 1273 1434 nunc
1298 1402 1406 1442 dicat,
1440 1402 1503 1435 sed
1527 1402 1593 1434 sibi
1617 1411 1686 1435 non
1710 1410 1797 1443 opus
1821 1402 1874 1433 vi-

131 1457 204 1489 deri
235 1457 352 1490 dicere
376 1457 443 1489 hoe
466 1457 643 1489 neminem
667 1459 787 1498 postea
813 1457 974 1490 edixisse.
1010 1458 1108 1490 Idem
1133 1458 1298 1490 intellexit
1320 1459 1411 1491 Bake
1436 1458 1457 1490 l.
1483 1458 1505 1490 l.
1530 1467 1564 1500 p.
1592 1459 1665 1490 492.
1702 1459 1740 1490 In
1769 1466 1874 1489 versu

130 1514 246 1545 autem
268 1514 424 1554 proximo
449 1522 530 1545 cum
554 1514 662 1545 Prisc.
679 1514 773 1545 valde
788 1514 846 1545 hoc
862 1517 906 1545 est
928 1514 1049 1545 mirum
1065 1514 1237 1555 praefero.
1263 1514 1371 1556 (valde
1393 1515 1512 1546 scilieet
1532 1515 1654 1546 mirum
1678 1515 1875 1556 suspicatur

130 1569 232 1609 Bake,
259 1570 293 1600 et
308 1577 340 1600 v.
360 1569 412 1601 49.
429 1569 484 1600 illo
499 1570 604 1609 capite
616 1578 680 1609 pro
696 1569 750 1600 illo
766 1568 939 1611 edicto.)—
960 1570 1012 1602 30.
1031 1569 1151 1611 hered]
1169 1570 1268 1602 civita
1283 1571 1428 1602 heredita
1443 1570 1484 1602 29
1500 1579 1534 1612 p.
1546 1588 1580 1592 -
1608 1570 1661 1603 34.
1680 1571 1761 1603 edici
1777 1571 1872 1602 reete

130 1625 165 1656 iti
187 1624 228 1658 29
244 1624 382 1656 videtur
398 1624 534 1657 deesse.
555 1641 589 1647 -
617 1625 669 1657 32.
695 1625 830 1656 dixeras
851 1625 904 1657 29.
927 1643 961 1648 --
988 1625 1041 1658 34.
1067 1629 1169 1658 tolum
1192 1635 1305 1658 eorum
1328 1636 1398 1659 om.
1416 1626 1457 1658 29
1481 1627 1563 1667 (non
1587 1628 1721 1658 tantum
1745 1627 1871 1667 lolam).

216 1689 294 1722 pag.
321 1681 394 1712 466.
420 1690 453 1713 v.
475 1681 506 1712 8.
533 1690 572 1712 ac
595 1681 718 1721 referta
741 1680 848 1713 habet
871 1681 974 1714 etiam
990 1682 1029 1720 V,
1056 1683 1138 1713 item
1156 1683 1258 1723 Lagg.
1278 1691 1400 1715 omnes
1423 1685 1564 1724 praeter
1580 1682 1634 1714 42.
1654 1700 1689 1704 —-
1718 1683 1769 1714 42.
1790 1691 1874 1722 pro-

130 1737 241 1768 :cumis
263 1736 315 1768 29.
345 1754 379 1759 —
414 1737 465 1770 45.
494 1737 647 1777 [ι-ἰῃὶονσε
668 1737 708 1776 V,
741 1737 774 1768 et
806 1736 932 1768 deinde
963 1737 1231 1769 stomacabanlur
1253 1747 1300 1770 m.
1326 1747 1379 1779 pr.
1408 1755 1444 1761 —
1471 1739 1523 1770 46.
1550 1738 1805 1778 emerebantur,
1836 1740 1877 1770 ut

133 1794 187 1824 est
210 1793 243 1824 in
266 1792 304 1831 V,
331 1793 434 1824 etiam
458 1793 561 1832 Lagg.
588 1801 710 1824 omnes
734 1794 872 1833 praeter
895 1792 947 1824 42.
977 1811 1012 1814 —
1051 1794 1101 1825 47.
1130 1794 1289 1834 perfacile
1312 1795 1414 1835 Lagg.
1441 1803 1563 1826 omnes
1590 1796 1732 1836 praeter
1754 1793 1807 1826 42.
1835 1811 1869 1816 -

135 1848 186 1879 49.
211 1851 279 1879 tum
295 1856 364 1880 om.
382 1848 411 1879 V
427 1846 649 1888 glossamque
670 1847 814 1880 redolet.
836 1866 871 1871 —
897 1849 950 1880 25.
968 1849 1114 1881 contione
1129 1850 1157 1880 V
1182 1851 1215 1880 et
1238 1850 1288 1881 sic
1311 1849 1459 1890 ubique,
1485 1858 1700 1891 quamquam
1715 1850 1823 1883 Maius
1841 1851 1876 1881 et

134 1903 189 1935 hic
207 1905 241 1934 et
256 1904 289 1935 in
307 1902 378 1935 aliis
395 1902 478 1935 locis
495 1902 615 1935 salsam
631 1904 840 1944 scripturam
855 1904 965 1935 concio
982 1904 1099 1936 habet.
1116 1922 1150 1926 —
1172 1904 1225 1937 32.
1244 1905 1408 1946 cuiusque]
1429 1906 1563 1945 quisque
1577 1905 1617 1937 29
1635 1907 1670 1937 et
1685 1905 1742 1943 423
1761 1905 1877 1944 quibus

136 1957 207 1991 rell.
226 1959 328 1999 Lagg.
350 1960 491 2000 praeter
507 1959 537 1991 6.
559 1975 594 1981 —
621 1958 673 1990 34.
692 1960 841 1990 docerent
856 1959 884 1990 V
902 1960 995 1999 (num
1012 1959 1145 2000 syllaba
1160 1969 1198 1992 re
1213 1961 1375 2001 punctata
1391 1961 1450 2000 sit,
1477 1960 1631 2002 dignosci
1648 1970 1717 1993 non
1733 1961 1873 2002 potest).

220 2023 297 2056 pag.
324 2015 398 2047 467.
423 2024 456 2047 v.
475 2016 506 2046 2.
537 2014 712 2051 VETAJJT
732 2015 759 2045 V
784 2015 869 2055 (erat
892 2015 925 2046 in
950 2015 1027 2047 eod.
1053 2015 1164 2047 littera
1188 2018 1268 2057 post
1289 2016 1330 2055 A,
1364 2025 1454 2058 quae
1474 2025 1543 2048 non
1567 2017 1635 2048 iam
1659 2016 1724 2057 legi
1747 2019 1874 2058 potest,

134 2071 173 2101 ut
195 2070 392 2102 emendatio
416 2071 562 2103 Ernestii
585 2074 726 2110 velaret,
753 2079 842 2111 quae
867 2079 989 2103 omnes
1005 2072 1158 2103 veritatis
1183 2080 1347 2104 numeros
1371 2072 1495 2111 habet,
1522 2073 1659 2113 egregie
1676 2073 1876 2105 confirmari

133 2125 315 2166 videatur).
344 2145 379 2148 —
404 2136 478 2168 eqo,
505 2126 599 2167 quod
623 2126 722 2158 deest
745 2126 837 2167 apud
852 2128 996 2166 Maium,
1022 2127 1128 2159 habet
1143 2127 1183 2159 V.
1204 2145 1237 2149 -—
1264 2127 1295 2160 4.
1323 2129 1416 2168 QVI}
1439 2128 1557 2168 QVAM
1572 2129 1611 2161 V.
1632 2146 1667 2151 —
1693 2129 1755 2160 nisi
1778 2131 1877 2160 lesla-

133 2185 238 2214 mento
258 2185 401 2222 patrono
424 2183 465 2214 29
488 2191 522 2223 p.
551 2200 585 2204 —
621 2183 652 2214 9.
677 2183 732 2214 lea:
748 2191 858 2222 poena
881 2186 925 2214 est
947 2183 976 2213 V
1001 2183 1071 2223 (est
1094 2192 1183 2215 nova
1206 2181 1337 2223 lectio).
1368 2202 1402 2207 —
1436 2185 1489 2215 44.
1521 2185 1577 2223 qui
1599 2184 1634 2215 in
1656 2184 1811 2221 miseriis,
1839 2185 1878 2216 ut

134 2238 243 2270 Maius
268 2238 392 2277 edidit,
418 2237 542 2278 legitur
564 2239 598 2270 in
622 2238 661 2269 V.
689 2255 724 2259 ——
752 2238 803 2270 42.
829 2247 852 2269 a
874 2246 944 2270 om.
969 2238 1010 2269 29
1035 2240 1069 2270 et
1091 2239 1110 2270 5
1135 2237 1189 2269 alii
1212 2240 1314 2279 Lagg.
1344 2256 1377 2261 —
1406 2239 1457 2271 43.
1483 2238 1621 2271 oblimus
1643 2240 1753 2272 Maius
1777 2248 1819 2271 ex
1834 2240 1875 2280 V,

135 2293 198 2325 sed
221 2294 393 2326 Brunnius
417 2293 551 2325 dubitat
573 2293 616 2326 de
640 2292 752 2325 littera
776 2293 805 2325 b.
833 2311 867 2315 —
893 2294 946 2326 24.
972 2294 1074 2325 adivit
1096 2294 1137 2326 29
1161 2303 1195 2336 p.
1224 2311 1258 2317 —
1286 2294 1338 2326 23.
1364 2295 1489 2335 Sulpici
1511 2295 1558 2326 V:
1586 2295 1706 2336 Sulpili
1728 2296 1747 2328 7
1771 2296 1874 2336 Lagg.

135 2348 219 2381 dett.
246 2366 281 2371 —
308 2350 361 2382 34.
386 2350 486 2391 Ligyus
507 2350 547 2389 V,
580 2351 617 2381 ut
638 2349 785 2381 videtur.
813 2366 848 2371 —
881 2349 934 2382 34.
959 2350 1124 2391 inyenioso
1153 2349 1285 2383 habent
1308 2351 1361 2382 27.
1386 2350 1427 2383 29
1453 2352 1487 2383 et
1509 2350 1551 2383 42
1575 2359 1667 2383 corr.
1695 2370 1730 2375 —
1765 2351 1818 2384 34.
1843 2351 1878 2383 in

135 2413 270 2439 eausam
293 2405 490 2445 aequissima
514 2405 583 2447 (sie)
609 2406 649 2438 V.

219 2469 298 2502 pag.
325 2461 398 2494 468.
434 2470 467 2494 v.
493 2462 524 2494 2.
555 2461 703 2503 qratiam
732 2464 946 2493 contemneret
973 2461 1002 2493 V
1032 2462 1102 2503 (est
1131 2470 1220 2494 nova
1248 2461 1350 2494 lectio
1379 2471 1550 2504 veraque,
1584 2463 1622 2495 ut
1650 2462 1811 2502 videtur).
1841 2480 1874 2485 —-

136 2517 168 2549 5.
193 2516 322 2550 abdebat
343 2518 383 2550 V.
411 2535 446 2540 —
474 2518 505 2550 6.
530 2517 646 2549 habere
669 2518 709 2549 V.
731 2535 765 2539 —
793 2517 823 2549 9.
849 2518 886 2549 L.
912 2518 991 2549 ante
1014 2518 1130 2559 Li9uri
1153 2517 1260 2550 habet
1281 2519 1321 2550 V.
1341 2536 1376 2540 —
1404 2519 1457 2551 40.
1483 2518 1584 2551 abest
1610 2519 1723 2550 Verres
1745 2527 1764 2549 a
1780 2518 1820 2550 V.
1842 2536 1876 2541 --

137 2573 189 2605 42.
213 2572 360 2605 urbanus
381 2573 422 2614 V,
447 2573 512 2606 sed
536 2582 618 2606 cum·
638 2582 672 2605 m
695 2581 802 2614 super
824 2582 850 2604 s.
877 2591 911 2595 —
940 2573 992 2606 44.
1020 2574 1101 2613 QVO
1121 2577 1126 2612 Ι
1146 2574 1202 2605 RE
1224 2574 1264 2606 V.
1285 2591 1319 2596 —
1348 2575 1399 2606 46.
1426 2574 1542 2606 liberos
1560 2574 1690 2614 pulavit
1713 2582 1754 2606 ex
1775 2575 1878 2614 Lagg.

135 2626 229 2661 solus
252 2629 294 2661 29
316 2628 434 2661 habet.
468 2646 503 2651 —
537 2630 589 2661 47.
616 2629 791 2661 dicundum
821 2629 851 2661 6.
878 2628 918 2661 42
943 2627 1098 2670 (reliquiz
1132 2630 1325 2670 dicendum).
1359 2648 1395 2652 —
1426 2630 1495 2662 loco
1519 2630 1631 2662 ordine
1653 2629 1782 2661 nomine
1805 2630 1824 2660 6
1848 2630 1882 2661 et

136 2683 201 2716 42:
226 2684 295 2716 loco
317 2686 446 2717 nomine
468 2686 525 2723 29;
552 2685 620 2717 loco
643 2685 772 2717 nornine
795 2685 908 2716 ordine
930 2683 1003 2716 rell.
1030 2685 1132 2726 Lagg.
1159 2702 1194 2707 —-
1229 2685 1281 2718 48.
1307 2685 1467 2717 dubitavit
1490 2686 1594 2718 etiam
1618 2685 1652 2718 in
1676 2685 1717 2717 29
1740 2694 1775 2726 p.
1802 2693 1881 2717 esse

136 2740 314 2782 Zumptius
337 2742 397 2773 aut
420 2742 542 2774 nesciit
564 2742 624 2774 aut
647 2749 928 2773 commemorare
952 2739 1079 2772 oblitus
1103 2741 1168 2773 est.
1195 2758 1230 2763 —-
1256 2742 1310 2774 24.
1330 2730 1542 2783 proferenlur
1557 2740 1597 2773 42
1615 2742 1649 2772 et
1664 2741 1684 2772 5
1701 2739 1777 2772 alii:
1798 2749 1884 2780 pro-

135 2795 287 2836 ferantur
302 2797 315 2828 4
332 2806 338 2836 ;
360 2797 576 2838 proferuntur
591 2798 645 2830 27.
664 2798 717 2830 29.
738 2815 772 2819 —
798 2796 852 2828 23.
871 2796 969 2827 nolite
989 2796 1098 2836 saenio
1115 2796 1154 2827 V.
1174 2813 1209 2818 —
1235 2796 1289 2829 24.
1309 2798 1346 2837 Q.
1368 2798 1463 2829 Titini
1480 2806 1549 2829 om.
1568 2796 1622 2829 42.
1639 2814 1673 2818 —
1700 2796 1753 2828 29.
1772 2795 1880 2828 verba

136 2860 221 2891 quae
244 2852 336 2885 Tadii
358 2854 393 2886 in
415 2854 444 2885 V
466 2854 630 2895 punctata
655 2862 732 2886 esse
759 2853 801 2893 (v.
820 2851 950 2891 adnot.)
974 2852 1146 2884 Brunnius
1171 2861 1209 2884 se
1232 2852 1362 2885 vidisse
1386 2854 1501 2894 negat.
1522 2870 1557 2875 -—
1583 2861 1624 2884 ne
1640 2852 1731 2884 Tadii
1755 2852 1883 2891 quidem

136 2906 244 2940 habet
266 2909 306 2949 V,
332 2918 402 2942 non
427 2909 526 2950 Tadi,
551 2911 590 2942 ut
612 2910 657 2942 ait
680 2910 799 2943 Maius.
829 2926 863 2930 —-
899 2907 952 2939 34.
977 2908 1143 2940 hominum
1164 2908 1370 2940 honestorum
1393 2909 1421 2941 V
1443 2909 1510 2950 <est
1532 2917 1622 2940 nova
1645 2907 1765 2947 lectio,
1791 2916 1880 2949 quae

137 2963 246 3005 magis
270 2965 432 2997 convenit
454 2975 509 2998 vv.
535 2965 764 3006 sequentibus
787 2965 936 2996 virorum
960 2963 1142 3004 bonorum).

222 3027 300 3061 pag.
327 3021 400 3053 469.
426 3030 459 3054 v.
478 3022 512 3053 7.
537 3022 639 3053 estin
655 3022 702 3052 V:
730 3019 998 3052 TVENDADEL.
1018 3019 1167 3059 SYLLA,
1193 3020 1228 3051 et
1247 3020 1458 3061 conspicitur
1474 3019 1599 3052 duetus
1616 3019 1758 3060 quidam
1774 3027 1883 3060 super

139 3073 168 3105 D
191 3075 270 3115 post
290 3074 441 3109 litteram
463 3077 489 3108 A
515 3076 679 3117 (signum,
709 3077 850 3118 opinor,
878 3075 1128 3107 terminationis
1151 3075 1229 3115 am).
1267 3075 1500 3107 Confirmatur
1526 3075 1628 3116 igitur
1656 3074 1881 3116 palimpsesto

141 3129 336 3163 emendatio
359 3140 401 3164 ex
423 3133 505 3173 Lag.
530 3132 571 3164 29
594 3132 712 3173 petita.
739 3149 774 3154 -—
801 3132 832 3163 7.
859 3131 953 3163 Sulla
975 3131 1031 3162 hic
1053 3129 1162 3162 habet
1183 3130 1236 3163 29.
1259 3148 1294 3152 —
1321 3131 1374 3163 46.
1399 3131 1556 3163 indicium
1577 3131 1881 3163 uiclatroeiniorum

140 3183 194 3216 29.
213 3202 247 3208 -
273 3185 326 3220 24.
351 3187 495 3220 Rabonio
519 3196 560 3220 ex
582 3188 685 3228 Lagg.
704 3186 798 3220 solus
822 3186 863 3219 48
886 3186 1023 3218 videtur
1045 3185 1195 3225 habere;
1220 3187 1254 3218 in
1277 3185 1420 3227 reliquis
1445 3189 1498 3219 est
1511 3186 1679 3226 Kabonio,
1705 3185 1879 3226 Carbonio,

142 3238 305 3274 Calbonio.
328 3243 457 3276 Veram
479 3243 644 3283 formam,
670 3251 776 3284 quam
793 3243 849 3276 hic
871 3241 965 3275 solus
981 3242 1022 3274 29
1039 3242 1206 3281 servavit,
1232 3241 1341 3274 habet
1355 3242 1384 3274 V
1401 3243 1504 3275 etiam
1521 3242 1552 3284 S.
1573 3243 1646 3275 450.
1668 3260 1702 3264 -
1729 3241 1781 3274 32.
1799 3251 1880 3273 eon-

140 3295 262 3328 siderat
285 3305 354 3331 om.
378 3299 481 3341 Lagg.
505 3300 644 3341 praeter
665 3299 722 3333 29.
753 3317 788 3323 —
820 3298 872 3332 33.
896 3298 978 3331 vidit
999 3298 1053 3331 29.
1081 3315 1116 3321 —-
1150 3296 1203 3330 34.
1229 3306 1272 3331 ex
1292 3297 1372 3338 ipsis
1391 3297 1446 3331 29.
1473 3315 1508 3321 —
1535 3298 1588 3331 35.
1614 3298 1706 3339 quos]
1730 3298 1816 3338 quod
1837 3297 1879 3330 29

140 3358 178 3391 Ρ.
204 3369 239 3375 -
264 3351 317 3386 37.
341 3354 494 3398 mnniwm]
517 3355 603 3388 enim
622 3353 677 3389 42.

194 3413 310 3445 Cimo
329 3412 363 3444 Τ.
376 3413 414 3445 n.
1539 3413 1597 3462 29
