2143 3713
248 242 329 284 72⁶2
794 244 993 285 ORATIO
1024 245 1126 286 PRO
1160 247 1203 285 L.
1234 247 1451 288 MURENA

246 355 397 396 fretum
438 355 490 395 ad
531 355 770 396 consulatus
810 358 1057 410 petitionem
1087 358 1256 410 aggredi
1292 373 1366 411 par
1397 366 1470 400 est.
1529 360 1648 398 Paria
1678 373 1881 413 cognosco
1914 375 2004 402 esse

247 419 325 458 ista
355 419 397 457 in
428 418 473 457 L.
495 419 667 458 Murena
698 425 822 472 atque
855 420 908 459 ita
940 421 1075 472 paria,
1109 425 1155 459 ut
1185 433 1322 473 neque
1353 422 1442 474 ipse
1464 421 1663 473 dignitate
1685 422 1791 462 vinci
1821 425 2004 476 potuerit

248 493 386 533 neque
418 486 456 520 te
488 480 689 532 dignitate
721 483 936 534 superarit.
999 481 1291 534 Contempsisti
1325 484 1369 522 L.
1402 485 1598 523 Murenae
1631 497 1787 535 genus,
1820 485 2005 525 extulisti

248 547 375 581 tuum.
417 544 511 590 Quo
542 543 634 582 loco
667 543 699 583 si
732 543 806 582 tibi
836 544 915 583 hoc
947 545 1094 589 sumis,
1128 544 1205 583 nisi
1239 545 1311 596 qui
1342 546 1535 597 patricius
1557 546 1632 592 sit,
1665 547 1872 586 neminem
1894 548 2004 587 bono

215 609 340 644 5essc
372 617 524 657 genere
556 610 719 653 natum,
751 605 852 645 faris
883 612 928 645 ut
957 619 1100 645 rursus
1132 606 1274 658 plebes
1310 607 1347 645 in
1370 608 1620 647 Aventinum
1651 608 1884 648 sevocanda
1915 622 2004 649 esse

247 666 450 706 videatur.
501 667 573 706 Sin
603 672 741 707 autem
772 675 869 707 sunt
899 667 1060 720 amplae
1094 673 1134 707 et
1162 668 1362 707 honestae
1386 668 1563 709 familiae
1586 670 1793 723 plebeiae,
1827 676 1867 711 et
1886 684 2004 724 proa-

246 742 323 768 vus
363 729 408 767 L.
440 730 637 769 Murenae
680 735 718 769 et
756 744 856 769 avus
898 736 1063 782 praetor
1101 729 1200 775 fuit,
1247 735 1287 768 et
1326 737 1442 782 pater
1472 746 1561 771 rum
1594 733 1848 784 amplissime
1879 739 2002 787 atque

246 790 539 831 honestissime
572 805 624 831 ex
654 799 846 844 praetura
880 792 1193 845 triumphasset,
1226 792 1305 831 hoc
1336 792 1561 832 faciliorem
1594 794 1690 833 huic
1712 795 1884 847 gradum
1907 809 2003 835 con-

246 853 406 893 sulatus
437 853 696 906 adipiscendi
729 854 923 905 reliquit,
955 854 1066 906 quod
1098 854 1131 892 is
1164 854 1245 892 iam
1277 854 1379 906 patri
1410 854 1572 895 debitus
1603 869 1625 895 a
1656 854 1741 896 lilio
1774 858 2003 910 petebatur.

198 913 311 955 lO'lG.
344 917 431 955 Tua
462 930 558 955 vero
590 915 805 961 nobilitas,
839 916 954 954 Servi
987 915 1165 967 Sulpici,
1205 917 1365 954 tametsi
1397 930 1555 956 summa
1587 924 1669 965 est,
1702 925 1839 958 tamen
1869 919 2005 958 homi-

246 978 367 1017 nibus
408 978 599 1017 litteratis
638 983 678 1016 et
714 977 925 1016 historicis
966 983 1025 1016 est
1066 978 1224 1024 notior,
1272 978 1430 1030 populo
1461 993 1556 1019 vero
1589 985 1630 1019 et
1664 982 2004 1033 sutl'ragatoribus

246 1039 475 1080 obscurior.
535 1040 655 1078 Pater
685 1039 795 1078 enim
825 1038 903 1077 fuit
932 1040 1114 1091 equestri
1147 1040 1258 1086 loco,
1290 1053 1390 1079 avus
1422 1041 1535 1080 nulla
1566 1042 1717 1081 illustri
1749 1043 1871 1083 laude
1897 1044 2005 1083 cele-

245 1103 400 1141 bratus.
460 1102 607 1153 ltaque
639 1113 723 1139 non
755 1113 807 1139 ex
839 1113 1030 1139 sermone
1062 1101 1279 1141 hominum
1310 1103 1490 1150 recenti,
1523 1104 1596 1143 sed
1629 1118 1680 1143 ex
1702 1107 1914 1146 annalium
1935 1118 2005 1146 ve-

244 1169 396 1204 tustate
437 1163 620 1203 eruenda
661 1162 859 1201 memoria
890 1168 953 1201 est
992 1163 1218 1203 nobilitatis
1250 1170 1358 1204 tuae.
1420 1165 1557 1212 Quare
1590 1180 1666 1219 ego
1699 1172 1738 1206 te
1769 1180 1934 1220 semper
1962 1169 2003 1207 in

196 1231 429 1266 mnostrum
461 1238 681 1264 numerum
712 1237 935 1276 aggregare
967 1225 1104 1271 soleo,
1138 1227 1249 1279 quod
1282 1227 1429 1266 virtute
1462 1228 1750 1282 industriaque
1780 1229 2005 1281 perfecisti,

243 1295 309 1336 ut,
349 1301 442 1328 cum
474 1286 628 1340 equitis
660 1287 832 1326 Romani
865 1300 979 1336 esses
1011 1284 1143 1334 filius,
1191 1302 1351 1328 summa
1383 1295 1518 1328 tamen
1549 1290 1824 1343 amplitudine
1855 1291 2006 1344 dignus

243 1356 456 1405 putarere:
488 1363 567 1390 nec
598 1349 698 1389 mihi
731 1362 929 1402 umquam
963 1350 1098 1389 minus
1131 1350 1172 1389 in
1196 1351 1244 1398 Q.
1267 1351 1490 1404 Pompeio,
1521 1365 1628 1393 novo
1652 1352 1823 1393 homine
1854 1359 1893 1393 et
1923 1352 2006 1392 for-

243 1413 404 1453 tissimo
445 1412 556 1460 viro,
596 1412 762 1452 virtutis
803 1425 894 1451 esse
936 1412 1068 1452 visum
1101 1418 1164 1452 est
1195 1426 1317 1466 quam
1357 1414 1397 1452 in
1428 1414 1598 1454 homine
1629 1415 1911 1463 nobilissimo,
1950 1415 2003 1454 M.

243 1475 433 1515 Aemilio.
491 1474 658 1514 Etenim
702 1473 886 1513 eiusdem
926 1474 1053 1513 animi
1096 1481 1222 1528 atque
1255 1476 1409 1528 ingenii
1442 1482 1503 1516 est
1532 1477 1710 1530 posteris
1741 1479 1850 1525 suis,
1892 1476 2003 1531 quod

194 1538 467 1591 20Pompeius
497 1537 611 1584 fecit,
643 1536 960 1589 amplitudinem
991 1538 1191 1585 nominis,
1223 1552 1346 1591 quam
1371 1552 1453 1577 non
1476 1540 1707 1591 acceperit,
1740 1541 1920 1587 tradere,
1952 1545 2004 1591 et,

244 1605 290 1639 ut
320 1600 524 1647 Scaurus,
556 1599 799 1639 memoriam
831 1612 961 1651 prope
994 1598 1307 1639 intermortuam
1340 1600 1504 1652 generis
1536 1603 1599 1640 sui
1620 1601 1770 1642 virtute
1792 1616 2003 1643 renovare.

243 1662 351 1701 VIII.
384 1658 448 1701 Π.
482 1662 745 1715 Quamquam
778 1674 853 1714 ego
887 1662 968 1700 iam
999 1662 1215 1713 putabam,
1248 1662 1430 1709 iudices,
1465 1663 1603 1701 multis
1635 1663 1731 1702 viris
1758 1664 1932 1705 sortibus
1953 1678 2004 1704 ne

243 1724 482 1777 ignobilitas
514 1724 676 1776 generis
701 1724 966 1770 obiiceretur,
990 1737 1081 1763 mco
1107 1723 1249 1763 labore
1272 1738 1362 1764 esse
1385 1724 1632 1776 perfectum:
1666 1725 1738 1778 qui
1769 1738 1854 1765 non
1883 1726 2005 1766 modo

245 1787 394 1833 Curiis,
415 1786 652 1832 Catonibus,
677 1786 883 1838 Pompeis,
906 1786 1091 1839 antiquis
1115 1786 1196 1825 illis
1217 1785 1453 1826 fortissimis
1477 1786 1588 1833 viris,
1611 1787 1731 1826 novis
1751 1788 2005 1835 hominibus,

194 1854 230 1882 ‘25
244 1848 317 1888 sed
347 1848 412 1889 his
442 1848 702 1894 recentibus,
734 1849 872 1887 Mariis
905 1853 944 1888 et
974 1848 1105 1887 Didiis
1139 1853 1180 1887 et
1212 1848 1361 1888 Caeliis
1394 1850 1768 1889 commemorandis
1800 1851 2003 1891 iacebant.

246 1910 346 1951 Cum
369 1924 466 1951 vero
489 1924 565 1963 ego
587 1915 701 1950 tanto
722 1910 941 1950 intervallo
962 1910 1140 1949 claustra
1161 1910 1237 1949 ista
1260 1910 1489 1950 nobilitatis
1512 1910 1786 1963 refregissem‚
1801 1918 1847 1952 ut
1867 1913 2004 1952 aditus

244 1973 296 2013 ad
316 1972 575 2012 consulatum
609 1972 795 2025 posthac,
828 1973 932 2012 sicut
962 1971 1071 2025 apud
1095 1973 1270 2012 maiores
1292 1977 1456 2012 nostros
1478 1972 1567 2020 fuit,
1598 1987 1681 2013 non
1703 1975 1832 2027 magis
1855 1974 2006 2014 nobili-

245 2036 318 2076 tati
349 2047 473 2088 quam
497 2035 637 2074 virtuti
658 2039 840 2087 pateret:
872 2048 958 2074 non
980 2034 1229 2081 arbitrabar,
1262 2048 1354 2074 cum
1381 2048 1431 2074 ex
1452 2034 1609 2075 familia
1630 2041 1769 2077 vetere
1790 2042 1831 2077 et
1851 2036 2003 2076 illustri

245 2097 391 2137 consul
434 2097 673 2149 designatus
714 2097 764 2136 ab
806 2097 958 2150 equitis
990 2099 1164 2138 Romani
1206 2098 1314 2145 lilio,
1355 2100 1548 2146 consule,
1592 2099 1906 2146 defenderetur,
1953 2098 2004 2137 de

195 2167 230 2195 30
245 2160 409 2212 generis
440 2160 622 2199 novitate
653 2165 918 2199 accusatores
950 2174 1041 2200 esse
1073 2162 1271 2201 dicturos.
1321 2161 1486 2200 Etenim
1517 2161 1618 2200 mihi
1648 2162 1728 2214 ipsi
1760 2160 1930 2208 accidit,
1961 2165 2005 2199 ut

245 2236 338 2261 cum
379 2222 540 2261 duobus
580 2221 786 2273 patriciis,
829 2222 961 2262 altero
1007 2223 1313 2275 improbissimo
1359 2229 1484 2277 atque
1527 2223 1830 2270 audacissimo,
1872 2222 2002 2262 altero

244 2283 553 2323 modestissimo
584 2288 711 2336 atque
743 2284 901 2336 optimo
934 2285 1043 2332 viro,
1074 2290 1281 2338 peterem:
1314 2285 1507 2338 superavi
1538 2291 1677 2325 tamen
1704 2285 1905 2338 dignitate
1929 2284 2004 2324 Ca-

242 2345 427 2393 tilinam,
467 2345 597 2398 gratia
636 2345 821 2384 Galbam.
869 2346 992 2393 Quod
1034 2347 1067 2386 si
1104 2347 1144 2385 id
1177 2347 1332 2387 crimen
1364 2347 1523 2387 homini
1554 2361 1662 2387 novo
1694 2361 1786 2387 esse
1818 2346 2002 2393 deberet,

243 2407 430 2459 profecto
462 2407 564 2447 mihi
595 2420 731 2460 neque
763 2407 944 2455 inimici,
976 2422 1111 2462 neque
1144 2409 1274 2449 invidi
1306 2409 1549 2449 defuissent.
1596 2409 1847 2449 Omittamus
1877 2408 2003 2462 igitur

194 2478 230 2507 35
244 2469 295 2509 de
326 2483 479 2523 genere
510 2470 670 2517 dicere,
702 2470 823 2510 cuius
857 2477 919 2511 est
948 2485 1097 2524 magna
1121 2472 1163 2511 in
1185 2476 1362 2524 utroque
1384 2471 1586 2524 dignitas:
1618 2471 1832 2513 videamus
1854 2475 2002 2512 cetera.

331 2620 361 2649 4,
386 2618 490 2658 fretus
511 2624 557 2658 ψ.
589 2637 622 2640 —
649 2628 736 2649 cons.
762 2620 971 2658 suspitionem
996 2621 1032 2651 C.
1063 2637 1096 2641 -
1125 2620 1220 2660 adar.
1249 2623 1285 2651 G.
1315 2639 1348 2642 -
1378 2621 1407 2651 Ξ.
1433 2620 1481 2650 ila
1504 2628 1570 2651 esse
1587 2620 1692 2658 paria
1715 2628 1750 2656 χ.
1779 2637 1814 2640 —
1840 2618 1871 2651 4.
1892 2627 2004 2651 sumus

244 2678 266 2705 χ
281 2676 314 2698 v.
342 2685 379 2690 —
404 2669 436 2700 5.
461 2668 508 2706 ut]
533 2677 573 2700 ne
596 2670 633 2699 G.
655 2686 688 2690 —
712 2669 819 2708 plebes
843 2672 868 2700 G
883 2670 906 2701 C
922 2674 976 2710 ip:
1000 2669 1100 2709 plebis
1124 2670 1165 2707 E,
1188 2669 1277 2709 plebs
1299 2670 1331 2702 M
1345 2679 1376 2700 v.
1398 2686 1431 2690 —
1460 2670 1489 2700 7.
1511 2672 1649 2708 praetor
1670 2669 1733 2708 suit
1758 2669 2000 2711 GMHwa:

244 2719 356 2749 Parr.:
379 2721 553 2757 praetores
574 2718 708 2757 fuerunt
733 2719 754 2749 Ι,
770 2720 806 2750 Ο.
836 2720 941 2759 (paler
962 2719 1024 2759 fuit
1047 2722 1077 2750 et
1096 2723 1234 2758 praetor
1254 2719 1304 2761 Ε.)
1324 2736 1357 2740 -
1380 2719 1488 2759 paler]
1514 2719 1707 2759 sequuntur
1730 2719 1857 2751 deinde
1880 2720 1914 2751 in
1937 2720 1962 2751 E
1976 2721 2002 2751 G

243 2767 311 2804 Μχ
328 2775 359 2808 ψ
371 2776 410 2806 v,
434 2768 537 2807 Lagg.
559 2767 722 2798 omnibus
753 2770 904 2809 (praeter
924 2769 990 2808 65.)
1018 2768 1125 2799 verba
1148 2769 1264 2800 etenim
1295 2769 1371 2800 mihi
1397 2769 1457 2808 ipsi
1488 2768 1607 2798 accidit
1630 2768 1662 2807 g.
1687 2769 1737 2800 17.
1761 2778 1795 2801 κ’.
1812 2769 1866 2801 30.
1888 2778 2001 2810 usque

243 2816 287 2847 ad
310 2817 420 2847 mullis
439 2818 619 2858 profutura
642 2818 673 2858 g.
695 2819 746 2849 ⁴9.
767 2820 852 2850 extr.
880 2819 929 2850 (If.
949 2818 1177 2850 Niebuhrium
1193 2819 1304 2850 Ix'leine
1325 2820 1436 2850 histor.
1454 2828 1486 2849 «ιι.
1502 2818 1613 2857 philol.
1632 2818 1793 2858 Schriften
1808 2820 1848 2850 ll.
1873 2828 1907 2860 p.
1925 2819 2000 2851 222.

248 2884 280 2888 —
308 2870 337 2897 et
359 2867 433 2898 hon.
461 2871 498 2898 G.
521 2884 555 2889 —
583 2868 613 2899 8.
638 2868 723 2898 hamc
745 2870 888 2908 gradum
912 2870 955 2899 ad
978 2877 1065 2899 (fons.
1093 2871 1129 2899 G.
1153 2887 1186 2890 —
1216 2870 1266 2899 sto.
1293 2870 1386 2900 Serri
1410 2869 1434 2900 Ε
1449 2869 1478 2899 Μ
1493 2878 1530 2898 γ’.
1559 2868 1629 2899 Ser.
1649 2868 1686 2899 O.
1707 2887 1741 2890 -
1769 2869 1824 2910 est]
1849 2870 1947 2901 etiam
1963 2869 2000 2900 E.

246 2931 280 2935 —
301 2916 353 2946 411.
380 2925 402 2947 a
421 2918 544 2956 populo
567 2928 603 2955 χ.
625 2935 659 2939 -
688 2927 760 2949 vere
785 2928 815 2949 κ’.
844 2937 877 2939 -
908 2920 958 2949 12.
987 2922 1030 2950 est
1053 2919 1221 2949 obscurior
1244 2929 1275 2949 v.
1299 2937 1332 2940 —-
1359 2919 1471 2949 ordine
1494 2921 1522 2948 cl
1546 2918 1614 2949 loc-0
1638 2926 1669 2948 v.
1691 2936 1726 2940 —
1752 2919 1882 2950 inlustri
1905 2920 1943 2950 G.
1965 2937 1999 2941 —-

244 2964 296 2996 lli.
322 2966 501 2998 erudienda
525 2969 562 2999 G.
586 2986 619 2989 —
646 2977 742 3000 menz.
768 2972 812 2999 esc
836 2970 860 3000 E
875 2970 899 2999 G
914 2970 945 3001 M
960 2970 999 3000 L:
1027 2972 1071 3000 cst
1094 2978 1188 3000 meni.
1216 2970 1240 2999 Ο
1255 2977 1286 2999 v.
1308 2985 1342 2990 —
1367 2968 1534 2999 ‹tremslalis
1557 2977 1592 3005 χ.
1615 2985 1648 2989 -
1677 2969 1727 2999 45.
1755 2969 1851 3009 adyr.
1871 2968 1947 3000 EG.
1965 2986 2000 2990 —

245 3014 297 3045 ⁴6.
323 3023 404 3046 esses
425 3024 474 3056 eq.
500 3018 590 3049 Rom.
618 3018 662 3049 M.
699 3036 733 3039 -<
774 3018 824 3049 017.
852 3019 958 3050 minus
987 3028 1056 3050 om.
1084 3029 1123 3057 ν,
1161 3019 1268 3051 habet
1296 3021 1376 3050 ante
1400 3019 1531 3049 rit-lulis
1553 3020 1595 3050 M.
1634 3036 1667 3039 —-
1706 3019 1739 3049 in
1763 3019 1874 3058 quinto
1898 3019 1936 3049 G.
1965 3036 1999 3040 —

244 3064 296 3096 49.
322 3066 389 3097 suis
412 3075 482 3098 om.
503 3069 539 3099 G.
569 3084 604 3088 -
630 3068 684 3098 ⁶2⁴.
710 3068 838 3108 generis
861 3077 930 3100 om.
957 3079 991 3107 χ.
1014 3087 1047 3090 -
1074 3070 1127 3101 23.
1153 3069 1279 3109 ⁸qeneris
1302 3068 1481 3100 obieci-elin·
1506 3070 1528 3098 G
1546 3069 1628 3099 Mv:
1656 3067 1749 3099 obiic.
1773 3067 1902 3108 generis
1924 3067 2000 3098 EO.

246 3129 284 3135 —
310 3115 390 3156 meo]
414 3116 449 3147 in
471 3125 507 3148 eo
532 3117 569 3148 G.
598 3134 632 3138 —
660 3120 705 3148 est
723 3125 758 3156 p.
784 3118 828 3148 M.
856 3135 890 3139 —
917 3117 970 3149 ⁶24.
995 3119 1140 3158 Pompeis
1162 3120 1206 3149 G:
1233 3118 1389 3157 Pompeiis
1412 3116 1524 3157 vulgo.
1553 3135 1587 3139 -
1614 3119 1666 3149 25.
1692 3117 1799 3148 coeliis
1821 3117 1864 3154 (ἒς
1891 3116 2003 3148 clodiis

245 3162 269 3193 E
284 3164 321 3194 C.
351 3182 386 3186 —
412 3165 561 3198 iacebam
584 3167 616 3199 M
630 3167 678 3204 H;
710 3167 858 3199 iacebunt
883 3178 917 3205 χ.
946 3186 980 3190 -
1008 3169 1060 3200 26.
1086 3178 1160 3200 cion
1181 3178 1258 3200 ‘cero
1282 3176 1339 3208 eqo
1362 3167 1386 3198 E
1401 3168 1424 3197 G
1439 3168 1471 3198 Μ
1484 3176 1503 3197 v
1538 3166 1612 3207 (sed
1635 3168 1662 3198 G
1685 3166 1782 3205 tunm:
1821 3173 1922 3204 quum
1944 3173 2002 3205 eqo

243 3220 320 3242 vero
343 3214 418 3245 Lo.
440 3232 474 3236 —
495 3219 585 3248 lanto
609 3224 678 3248 om.
707 3219 743 3247 G.
766 3233 800 3238 —
827 3217 1029 3258 infregissent
1051 3229 1087 3256 χ.
1109 3237 1143 3241 m
1170 3218 1223 3250 ⁵27.
1248 3221 1283 3249 ut
1306 3217 1352 3248 sic
1376 3220 1456 3256 aput
1479 3218 1516 3247 G.
1539 3235 1573 3239 —-
1599 3217 1653 3249 28.
1674 3219 1809 3256 pareret
1833 3225 1867 3253 χ.
1889 3233 1923 3237 -
1949 3223 2001 3245 ve-

245 3264 311 3293 tere
333 3264 424 3294 mei:
449 3266 551 3297 ceteri
573 3265 679 3297 Prisc.
706 3266 774 3297 VII.
801 3266 840 3304 ⁶3,
867 3267 918 3297 62.
943 3276 978 3308 p.
1001 3267 1075 3299 333.
1103 3268 1159 3299 ΚΓ.
1189 3285 1221 3290 -
1250 3267 1381 3298 inlustri
1405 3268 1442 3297 G.
1469 3284 1503 3288 -Α
1531 3267 1583 3298 30.
1609 3265 1761 3307 dicturos]
1787 3265 1946 3306 sequitur
1968 3265 2000 3295 in

246 3310 348 3343 codd.
371 3312 545 3355 plerisque
564 3315 648 3354 Quid
667 3316 810 3347 Murena
826 3316 856 3355 g.
876 3317 929 3348 ⁶20.
948 3317 992 3348 in.
1008 3327 1014 3354 ;
1041 3316 1109 3348 vid.
1124 3325 1228 3357 supra
1247 3325 1280 3347 v.
1299 3316 1371 3347 7.-
1390 3316 1516 3357 etenim]
1542 3319 1571 3347 et
1586 3316 1629 3348 M.
1648 3333 1682 3338 —-
1702 3315 1753 3347 32.
1769 3318 1912 3354 peterem
1930 3322 1999 3346 om.

248 3360 284 3390 G.
304 3378 337 3381 —
357 3362 549 3403 dignitatem
563 3382 580 3387 -
595 3365 743 3405 qratiam
759 3368 796 3397 G.
817 3383 852 3386 Q
880 3366 932 3396 33.
958 3366 1037 3405 quid
1059 3366 1085 3397 si
1110 3367 1190 3397 11.-
1210 3366 1262 3397 35.
1282 3366 1387 3398 (licere
1403 3366 1441 3398 de
1463 3374 1580 3407 ρεπεν-ε
1594 3365 1673 3398 Ε.-
1692 3373 1813 3406 mayno
1829 3366 1866 3396 G.
