2143 3713
351 247 441 287 Lm.
472 246 542 287 ΠΙ.
584 245 678 286 cn.
709 243 1286 284 Lxxxvn-Lxxxvm.
1325 243 1398 297 §S-
1430 243 1682 288 eoo-⁶204.
1817 243 1899 288 309

141 359 287 401 cellam
331 359 457 411 gratis
489 358 693 402 dedisset,
735 355 816 395 duo
855 355 968 394 milia
1007 369 1220 395 nummum
1250 360 1322 396 aut
1352 370 1560 396 summum
1591 359 1670 398 tria
1702 360 1900 409 dedisset,

141 423 252 462 idem
284 436 392 461 nunc
423 434 498 475 pro
531 420 678 460 eodem
708 431 883 458 numero
914 418 1108 458 frumenti
1140 415 1216 454 HS
1248 431 1323 457 vm
1353 418 1466 458 milia
1497 419 1594 459 dare
1625 426 1793 461 coactus
1824 428 1900 462 est.

141 484 228 523 Hoc
261 489 399 523 arator
429 481 595 535 assequi
626 494 701 533 per
731 480 956 520 triennium
981 486 1091 521 certe
1115 480 1251 520 fructu
1271 494 1347 520 suo
1370 494 1452 520 non
1476 482 1636 533 potuit:
1666 483 1903 524 vendiderit

141 546 459 585 instrumentum
502 556 672 583 necesse
714 547 788 582 est.
849 542 972 590 Quod
1012 543 1044 582 si
1089 542 1169 581 hoc
1201 556 1351 583 munus
1384 548 1424 582 et
1453 543 1534 583 hoc
1564 545 1741 596 vectigal
1772 546 1901 586 aratio

140 609 331 655 tolerare,
363 608 442 647 hoc
476 611 538 646 est
561 604 703 644 Sicilia
732 604 840 644 ferre
871 618 917 644 ac
947 605 1033 658 pati
1065 609 1215 657 potest,
1247 606 1405 658 populo
1427 607 1615 645 Romano
1635 605 1742 645 ferat
1761 608 1933 658 potius5

141 684 266 725 quam
296 670 451 710 nostris
483 668 805 720 magistratibus.
844 668 992 720 Magna
1024 672 1086 707 est
1116 667 1225 706 enim
1257 669 1460 720 pecunia,
1491 680 1687 720 magnum
1717 668 1902 720 praecla-

140 748 315 786 rumque
356 731 557 784 vectigal,
597 731 630 770 si
672 731 796 770 modo
829 730 871 769 id
903 729 1015 769 salva
1045 728 1284 782 provincia,
1323 731 1356 769 si
1390 731 1479 770 sine
1510 729 1664 769 iniuria
1694 729 1902 769 sociorum

141 796 355 851 percipere
396 806 632 847 possumus.
693 793 805 832 Nihil
845 790 1017 831 detraho
1059 790 1390 842 magistratibus:
1434 790 1679 831 tantundem
1710 789 1832 830 detur
1858 790 1901 830 in

141 858 310 904 cellam,
342 860 542 909 quantum
575 868 740 907 semper
770 854 911 894 datum
945 858 1028 892 est:
1061 853 1175 905 quod
1206 859 1423 905 praeterea
1451 855 1602 894 Verres
1632 853 1829 906 imperat,
1860 852 1902 892 id

141 921 174 960 si
205 919 341 958 facere
371 931 454 957 non
486 924 684 970 possunt,
718 922 933 955 recusent:
971 915 1004 954 si
1035 921 1234 967 possunt,
1266 917 1412 970 populi
1443 916 1618 956 Romani
1650 916 1791 969 potius
1820 915 1952 957 hoelo

140 982 193 1021 sit
222 979 398 1032 vectigal
431 992 554 1031 quam
585 978 740 1031 praeda
772 978 988 1031 praetoris.
1039 975 1132 1016 ⁶202.
1165 979 1326 1018 Deinde
1358 993 1431 1019 cur
1460 980 1503 1019 in
1535 980 1614 1019 isto
1637 991 1790 1031 genere
1811 977 1901 1017 solo

137 1041 331 1083 frumenti
371 1042 449 1081 ista
487 1041 721 1081 aestimatio
764 1040 1071 1079 constituatur?
1117 1040 1159 1079 Si
1201 1045 1263 1080 est
1300 1054 1437 1095 aequa
1469 1046 1510 1081 et
1538 1040 1733 1088 ferenda,
1780 1040 1904 1080 debet

137 1103 294 1158 populo
334 1104 520 1143 Romano
561 1103 702 1142 Sicilia
744 1104 960 1149 decumas,
1002 1101 1072 1141 det
1102 1115 1176 1155 pro
1211 1102 1386 1155 singulis
1418 1103 1571 1143 modiis
1602 1103 1728 1143 tritici
1760 1107 1901 1142 ternos

136 1166 353 1207 denarios:
394 1166 471 1205 sibi
512 1165 662 1205 habeat
692 1165 961 1204 frumentum.
1020 1165 1123 1203 Data
1155 1164 1227 1203 tibi
1262 1170 1325 1204 est
1355 1165 1555 1218 pecunia,
1598 1167 1767 1213 Verres,
1804 1178 1902 1213 una,

136 1242 219 1282 qua
250 1228 506 1267 frumentum
536 1228 611 1267 tibi
644 1241 803 1268 emeres
835 1227 877 1266 in
908 1226 1077 1273 cellam,
1110 1227 1260 1274 altera,
1294 1241 1376 1280 qua
1406 1227 1662 1267 frumentum
1689 1240 1848 1268 emeres
1879 1239 1952 1268 a⁴5

136 1291 394 1338 civitatibus,
441 1291 554 1344 quod
591 1292 762 1331 Romam
795 1291 993 1330 mitteres.
1054 1288 1147 1327 Tibi
1180 1289 1317 1329 datam
1349 1290 1570 1342 pecuniam
1602 1288 1715 1330 domi
1746 1291 1901 1331 retines

136 1359 177 1395 et
207 1358 422 1407 praeterea
452 1354 672 1406 pecuniam
704 1364 972 1406 permagnam
1005 1355 1076 1390 tuo
1111 1352 1282 1391 nomine
1313 1352 1465 1392 aufers.
1524 1353 1604 1392 Fac
1634 1353 1746 1392 idem
1775 1354 1819 1392 in
1851 1365 1901 1393 eo

133 1417 364 1463 frumento,
407 1415 519 1469 quod
551 1415 602 1454 ad
633 1416 836 1469 populum
867 1416 1099 1454 Romanum
1131 1414 1334 1467 pertinet;
1378 1415 1501 1468 exige
1534 1415 1678 1456 eadem
1709 1414 1903 1455 aestima-

135 1478 250 1519 tione
281 1477 503 1530 pecuniam
535 1490 559 1516 a
590 1478 825 1517 civitatibus
857 1481 898 1517 et
928 1476 1061 1524 refer,
1094 1489 1219 1530 quam
1251 1478 1474 1530 accepisti:
1505 1478 1587 1518 iam
1608 1477 1803 1518 refertius
1825 1477 1904 1517 erit

136 1541 346 1581 aerarium
377 1540 522 1594 populi
555 1541 755 1588 Romani,
797 1553 922 1594 quam
958 1552 1157 1592 umquam
1187 1539 1277 1578 fuit.
1345 1537 1440 1579 ⁶203.
1471 1562 1527 1569 —-
1555 1541 1608 1580 At
1639 1540 1749 1581 enim
1780 1539 1901 1579 istam
1915 1552 1951 1582 20

136 1618 223 1645 rem
254 1604 296 1643 in
326 1603 496 1656 publico
527 1602 738 1643 frumento
772 1601 915 1643 Sicilia
945 1615 1029 1641 non
1060 1601 1210 1641 ferret:
1241 1601 1348 1642 hanc
1378 1616 1467 1642 rem
1497 1603 1542 1642 in
1568 1616 1661 1643 meo
1692 1601 1901 1641 frumento

136 1666 241 1707 tulit.
272 1686 326 1694 —
366 1664 546 1704 Proinde
589 1665 708 1718 quasi
746 1670 819 1704 aut
856 1665 1031 1718 aequior
1065 1665 1117 1703 sit
1148 1664 1227 1703 ista
1257 1664 1493 1705 aestimatio
1524 1665 1568 1704 in
1599 1670 1670 1705 tuo
1703 1677 1829 1719 quam
1858 1664 1902 1703 in

135 1727 282 1783 populi
313 1726 489 1767 Romani
521 1726 759 1774 commodO,
805 1732 877 1766 aut
908 1739 956 1766 ea
985 1739 1076 1774 res,
1109 1739 1235 1779 quam
1266 1740 1343 1780 ego
1376 1727 1493 1775 dico,
1527 1732 1568 1768 et
1598 1740 1670 1775 ea,
1702 1739 1826 1780 quam
1856 1730 1902 1765 tu

134 1791 294 1837 fecisti,
327 1789 437 1828 inter
467 1802 510 1828 se
543 1801 693 1841 genere
725 1789 922 1836 iniuriae,
954 1802 1038 1829 non
1071 1789 1358 1842 magnitudine
1381 1790 1586 1842 pecuniae
1607 1789 1783 1829 differat.
1820 1788 1903 1828 Ve-

135 1866 227 1892 rum
257 1852 378 1891 istam
409 1850 540 1903 ipsam
572 1850 720 1890 cellam
748 1851 855 1891 ferre
877 1852 993 1891 nullo
1016 1851 1141 1890 modo
1162 1856 1364 1904 possunt:
1396 1855 1443 1890 ut
1464 1852 1604 1892 omnia
1622 1851 1900 1898 remittantur,
1914 1866 1950 1896 25

135 1919 181 1954 ut
211 1913 403 1953 omnibus
434 1913 596 1952 iniuriis
625 1918 666 1953 et
697 1913 1021 1960 calamitatibus,
1054 1925 1157 1965 quas
1180 1918 1220 1952 te
1241 1918 1433 1966 praetore
1455 1913 1664 1961 tulerunt,
1694 1913 1739 1952 in
1758 1919 1901 1966 poste-

135 1990 226 2016 rum
257 1975 506 2022 liberentur,
536 1975 657 2015 istam
690 1989 733 2015 se
766 1975 912 2015 cellam
954 1981 1078 2029 atque
1110 1976 1231 2015 istam
1264 1975 1599 2016 aestimationem
1628 1981 1785 2030 negant
1812 1976 1900 2016 ullo

135 2038 259 2078 modo
290 2038 398 2077 ferre
428 2051 566 2090 posse.
628 2038 893 2078 LXXXVIII.
926 2035 1019 2077 ⁶204.
1064 2037 1194 2077 Multa
1225 2038 1430 2091 Sosippus
1460 2038 1757 2092 Agrigentinus
1788 2038 1899 2093 apud

137 2100 209 2139 Cn.
240 2100 485 2153 Pompeium
518 2100 733 2139 consulem
763 2113 920 2152 nuper,
950 2100 1076 2139 homo
1110 2101 1408 2140 disertissimus
1440 2106 1481 2140 et
1511 2102 1625 2141 omni
1647 2101 1837 2141 doctrina
1861 2106 1901 2140 et

135 2163 287 2202 virtute
330 2161 637 2209 ornatissimus,
679 2175 754 2214 pro
800 2167 885 2202 tota
926 2162 1068 2202 Sicilia
1106 2162 1157 2202 de
1197 2168 1406 2202 aratorum
1438 2163 1618 2203 miseriis
1648 2164 1829 2217 graviter
1859 2168 1949 2209 et30

134 2224 301 2278 copiose
333 2223 490 2263 dixisse
522 2237 568 2263 ac
600 2224 841 2277 deplorasse
873 2224 1050 2273 dicitur;
1094 2239 1145 2265 ex
1177 2225 1330 2279 quibus
1370 2225 1449 2265 hoc
1490 2225 1565 2273 iis,
1607 2226 1680 2279 qui
1715 2226 1900 2273 aderant,

134 2284 244 2338 (nam
274 2299 423 2339 magno
455 2292 663 2326 conventu
693 2291 784 2327 acta
812 2300 879 2326 res
911 2286 1010 2340 est,)
1042 2287 1379 2341 indignissimum
1412 2288 1656 2328 videbatur:
1689 2289 1834 2342 quain
1854 2301 1899 2328 re

135 2353 304 2388 senatus
336 2349 492 2402 optime
523 2362 570 2389 ac
598 2349 901 2402 benignissime
933 2363 1026 2389 cum
1056 2351 1290 2391 aratoribus
1314 2351 1488 2403 egisset,
1519 2351 1632 2404 large
1652 2350 1901 2391 liberaliter-

221 2517 251 2548 4.
277 2524 454 2548 numerum
478 2515 580 2556 [342.
609 2533 644 2538 -—
679 2516 748 2557 aut]
774 2519 854 2555 aput
877 2516 916 2547 V.
943 2533 978 2537 —
1018 2517 1046 2548 2.
1073 2525 1109 2548 eo
1133 2516 1222 2557 [342
1239 2527 1281 2557 φ.
1312 2535 1347 2540 --
1382 2518 1585 2558 frumentum
1606 2518 1647 2549 V.
1677 2536 1712 2540 —
1736 2518 1802 2549 HS.
1831 2518 1904 2550 VIII

132 2567 236 2608 milia]
263 2567 324 2599 GII
345 2578 376 2597 00
403 2577 435 2595 00
462 2577 494 2596 00
520 2565 609 2606 [342
627 2567 672 2603 N:
698 2567 732 2598 S.
762 2567 817 2597 ΠΙ
837 2567 883 2597 M.
910 2566 948 2598 V.
975 2568 1011 2597 ut
1036 2566 1174 2598 videtur
1199 2568 1291 2607 (En).
1320 2586 1355 2590 —
1383 2569 1412 2599 3.
1441 2569 1575 2608 adsequi
1597 2568 1638 2598 V.
1660 2586 1695 2591 —
1722 2567 1752 2600 4.
1780 2568 1900 2600 instru-

132 2621 243 2650 menta
272 2616 373 2658 [342.
407 2615 449 2648 cs.
476 2616 519 2647 ad
545 2616 576 2656 g.
604 2616 676 2647 499.
718 2632 753 2637 -
791 2616 849 2646 hoc
874 2618 954 2646 vec-t.
981 2615 1070 2654 [342
1087 2616 1180 2655 ch:
1217 2617 1276 2648 hoc
1299 2625 1368 2648 om.
1395 2616 1469 2649 rell.
1510 2635 1544 2639 -
1582 2620 1701 2649 arator
1729 2617 1830 2657 [342.
1860 2634 1896 2640 -

133 2668 164 2699 5.
190 2666 282 2698 Sicia
304 2666 350 2703 V3
375 2666 403 2697 si
426 2666 540 2697 Sicilia
563 2676 604 2704 φ.
635 2684 670 2688 -
691 2674 786 2705 posse
808 2664 910 2705 [342.
933 2682 968 2686 —
993 2665 1027 2696 P.
1054 2666 1090 2697 R.
1116 2665 1206 2706 [342
1225 2666 1247 2697 F
1272 2668 1306 2697 et
1328 2666 1368 2697 V.
1397 2666 1476 2705 (Br.)
1505 2684 1539 2688 —
1563 2667 1686 2707 fecerat
1699 2668 1740 2699 V.
1760 2668 1840 2708 (Br.)
1861 2685 1896 2691 -

134 2717 164 2748 6.
191 2716 296 2747 nostri
316 2715 535 2755 magistratus
557 2714 648 2755 [342
665 2715 706 2751 F·.
740 2715 843 2745 nostri
868 2723 1043 2755 superscr.
1069 2724 1084 2746 s
1106 2716 1145 2746 V.
1174 2716 1253 2755 (ΒΓ.)
1281 2734 1315 2738 -
1353 2720 1398 2747 esc
1421 2717 1506 2748 enirn
1528 2716 1570 2748 V:
1600 2717 1685 2749 enim
1708 2716 1817 2758 [342;
1855 2721 1901 2749 est

134 2765 208 2797 rell.
236 2766 273 2796 Ο.
301 2782 336 2787 ——
363 2765 394 2796 7.
420 2765 454 2795 id
477 2773 546 2796 om.
573 2764 674 2805 [342.
704 2784 739 2787 -
772 2765 799 2795 si
822 2764 899 2804 sine]
933 2764 1070 2801 SluNE
1091 2765 1130 2796 V.
1159 2766 1236 2804 (ΒΓ.)
1272 2785 1307 2788 -
1340 2766 1370 2797 8.
1392 2775 1567 2806 possumus
1589 2767 1678 2807 [342
1694 2767 1742 2797 V:
1772 2768 1901 2806 possitis

134 2816 192 2846 ctt.
221 2815 258 2846 O.
288 2832 323 2837 —
350 2814 381 2845 9.
407 2814 488 2845 cella
511 2813 613 2854 [342.
633 2832 667 2836 -
695 2815 746 2845 40.
769 2814 892 2853 populo
916 2815 1061 2845 Romano
1085 2815 1193 2855 [329;
1218 2816 1252 2847 P.
1272 2816 1308 2847 R.
1327 2817 1367 2847 V.
1391 2817 1469 2857 (ΒΓ.)
1490 2835 1526 2839 -
1554 2817 1605 2847 44.
1631 2817 1665 2847 in
1688 2817 1748 2847 isto
1762 2817 1808 2847 V:
1833 2826 1900 2848 uno

133 2863 241 2904 [342;
278 2863 312 2894 in
340 2872 406 2894 uno
435 2863 509 2894 rell.
543 2864 580 2895 O.
625 2863 721 2895 Conf.
755 2863 797 2895 de
831 2863 1088 2895 consociatione
1120 2864 1310 2896 verborum
1341 2875 1426 2897 unus
1455 2867 1540 2897 solus
1562 2867 1715 2908 Interpp.
1741 2866 1785 2897 ad
1809 2867 1897 2898 Sest.

133 2913 164 2953 S.
189 2913 242 2946 43.
275 2931 310 2935 —-
339 2914 390 2945 42.
417 2916 553 2944 aestum.
579 2914 618 2951 V,
645 2915 728 2945 item
752 2913 850 2945 infra.
880 2932 914 2936 ——
942 2915 1162 2946 constituatur
1183 2915 1274 2956 [342
1291 2916 1339 2946 V:
1366 2917 1576 2948 constituit-ur
1598 2917 1656 2947 ctt.
1683 2916 1721 2946 O.
1749 2933 1784 2938 --
1811 2915 1900 2948 debet

134 2962 223 3002 [329
239 2961 280 2994 42
297 2963 320 2993 F
337 2963 383 2993 V:
411 2971 480 2994 om.
505 2962 580 2994 rell.
602 2981 637 2985 —
665 2963 717 2995 43.
744 2963 805 3003 det]
833 2963 920 2994 debet
944 2963 1044 3003 [342.
1067 2981 1102 2986 —
1127 2966 1245 2996 modiis
1267 2966 1368 2996 tritici
1385 2966 1474 3006 [342
1491 2967 1529 2998 F:
1559 2967 1605 2998 M.
1626 2966 1727 2997 TRIT.
1755 2964 1825 3004 (sic)
1850 2965 1896 3002 V;

134 3012 201 3042 trit.
218 3012 304 3043 mod.
324 3011 397 3043 rell.
418 3013 455 3043 O.
478 3030 513 3034 —
540 3016 647 3044 tei-<nos
669 3013 700 3044 X
714 3014 745 3051 (i.
766 3022 797 3044 e.
817 3013 989 3051 denarios)
1009 3013 1030 3044 F
1047 3014 1085 3045 N.
1109 3032 1143 3036 —
1164 3014 1216 3047 44.
1236 3018 1281 3046 est
1300 3015 1442 3054 pecunia
1456 3016 1500 3046 V:
1523 3024 1594 3055 pec.
1623 3019 1667 3047 est
1684 3013 1756 3048 rell.
1777 3015 1813 3046 Ο.
1840 3014 1900 3055 (est

131 3060 272 3099 pecunia
286 3078 336 3083 ——
351 3061 409 3092 tibi
425 3070 493 3093 om.
512 3062 627 3102 [342,)
642 3079 676 3085 -
705 3064 756 3094 45.
777 3064 892 3094 emeris
914 3062 968 3093 bis
987 3062 1087 3102 [342.
1100 3081 1134 3086 -
1162 3065 1213 3095 47.
1240 3065 1388 3105 auferres
1410 3065 1517 3097 idem.
1535 3082 1571 3088 —-
1595 3074 1630 3096 eo
1647 3072 1716 3096 om.
1735 3063 1842 3095 idem.
1858 3081 1894 3086 —

136 3110 188 3140 49.
213 3113 244 3140 et
266 3119 336 3142 om.
363 3111 402 3142 V.
431 3130 466 3134 —
498 3112 567 3143 iam
591 3111 696 3152 1342,
723 3115 767 3151 Α,
799 3111 840 3143 al.
868 3113 900 3143 ln
932 3121 1042 3152 marg.
1068 3113 1189 3145 Lamb.
1227 3114 1279 3153 (ex
1304 3115 1391 3153 cp‘iy:
1426 3123 1496 3146 om.
1521 3114 1632 3155 [329ς
1663 3116 1733 3144 tum
1755 3111 1828 3144 rell.
1856 3114 1894 3145 O.

137 3157 243 3198 [Quae
267 3159 311 3190 sit
333 3158 436 3192 lectio
460 3162 492 3192 in
517 3162 556 3199 V,
582 3162 754 3194 Brunnius
780 3162 986 3203 dignoscere
1011 3170 1080 3194 non
1104 3163 1231 3204 potuit:
1270 3172 1351 3195 nam
1375 3165 1547 3205 scriptura
1571 3165 1605 3195 in
1629 3171 1706 3203 pag.
1734 3162 1807 3193 448.
1835 3171 1897 3194 co-

137 3207 222 3240 dicis
246 3208 318 3240 fere
342 3212 412 3242 tota
438 3211 602 3252 evanuit]
631 3230 666 3234 —
692 3213 745 3244 24.
771 3222 841 3244 rem
864 3221 963 3251 quam
988 3212 1020 3242 in
1041 3222 1074 3251 p.
1100 3211 1190 3252 [342
1207 3213 1241 3244 F.
1265 3230 1298 3235 --
1324 3213 1405 3252 seret
1427 3214 1531 3254 [329.
1553 3229 1587 3235 -
1615 3213 1668 3244 22.
1693 3213 1727 3243 in
1746 3221 1825 3252 pop.
1842 3213 1894 3254 R.]

136 3257 170 3287 in
189 3257 317 3296 publico
340 3259 441 3300 [342.
471 3279 506 3283 —-
532 3261 585 3292 26.
611 3262 821 3292 comitatibus
844 3262 884 3292 V.
914 3280 947 3284 -—
980 3262 1032 3292 ⁶27.
1059 3270 1091 3293 se
1114 3270 1182 3293 om.
1208 3262 1250 3294 V.
1278 3280 1314 3285 —
1347 3267 1469 3303 negant
1491 3263 1520 3293 V
1543 3264 1577 3294 et
1599 3260 1693 3293 rell:
1718 3265 1895 3302 neyant'se

138 3307 239 3346 [342.
267 3325 302 3331 —
328 3309 381 3341 28.
406 3309 564 3350 Sosippus
585 3310 631 3341 V:
659 3311 758 3342 Sotiis
780 3310 888 3351 [342;
927 3310 1097 3350 Sophocles
1118 3310 1193 3342 rell.
1219 3312 1255 3343 O.
1284 3328 1321 3334 —
1346 3313 1532 3353 Ayriyencis
1555 3311 1656 3352 [342.
1685 3329 1720 3334 ——
1747 3314 1829 3351 aput
1849 3312 1889 3344 V.

142 3373 173 3379 —
203 3355 256 3388 29.
281 3360 378 3397 atque
399 3360 518 3392 virtute
543 3359 643 3400 [342.
673 3378 708 3383 -
734 3361 787 3393 30.
813 3364 843 3392 et
865 3360 990 3400 copiose
1012 3360 1041 3390 V
1064 3362 1099 3391 et
1121 3359 1163 3392 4:
1190 3369 1230 3391 ac
1251 3369 1322 3400 cop.
1347 3360 1422 3393 rell.
1450 3379 1484 3384 —
1512 3361 1565 3392 34.
1589 3361 1638 3392 his
1659 3359 1761 3401 [342.
