2127 3708
222 237 275 279 70
605 238 804 281 ORATIO
833 239 935 279 PRO
968 238 1084 278 SEX.
1113 235 1307 277 ROSCIO
1336 234 1575 275 AMERINO

220 353 300 394 fuit
328 358 410 392 tam
441 351 647 398 nefarius,
681 351 774 405 quis
804 351 938 403 pirata
967 355 1048 388 tam
1078 348 1299 394 barbarus,
1329 352 1394 393 ut,
1426 359 1518 386 cum
1539 346 1739 397 integram
1762 344 1958 397 praedam

220 415 309 454 sine
339 415 539 467 sanguine
569 414 721 454 habere
753 417 913 465 posset,
945 416 1113 450 cruenta
1136 410 1270 462 spolia
1292 409 1506 449 detrahere
1528 407 1700 447 mallet?
1743 403 1837 446 447.
1868 407 1957 446 Scis

219 476 330 515 hunc
359 476 463 515 nihil
493 476 667 522 habere,
697 474 801 514 nihil
832 473 1006 519 audere,
1036 471 1141 511 nihil
1171 484 1316 523 posse,
1348 470 1449 509 nihil
1482 481 1678 522 umquam
1708 474 1851 508 contra
1871 481 1958 508 rem

219 543 334 577 tuam
372 538 599 591 cogitasse;
639 542 680 576 et
716 542 853 576 tamen
889 546 1106 586 oppugnas
1146 545 1261 579 eum,
1302 545 1425 584 quem
1460 544 1595 584 neque
1626 535 1809 570 metuere
1840 535 1959 582 potes

187 605 356 653 5neque
401 599 540 639 odisse
581 598 707 638 debes
744 610 819 636 nec
859 595 1087 649 quidquam
1118 594 1200 632 iam
1230 593 1382 633 habere
1412 594 1562 647 reliqui
1592 593 1730 638 vides,
1777 592 1890 646 quod
1921 592 1959 631 ei

220 661 436 701 detrahere
467 661 628 713 possis:
659 659 739 698 nisi
768 659 847 697 hoc
878 657 1094 710 indignum
1125 662 1268 708 putas,
1301 656 1413 708 quod
1435 656 1629 694 vestitum
1659 655 1804 694 sedere
1835 654 1878 693 in
1899 654 1961 693 iu-

220 723 330 762 dicio
360 722 496 769 vides,
537 735 661 775 quem
693 725 735 759 tu
766 733 787 759 e
819 719 1069 772 patrimonio
1101 723 1312 770 tamquam
1344 730 1365 755 e
1396 716 1610 770 naufragio
1642 717 1800 756 nudum
1831 729 1962 767 expu-

219 784 317 824 listi.
377 784 506 832 Quasi
551 796 649 823 vero
695 782 855 821 nescias
897 780 1008 820 hunc
1049 785 1090 820 et
1119 780 1171 818 ali
1203 784 1244 818 et
1274 779 1414 817 vestiri
1445 792 1468 817 a
1500 779 1700 825 Caecilia,
1746 776 1960 831 [Balearici

218 844 325 894 filia,
355 846 528 899 Nepotis
559 841 748 895 sorore‚]
784 842 1085 895 spectatissima
1115 841 1287 887 femina,
1324 854 1429 893 quae
1460 854 1552 880 cum
1584 841 1859 880 clarissimum
1890 852 1963 892 pa-

171 915 206 944 40
220 913 341 955 trem,
372 907 652 959 amplissimos
684 912 875 958 patruos,
921 905 1231 944 ornatissimum
1262 903 1429 941 fratrem
1459 903 1650 950 haberet,
1682 909 1837 949 tamen,
1869 916 1961 941 cum

220 975 328 1009 esset
359 969 528 1015 mulier,
558 968 710 1007 virtute
741 967 933 1019 perfecit,
964 973 1031 1013 ut,
1064 972 1219 1019 quanto
1251 965 1410 1003 honore
1440 965 1531 1017 ipsa
1562 979 1613 1004 ex
1640 965 1805 1004 illorum
1829 963 1963 1017 digni-

219 1036 302 1069 tate
342 1028 594 1077 afficeretur,
640 1042 724 1068 non
770 1029 930 1068 minora
973 1029 1055 1068 illis
1101 1032 1343 1067 ornamenta
1386 1039 1437 1065 ex
1482 1040 1555 1066 sua
1596 1027 1717 1066 laude
1758 1027 1961 1066 redderet.

219 1094 282 1131 LI.
316 1090 407 1132 ³148.
438 1094 500 1131 An
533 1093 646 1145 quod
678 1092 898 1144 diligenter
927 1091 1183 1136 defenditur,
1225 1089 1265 1127 id
1305 1088 1378 1127 tibi
1410 1088 1627 1141 indignum
1657 1088 1816 1127 facinus
1848 1087 1962 1127 vide-

219 1156 319 1194 tur?
378 1154 479 1194 Mihi
513 1155 657 1201 crede,
697 1154 729 1193 si
760 1167 835 1206 pro
868 1154 995 1206 patris
1026 1152 1150 1191 huius
1182 1150 1374 1203 hospitiis
1406 1155 1447 1189 et
1476 1150 1606 1202 gratia
1635 1150 1789 1189 vellent
1818 1162 1961 1189 omnes

171 1227 206 1257 »15
220 1217 344 1256 huius
372 1216 562 1269 hospites
590 1217 735 1256 adesse
767 1221 807 1255 et
836 1216 1037 1255 auderent
1066 1215 1195 1253 libere
1227 1212 1472 1259 defendere,
1505 1212 1603 1251 satis
1630 1212 1799 1264 copiose
1821 1211 1962 1250 defen-

220 1279 408 1326 deretur;
447 1278 511 1317 sin
548 1283 685 1318 autem
726 1291 801 1330 pro
832 1277 1116 1329 magnitudine
1149 1275 1324 1315 iniuriae
1356 1288 1516 1327 proque
1549 1287 1619 1320 eo,
1661 1274 1773 1327 quod
1803 1285 1964 1313 summa

218 1354 284 1380 res
313 1341 479 1393 publica
509 1340 551 1379 in
582 1340 707 1380 huius
738 1339 924 1392 periculo
957 1344 1157 1385 tentatur,
1200 1338 1302 1377 haec
1334 1349 1479 1375 omnes
1506 1336 1785 1382 vindicarent,
1827 1333 1964 1374 consi-

220 1408 326 1442 stere
371 1402 607 1442 mehercule
646 1402 764 1442 vobis
802 1402 880 1440 isto
922 1401 963 1439 in
1004 1401 1095 1440 loco
1136 1413 1219 1439 non
1258 1399 1412 1439 liceret.
1471 1399 1588 1437 Nunc
1620 1397 1677 1436 ita
1707 1396 1964 1443 defenditur,

219 1478 303 1504 non
334 1478 432 1505 sane
463 1470 510 1504 ut
539 1465 712 1504 moleste
742 1464 848 1503 serre
879 1463 1103 1502 adversarii
1136 1462 1331 1508 debeant,
1363 1473 1499 1513 neque
1530 1465 1577 1499 ut
1607 1474 1650 1498 se
1681 1459 1868 1512 potentia
1897 1471 1966 1498 su-

170 1538 206 1567 20
219 1527 354 1579 perari
384 1531 542 1579 putent.
604 1523 695 1565 «149.
729 1525 844 1574 Quae
875 1525 986 1564 domi
1019 1524 1198 1576 gerenda
1230 1528 1346 1569 sunt,
1383 1536 1430 1561 ea
1463 1535 1535 1574 per
1567 1522 1787 1561 Caeciliam
1817 1520 1966 1560 transi-

219 1594 392 1641 guntur:
422 1588 500 1627 fori
524 1588 752 1641 iudiciique
775 1588 977 1627 rationem
999 1588 1051 1626 M.
1074 1585 1263 1631 Messala,
1295 1590 1340 1623 ut
1360 1584 1523 1629 videtis,
1555 1584 1727 1630 iudices,
1760 1582 1964 1635 suscepit3

222 1651 293 1704 qui
325 1650 357 1689 si
388 1651 468 1690 iam
501 1651 600 1690 satis
631 1650 777 1689 aetatis
809 1663 855 1689 ac
876 1649 1037 1688 roboris
1060 1648 1251 1693 haberet,
1284 1647 1371 1699 ipse
1395 1659 1467 1699 pro
1492 1646 1586 1685 Sex.
1608 1646 1758 1685 Roscio
1782 1645 1965 1691 diceret3

223 1712 420 1766 quoniam
451 1712 501 1751 ad
534 1712 755 1751 dicendum
787 1711 1084 1763 impedimento
1117 1715 1179 1749 est
1208 1715 1320 1748 aetas
1353 1714 1392 1748 et
1423 1708 1576 1760 pudor,
1609 1708 1680 1760 qui
1704 1712 1823 1746 ornat
1856 1711 1966 1746 aeta-

222 1780 325 1822 tem,
357 1788 522 1814 causam
555 1774 655 1813 mihi
685 1773 876 1819 tradidit,
910 1786 1032 1825 quem
1064 1785 1137 1811 sua
1169 1784 1293 1810 causa
1323 1783 1471 1822 cupere
1503 1783 1549 1809 ac
1581 1770 1730 1808 debere
1760 1767 1967 1819 intellige-

172 1838 312 1877 55bat:
352 1837 442 1890 ipse
475 1836 740 1883 assiduitate,
781 1835 980 1882 consilio,
1023 1834 1290 1879 auctoritate,
1323 1832 1536 1884 diligentia
1568 1831 1762 1883 perfecit,
1795 1834 1840 1869 ut
1870 1829 1964 1868 Sex.

222 1899 361 1939 Roscii
392 1899 475 1938 vita
506 1903 647 1951 erepta
678 1897 728 1936 de
760 1897 951 1936 manibus
973 1902 1178 1936 sectorum
1205 1895 1420 1934 sententiis
1442 1894 1625 1933 iudicum
1647 1892 1965 1946 permitteretur.

222 1962 444 2007 Nimirum,
487 1961 667 2007 iudices,
708 1972 783 2012 pro
825 1959 902 1998 hac
942 1959 1159 1998 nobilitate
1199 1971 1294 2010 pars
1333 1957 1512 1996 maxima
1551 1956 1730 1995 civitatis
1769 1955 1812 1994 in
1843 1954 1966 1994 armis

222 2024 321 2071 fuit;
352 2024 455 2063 haec
486 2029 575 2063 acta
605 2036 670 2062 res
703 2028 786 2069 est,
818 2027 863 2061 ut
893 2021 920 2060 ii
945 2020 1107 2059 nobiles
1129 2020 1445 2059 restituerentur
1467 2019 1506 2058 in
1531 2019 1762 2064 civitatem,
1796 2016 1866 2070 qui
1887 2015 1967 2055 hoc

222 2086 426 2132 facerent,
470 2086 583 2138 quod
622 2084 756 2124 facere
789 2083 1007 2123 Messalam
1040 2082 1210 2128 videtis,
1253 2082 1322 2134 qui
1355 2087 1475 2133 caput
1508 2079 1741 2119 innocentis
1771 2077 1967 2117 defende-

174 2157 210 2188 30
224 2154 335 2194 rent,
368 2147 439 2200 qui
471 2147 648 2186 iniuriae
680 2147 942 2192 resisterent,
984 2144 1076 2197 qui,
1109 2149 1309 2196 quantum
1341 2149 1533 2196 possent,
1564 2143 1606 2181 in
1637 2142 1768 2181 salute
1799 2141 1966 2180 alterius

227 2223 351 2263 quam
397 2209 439 2247 in
485 2209 614 2247 exitio
656 2209 825 2247 mallent
864 2207 1096 2246 ostendere.
1156 2205 1277 2252 Quod
1316 2205 1349 2243 si
1382 2218 1546 2250 omnes,
1593 2204 1663 2257 qui
1696 2203 1842 2243 eodem
1874 2202 1965 2241 loco

225 2271 309 2310 nati
341 2276 457 2318 sunt,
497 2270 701 2318 facerent,
738 2275 777 2309 et
807 2283 871 2309 res
902 2268 1069 2321 publica
1099 2281 1150 2307 ex
1181 2267 1262 2306 illis
1294 2273 1334 2306 et
1363 2267 1442 2320 ipsi
1476 2280 1526 2305 ex
1557 2265 1712 2305 invidia
1743 2265 1878 2304 minus
1908 2264 1966 2303 la-

225 2333 432 2372 horarent.

311 2556 342 2586 2.
364 2554 465 2594 possit.
486 2562 519 2584 v,
548 2571 582 2574 ——
619 2553 684 2584 scio
708 2554 743 2584 G.
773 2571 807 2574 -
844 2552 874 2584 3.
905 2553 988 2584 hunc
1018 2553 1079 2583 Ma
1095 2561 1134 2583 c:
1172 2561 1256 2583 nunc
1280 2553 1357 2589 Gv,
1393 2552 1412 2582 ὃ
1437 2553 1517 2582 Oxx.
1547 2568 1580 2571 -—
1611 2551 1690 2589 rem]
1715 2559 1783 2581 rem
1803 2549 1968 2589 publicam

227 2607 263 2637 G.
292 2623 325 2627 —
353 2604 383 2636 4.
410 2613 481 2635 eum
505 2612 573 2634 om.
600 2604 637 2634 G.
666 2621 700 2624 —
728 2603 757 2633 5.
784 2603 851 2633 iam
874 2602 992 2633 habere
1016 2603 1084 2633 GM
1098 2610 1140 2631 v:
1170 2602 1285 2633 habere
1309 2604 1375 2632 iam
1399 2602 1500 2631 Oac.
1531 2618 1564 2622 —
1590 2600 1687 2640 rides]
1714 2600 1832 2631 iudices
1856 2600 1898 2631 M.
1929 2616 1963 2622 —

227 2656 256 2686 6.
282 2655 452 2694 indiynum
475 2671 491 2676 -
507 2671 525 2676 -
549 2662 643 2692 quem
668 2661 735 2684 om.
762 2654 797 2683 G.
827 2671 862 2674 ——
897 2653 926 2683 7.
953 2656 987 2683 ta
1010 2652 1035 2693 e]
1068 2655 1101 2682 tu
1125 2661 1146 2682 a
1170 2654 1213 2689 G3
1244 2661 1259 2683 e
1282 2660 1351 2682 om.
1377 2660 1407 2681 v.
1437 2668 1471 2671 —
1505 2650 1535 2681 8.
1563 2653 1590 2680 el
1614 2650 1659 2680 ali
1684 2650 1804 2680 nutriri
1827 2658 1848 2680 a
1872 2649 1964 2681 Caec.

225 2714 258 2735 v.
288 2722 321 2725 —
348 2703 512 2734 Balearica·
536 2704 663 2734 Manut.
692 2702 804 2734 4540:
839 2702 987 2733 Balearis
1008 2703 1065 2733 ST
1082 2709 1111 2738 ψ
1125 2711 1145 2731 x·
1159 2711 1177 2732 a
1192 2710 1231 2738 ος
1259 2701 1410 2732 Baleares
1427 2701 1469 2736 (ἒς
1496 2699 1640 2730 Baliaris
1657 2700 1706 2736 M;
1733 2699 1867 2730 Bellarii
1884 2699 1907 2730 C
1924 2699 1965 2730 Η.

228 2753 391 2785 Ceterum
427 2753 514 2783 haec
548 2762 602 2783 vv,
629 2753 665 2782 ut
700 2751 871 2791 glossema
902 2760 981 2782 cum
1015 2751 1188 2792 plerisque
1219 2751 1344 2782 criticis
1374 2749 1511 2781 seclusi.
1541 2767 1575 2771 —
1609 2749 1639 2779 9.
1666 2748 1747 2779 clar.
1771 2751 1900 2787 patrem
1923 2749 1964 2779 G:

222 2807 353 2842 patrem
376 2802 456 2833 clar.
484 2801 584 2833 codd.
612 2800 683 2832 rell.
711 2801 799 2839 noti,
826 2802 862 2832 O.
891 2819 925 2822 »-
960 2801 1008 2832 40.
1040 2800 1158 2840 lamen}
1191 2805 1258 2831 tum
1280 2809 1311 2831 v.
1340 2817 1373 2820 —
1410 2800 1460 2830 «11.
1488 2802 1608 2837 quanto
1631 2798 1674 2838 h.]
1701 2807 1800 2837 quum
1823 2801 1912 2828 tanto
1934 2797 1964 2828 h.

228 2854 314 2884 coni.
335 2854 433 2889 Ern.;
460 2856 708 2891 quanlocunque
730 2852 759 2882 h.
781 2853 869 2883 coni.
890 2850 1008 2882 Lamb.
1031 2870 1064 2873 —
1093 2852 1143 2882 112.
1170 2852 1362 2892 adficeretur
1379 2851 1415 2880 G.
1438 2865 1470 2870 -
1500 2848 1550 2880 Η.
1576 2849 1681 2887 patris
1703 2848 1797 2878 huius
1813 2848 1964 2878 GMva:

222 2903 331 2942 pao-is
353 2903 420 2934 eius
443 2903 520 2937 Oc,
556 2901 656 2932 codd.
684 2900 771 2937 rell..
798 2903 834 2932 ut
856 2901 1003 2932 videtur.
1052 2902 1083 2932 Si
1110 2901 1190 2941 quid
1217 2899 1418 2932 mutandum
1445 2900 1516 2934 cst,
1549 2899 1659 2938 potius
1684 2898 1715 2928 in
1740 2896 1967 2936 sequentibus

227 2962 335 2983 omnes
368 2953 435 2983 eius
467 2952 602 2990 hospites
631 2951 889 2982 emendandum
914 2953 973 2981 aut
995 2949 1141 2982 alterum
1165 2952 1259 2982 huius
1281 2949 1467 2980 delendum
1493 2948 1638 2978 videtur.
1668 2963 1701 2968 —
1728 2946 1860 2984 hospitis
1883 2947 1911 2977 M
1927 2954 1964 2984 a,

228 3001 246 3033 4
264 3002 345 3032 Oxx.
373 3019 407 3022 ——
436 3001 486 3032 ⁴6.
508 3000 644 3041 proque]
665 3010 728 3039 pro
752 3002 821 3031 Gv.
844 3018 878 3021 —
903 3009 1031 3030 sunzma
1055 3010 1104 3031 res
1125 3010 1157 3039 p.
1186 3002 1210 3031 G
1225 3001 1273 3036 M,
1300 2997 1393 3034 Pall..
1419 3001 1454 3029 ut
1479 2997 1595 3028 Lanib.
1617 2997 1648 3027 in
1674 2996 1752 3027 adn.
1771 2995 1965 3034 suspicatus

229 3053 302 3082 est:
337 3059 463 3081 summa
488 3051 586 3089 reip.
613 3058 680 3087 ac,
715 3050 854 3086 Franc.;
892 3058 1019 3080 summa
1047 3059 1091 3080 re.
1122 3059 1155 3088 p.
1190 3050 1256 3080 ΤΥ.
1296 3065 1327 3071 -
1367 3048 1416 3078 Π.
1450 3050 1626 3086 temptatur
1649 3047 1685 3076 G.
1716 3062 1749 3066 —
1786 3044 1968 3074 iudicarent

228 3106 306 3138 wv.
336 3118 369 3120 —
409 3100 459 3130 49.
484 3107 562 3130 sane
584 3103 618 3130 ul
643 3108 703 3129 non
729 3098 749 3132 8
775 3100 806 3130 in
833 3107 940 3137 marg.
970 3116 1002 3120 —
1030 3100 1082 3130 Υ20.
1109 3099 1329 3137 transiqenlm·
1349 3106 1379 3127 v,
1403 3115 1434 3119 —
1464 3098 1513 3127 21.
1541 3097 1585 3127 Μ.
1605 3098 1681 3126 Gar.
1701 3095 1744 3125 ΞΛ
1771 3102 1838 3125 om.
1863 3102 1967 3134 prae-

229 3158 355 3180 nomen
380 3149 532 3180 codices.
560 3166 594 3171 —
620 3150 759 3180 Messala
786 3150 1043 3184 GMCSx-ac‚
1071 3150 1180 3179 Parr.:
1211 3147 1360 3179 Messalla
1386 3147 1417 3177 L.
1449 3164 1481 3168 —
1508 3146 1559 3176 ⁶22.
1586 3154 1625 3176 ac
1649 3146 1674 3174 G
1688 3145 1761 3175 212:
1799 3147 1826 3174 el
1850 3152 1889 3179 v;
1915 3146 1967 3173 at-

229 3208 289 3238 que
311 3199 423 3239 vulgo.
445 3217 479 3220 —
505 3198 729 3238 ⁶23.q110niam
754 3202 863 3229 autem
887 3198 930 3228 ad
954 3198 983 3228 d.
1011 3200 1046 3228 G.
1078 3216 1110 3219 —
1139 3207 1201 3236 qno
1225 3201 1319 3227 orna!
1337 3198 1360 3227 G
1387 3194 1491 3227 solus.
1522 3213 1553 3217 -
1581 3193 1632 3225 24.
1659 3202 1752 3232 quem
1775 3193 1843 3224 GM
1856 3200 1963 3222 vae:

229 3258 327 3288 quam
350 3250 368 3279 5
393 3250 472 3280 Oxx.
502 3265 536 3270 —
564 3249 614 3280 25.
638 3249 771 3288 perfecit
794 3257 862 3279 om.
888 3257 920 3278 v.
949 3263 982 3269 —-
1010 3247 1061 3278 ⁹26.
1083 3247 1399 3286 praetermittet-elur
1421 3247 1458 3275 G.
1487 3260 1522 3266 -
1557 3244 1605 3275 28.
1631 3245 1664 3273 ut
1689 3243 1711 3272 ii
1734 3241 1867 3281 Madvig
1892 3242 1963 3281 (Op.

228 3299 268 3329 ΙΙ.
295 3307 327 3337 p.
352 3298 461 3338 327.):
497 3301 533 3329 ul
563 3306 605 3335 v3
634 3298 682 3328 uti
717 3297 817 3328 codd.
852 3297 888 3328 O.
917 3315 952 3319 —
989 3296 1039 3327 30.
1070 3297 1104 3327 in
1133 3297 1268 3327 salutem
1292 3297 1332 3333 G,
1367 3293 1435 3326 Pal.
1462 3295 1506 3333 1.,
1532 3295 1578 3325 St.
1604 3293 1690 3324 Vict.
1718 3309 1753 3313 —
1790 3291 1840 3324 31,
1868 3300 1967 3331 quam

230 3355 299 3378 om.
327 3348 362 3378 G.
391 3365 425 3369 —
453 3347 507 3387 qui
529 3347 563 3378 in
585 3347 694 3379 eodem
717 3348 753 3378 G.
782 3364 817 3370 —
843 3346 895 3378 32.
920 3347 991 3379 nati
1013 3346 1075 3377 sint.
1097 3346 1229 3385 Μίχν.
