2175 3718
269 254 348 296 482
757 257 811 296 IN
840 255 1058 295 VERREM
1088 253 1247 294 ACTIO
1281 252 1522 294 SECUNDA

377 368 444 408 VI.
475 367 528 408 At
557 369 664 408 enim
696 368 820 408 istum
852 368 979 407 Siculi
1011 367 1089 406 soli
1120 372 1453 420 persequuntur:
1493 367 1602 406 cives
1632 366 1828 413 Romani,
1870 367 1942 420 qui
1970 369 2013 408 in

266 430 406 471 Sicilia
425 430 712 483 negotiantur,
743 430 989 476 defendunt,
1013 430 1209 481 diligunt,
1232 430 1391 469 salvum
1414 442 1504 469 esse
1528 429 1713 481 cupiunt.
1734 450 1788 457 -
1817 429 2012 478 Primum,

265 494 298 533 si
327 493 385 532 ita
414 498 544 540 esset,
581 498 717 532 tamen
748 506 821 532 vos
852 492 894 530 in
923 492 1000 530 hac
1032 491 1277 544 quaestione
1309 490 1360 529 de
1391 492 1578 544 pecuniis
1610 490 1871 542 repetundis,
1905 505 2012 544 quae

264 556 473 595 sociorum
513 568 637 595 causa
669 555 895 594 constituta
925 559 986 592 est
1016 553 1106 605 lege
1138 553 1379 606 iudicioque
1410 553 1578 600 sociali,
1620 552 1830 592 sociorum
1875 554 2013 605 queri-

230 618 422 661 smonias
465 617 608 658 audire
653 622 875 670 oporteret.
951 612 1009 654 16.
1051 614 1131 654 Sed
1171 615 1404 667 intelligere
1443 615 1636 668 potuistis
1681 615 1819 667 priore
1849 616 2011 655 actione

261 680 372 720 cives
410 681 619 719 Romanos
659 678 975 718 honestissimos
1014 690 1065 716 ex
1099 677 1238 716 Sicilia
1276 676 1478 729 plurimos
1516 677 1707 716 maximis
1738 676 1789 716 de
1819 677 1942 716 rebus
1973 681 2014 717 et

261 756 365 796 quas
395 743 474 795 ipsi
505 743 763 795 accepissent
793 740 965 779 iniurias
996 745 1035 779 et
1066 753 1170 793 quas
1206 739 1358 778 scirent
1388 739 1481 779 aliis
1512 752 1602 779 esse
1632 739 1760 779 factas
1790 752 1865 792 pro
1898 740 2013 779 testi-

259 806 400 846 monio
431 805 581 845 dicere.
639 804 726 855 Ego
766 803 867 849 hoc,
909 801 1021 854 quod
1052 801 1261 853 intelligo,
1300 801 1480 849 iudices,
1521 802 1579 841 sic
1611 802 1836 841 confirmo:
1866 801 2013 842 videor

258 869 360 908 mihi
390 871 551 920 gratum
571 865 721 904 secisse
745 863 913 910 Siculis,
946 864 1061 917 quod
1093 876 1236 903 eorum
1257 863 1429 903 iniurias
1458 877 1550 903 meo
1572 864 1735 911 labore,
1767 863 2010 910 inimicitiis,

209 943 244 972 40
257 930 443 985 periculo
475 941 566 968 sum
596 931 860 980 persecutus:
899 938 983 964 non
1015 926 1150 965 minus
1180 925 1259 964 hoc
1288 931 1449 977 gratum
1481 939 1545 965 me
1576 927 1731 966 nostris
1762 926 1919 965 civibus
1950 926 2011 965 iu-

256 994 396 1045 telligo
428 990 598 1036 fecisse,
646 990 718 1042 qui
747 989 827 1027 hoc
863 988 1123 1034 existimant,
1153 988 1276 1035 iuris,
1307 988 1531 1035 libertatis,
1562 1002 1699 1028 rerum
1730 989 2010 1029 fortunarum-

257 1068 339 1109 que
370 1066 536 1094 suarum
569 1051 745 1091 salutem
776 1051 818 1090 in
848 1050 967 1090 istius
999 1049 1267 1089 damnatione
1298 1051 1538 1090 consistere.
1585 1048 1649 1089 117.
1673 1051 1937 1104 Quapropter
1958 1051 2009 1092 de

253 1117 372 1157 istius
403 1120 597 1168 praetura
628 1113 834 1152 Siciliensi
863 1125 947 1152 non
969 1125 1116 1152 recuso
1140 1113 1240 1165 quin
1262 1113 1315 1151 ita
1344 1125 1408 1152 me
1429 1113 1628 1160 audiatis,
1660 1119 1725 1160 ut,
1758 1115 1792 1153 si
1813 1114 2008 1167 cuiquam

253 1178 394 1231 generi
424 1176 642 1216 hominum
674 1176 759 1214 sive
792 1175 1026 1214 Siculorum
1059 1175 1143 1214 sive
1175 1179 1412 1214 nostrorum
1449 1176 1620 1222 civium,
1653 1175 1687 1214 si
1719 1176 1913 1229 cuiquam
1944 1189 2009 1215 or-

205 1240 338 1282 15dini
377 1240 462 1279 sive
500 1243 710 1278 aratorum
751 1239 836 1277 sive
872 1238 1162 1290 pecuariorum
1204 1239 1289 1277 sive
1322 1242 1600 1278 mercatorum
1631 1238 1830 1290 probatus
1861 1239 1932 1286 sit,
1974 1238 2007 1278 si

251 1315 335 1342 non
366 1302 516 1342 horum
547 1301 731 1341 omnium
763 1300 994 1339 communis
1025 1300 1158 1339 hostis
1189 1300 1430 1354 praedoque
1460 1300 1606 1347 fuerit,
1645 1301 1679 1340 si
1710 1301 1905 1353 cuiquam
1937 1299 2008 1339 de-

251 1366 378 1419 nique
410 1364 496 1404 ulla
525 1365 567 1403 in
598 1376 641 1402 re
668 1376 866 1416 umquam
889 1363 1202 1415 temperaverit:
1234 1370 1279 1402 ut
1301 1376 1373 1402 vos
1397 1376 1566 1416 quoque
1598 1364 1635 1402 ei
1667 1363 1918 1416 temperetis.

363 1427 445 1475 Qui
484 1425 607 1465 simul
646 1431 771 1478 atque
812 1426 848 1465 ei
890 1431 999 1465 sorte
1034 1425 1247 1478 provincia
1279 1424 1422 1464 Sicilia
1452 1425 1641 1471 obvenit,
1681 1425 1819 1465 statim
1851 1425 2006 1465 Romae

251 1494 291 1529 et
320 1490 371 1529 ad
403 1489 570 1534 urbem,
602 1493 826 1540 antequam
857 1488 1212 1540 proficisceretur,
1253 1500 1453 1541 quaerere
1485 1488 1575 1540 ipse
1608 1502 1748 1528 secum
1780 1492 1820 1526 et
1851 1488 2006 1540 agitare

199 1564 236 1593 20
250 1565 344 1592 cum
375 1552 461 1592 suis
493 1550 653 1602 coepit,
695 1550 945 1602 quibusnam
977 1550 1099 1590 rebus
1132 1550 1173 1588 in
1206 1563 1253 1588 ca
1283 1550 1498 1602 provincia
1529 1551 1749 1589 maximam
1779 1564 1863 1591 uno
1896 1564 2004 1591 anno

247 1615 467 1668 pecuniam
497 1612 634 1652 facere
666 1618 818 1665 posset.
877 1612 1052 1652 Nolebat
1090 1613 1131 1652 in
1167 1611 1327 1663 agendo
1369 1612 1528 1651 discere
1577 1610 1751 1663 (tametsi
1793 1625 1877 1652 non
1907 1627 2003 1666 pro-

246 1676 407 1716 vinciae
437 1674 552 1714 rudis
584 1680 671 1713 erat
702 1679 741 1713 et
773 1672 879 1723 tiro),
911 1675 982 1714 sed
1017 1673 1072 1728 [iu
1096 1672 1291 1726 Siciliain]
1326 1680 1494 1727 paratus
1521 1674 1571 1714 ad
1605 1674 1799 1727 praedam
1831 1675 2004 1715 niedita-

247 1743 400 1792 tusque
444 1737 585 1777 venire
632 1737 835 1789 cupiebat.
903 1734 959 1775 18.
1002 1737 1035 1776 Ο
1077 1736 1287 1789 praeclare
1328 1737 1562 1776 coniectum
1602 1750 1625 1775 a
1664 1736 1787 1788 vulgo
1819 1736 2004 1776 inillam

245 1799 506 1854 provinciam
551 1812 674 1839 omen
718 1801 948 1839 communis
991 1798 1125 1838 fauiae
1171 1805 1296 1852 atque
1339 1799 1570 1839 sermonis!
1618 1812 1709 1838 cum
1753 1811 1805 1836 ex
1835 1799 2003 1838 nomine

197 1876 233 1905 25
246 1863 386 1909 istius,
419 1862 519 1915 quid
550 1862 629 1902 iste
659 1863 701 1902 in
733 1862 948 1914 provincia
978 1861 1162 1901 facturus
1195 1868 1324 1909 esset,
1364 1861 1613 1916 perridicule
1653 1861 1842 1900 homines
1873 1874 2003 1914 augu-

244 1925 454 1965 rabantur.
513 1925 677 1965 Etenim
709 1926 802 1978 quis
834 1924 1021 1964 dubitare
1052 1931 1216 1977 posset,
1262 1938 1355 1965 cum
1386 1926 1504 1964 istius
1535 1924 1577 1963 in
1609 1928 1833 1977 quaestura
1861 1922 2001 1977 fugam

245 1993 285 2028 et
313 1987 470 2026 furtum
500 1991 841 2040 recognosceret,
879 2000 971 2026 cum
1002 1987 1044 2026 in
1076 1987 1284 2039 legatione
1316 1988 1565 2040 oppidorum
1596 1986 1874 2038 fanorumque
1906 2000 2001 2039 spo-

242 2050 435 2090 liationes
467 2050 686 2102 cogitaret,
718 2063 811 2088 cum
842 2049 1001 2090 videret
1031 2050 1073 2089 in
1104 2050 1194 2089 soro
1227 2049 1443 2090 latrocinia
1472 2054 1712 2102 praeturae,
1758 2048 1892 2101 qualis
1921 2049 2000 2088 iste

242 2113 285 2152 iu
316 2117 464 2166 quarto
496 2117 592 2151 actu
622 2112 897 2164 improbitatis
918 2112 1082 2152 futurus
1108 2115 1242 2152 esset?
1288 2113 1376 2152 Vll.
1407 2113 1542 2165 Atque
1567 2117 1610 2150 ut
1642 2109 1882 2162 intelligatis
1905 2122 1999 2150 eum

192 2187 229 2215 30
242 2175 398 2214 Romae
432 2175 646 2227 quaesisse
667 2187 750 2213 non
774 2175 896 2214 modo
917 2188 1067 2227 genera
1089 2174 1276 2221 furandi,
1308 2175 1380 2214 sed
1403 2175 1525 2213 etiam
1550 2174 1739 2219 nomina,
1772 2172 1999 2212 certissima

242 2237 416 2289 accipite
447 2241 711 2289 argumenta,
744 2249 827 2289 quo
858 2235 1021 2276 facilius
1053 2236 1104 2275 de
1135 2237 1336 2290 singulari
1369 2237 1458 2276 eius
1479 2235 1737 2288 impudentia
1758 2235 1998 2274 existimare

241 2299 421 2352 possitis.
482 2296 546 2337 49.
589 2298 682 2346 Quo
726 2299 791 2338 die
833 2299 1013 2338 Siciliam
1055 2300 1210 2351 attigit,
1252 2298 1421 2351 (videte,
1461 2299 1613 2337 satisne
1645 2302 1812 2350 paratus
1843 2310 1895 2336 ex
1924 2297 1996 2337 illo

241 2362 379 2401 omine
411 2361 570 2401 urbano
602 2361 654 2400 ad
676 2361 945 2401 everrendam
967 2362 1223 2414 provinciam
1246 2360 1437 2413 veue1·it,)
1470 2361 1604 2401 statim
1627 2361 1819 2401 Messana
1838 2360 1995 2400 litteras

240 2423 434 2463 Halesam
465 2423 608 2470 mittit,
642 2437 743 2477 quas
775 2436 850 2476 ego
881 2424 1003 2463 istum
1037 2424 1078 2463 in
1109 2425 1224 2464 Italia
1255 2425 1468 2477 scripsisse
1499 2425 1683 2463 arbitror.
1742 2424 1844 2463 Nam
1875 2423 1995 2462 simul

189 2496 227 2526 35
240 2490 364 2539 atque
397 2499 418 2524 e
450 2486 544 2525 navi
575 2499 765 2538 egressus
797 2491 879 2533 est,
912 2486 1024 2526 dedit
1054 2500 1241 2539 operam,
1277 2493 1321 2527 ut
1350 2487 1570 2527 Ilalesinus
1601 2488 1653 2527 ad
1684 2501 1726 2527 se
1755 2487 1832 2527 Dio
1863 2488 1994 2528 conti-

325 2633 355 2663 4.
381 2632 482 2663 Siculi
504 2632 564 2662 soli
586 2630 627 2662 -1;
653 2632 712 2662 soli
734 2633 799 2662 Sic.
825 2632 887 2663 du,
915 2633 952 2663 O.
982 2651 1015 2655 —
1043 2633 1072 2664 3.
1099 2634 1130 2664 iu
1155 2634 1216 2664 hac
1240 2635 1329 2673 [329
1347 2636 1371 2666 Λ
1385 2635 1408 2666 Β
1424 2636 1472 2666 N:
1500 2635 1529 2665 in
1554 2635 1617 2665 isla
1642 2634 1729 2673 Lg'ffl
1755 2644 1787 2675 p.
1807 2644 1855 2667 m.
1882 2653 1917 2658 —
1942 2645 1993 2668 re-

232 2682 378 2722 petendis
404 2681 504 2719 14:42.
527 2699 561 2703 —
589 2681 618 2712 6.
645 2682 719 2712 hon.
745 2691 787 2712 cc
811 2683 844 2713 S.
868 2684 913 2722 pl.
941 2683 981 2714 4:
1008 2692 1051 2713 cr
1074 2686 1107 2714 S.
1130 2685 1176 2723 pl.
1202 2685 1276 2715 lion.
1303 2684 1363 2715 du.
1384 2686 1420 2714 t).
1444 2702 1477 2705 —-
1505 2684 1534 2714 9.
1562 2685 1739 2715 inimic-iliis
1763 2685 1851 2724 ng
1867 2683 1991 2717 421321

238 2733 266 2772 (¹2
285 2731 386 2762 codd.
403 2730 515 2769 l.all.):
545 2731 735 2762 mima-ilias
751 2733 849 2763 ctt.—
873 2731 924 2763 41.
943 2733 1107 2764 homimum
1125 2743 1194 2765 om.
1215 2733 1301 2773 Lgi-‘z
1319 2743 1352 2774 p.
1368 2744 1457 2765 1n.——
1483 2735 1549 2765 sire
1564 2735 1717 2774 cuiquam
1734 2734 1835 2765 codd.
1852 2734 1934 2766 noti.
1951 2751 1987 2757 —

238 2782 289 2812 ⁴7.
308 2781 342 2812 in
367 2789 402 2812 re
418 2789 577 2820 umquam
593 2781 662 2811 ulla
678 2781 779 2821 Lgffl.
802 2800 836 2803 ——
863 2783 1054 2821 temperat-il
1079 2783 1180 2814 codd.
1200 2784 1280 2814 noti.
1300 2783 1421 2824 [Scrib.
1441 2785 1656 2824 temperarit]
1675 2802 1708 2806 -
1736 2785 1764 2816 ei
1787 2788 1882 2824 temp.
1900 2784 1989 2824 Lg42

234 2831 299 2863 AB
315 2831 338 2862 C
354 2832 403 2861 N:
429 2830 458 2861 ei
481 2839 550 2861 om.
573 2832 650 2868 ctt.;
676 2831 705 2862 ei
726 2840 783 2862 cos
807 2840 932 2871 quoquc
955 2834 1136 2871 temperetis
1161 2834 1239 2871 (om.
1258 2834 1303 2874 ut)
1329 2834 1372 2865 de
1391 2835 1465 2865 1101.
1485 2835 1573 2865 coni.
1594 2835 1643 2873 [.,
1671 2834 1734 2865 sed
1758 2834 1933 2875 improbat
1955 2835 1989 2866 in

237 2880 291 2911 ed.
318 2879 413 2912 4584.
438 2896 472 2902 -
501 2879 552 2911 49.
579 2881 621 2910 ad
644 2880 757 2912 urbem
779 2882 858 2912 Asc.
876 2884 977 2913 Arus.
997 2884 1039 2914 M.
1067 2893 1098 2924 p.
1120 2885 1175 2915 ⁴21¹
1197 2894 1203 2914 :
1230 2884 1270 2915 ab
1293 2884 1372 2915 urbe
1395 2884 1496 2915 codd.
1518 2886 1598 2916 noti.
1621 2902 1657 2907 —
1684 2886 1813 2926 agitare
1835 2893 1909 2916 cum
1923 2884 1990 2916 suis

234 2929 265 2968 1,
288 2931 320 2961 Μ
334 2930 355 2961 F
380 2928 448 2961 Pal.
476 2938 547 2961 sec.
563 2931 663 2961 Arus.
690 2931 732 2962 M.
753 2930 772 2961 l.
792 2930 827 2962 l.:
854 2940 928 2962 cum
950 2933 1016 2963 suis
1039 2942 1092 2973 aq.
1120 2935 1146 2965 N
1164 2935 1205 2971 [ς
1232 2935 1377 2975 coqilarc
1399 2944 1471 2965 cum
1495 2935 1560 2965 suis
1583 2935 1644 2966 dtt.
1667 2952 1701 2957 —
1728 2936 1781 2966 Ἣ.
1806 2933 1932 2965 volebat
1946 2935 1985 2965 A.

237 2997 270 3002 —-
297 2980 331 3010 in
347 2980 526 3012 accedendo
549 2980 639 3019 [329
655 2982 693 3011 Α.
723 2998 757 3002 ---
785 2991 846 3012 non
873 2989 941 3013 oin.
963 2983 1051 3022 Lgflss
1069 2984 1104 3014 13.
1128 3002 1162 3006 —
1188 2985 1241 3015 022.
1263 2985 1317 3015 scd
1339 2984 1470 3015 Siciliae
1493 2985 1541 3021 Μς
1568 2986 1594 3015 si
1617 2985 1748 3016 Siciliae
1771 2983 1860 3024 Lgtz‘
1885 2992 1918 3024 p.
1938 2992 1983 3016 m.

232 3029 344 3060 Madv.
364 3030 387 3060 1.
407 3038 440 3070 p.
454 3029 527 3061 342.
547 3027 639 3060 delet
663 3030 697 3060 in
713 3031 860 3062 Siciliam
877 3040 957 3063 cum
975 3032 1174 3071 finitionum
1194 3034 1346 3075 [Siciliae]
1365 3033 1412 3065 Kl.
1440 3034 1478 3065 1-31
1497 3043 1579 3065 sane
1597 3033 1814 3074 glossematis
1830 3035 1986 3075 speciem

233 3077 393 3110 liabct.—-
408 3081 553 3118 paratus
575 3082 647 3110 erat
663 3080 705 3110 ad
723 3080 810 3120 Lgffl
827 3089 860 3122 p.
881 3090 971 3112 1η-
990 3083 1042 3114 “23.
1062 3092 1081 3113 α
1100 3084 1193 3124 volqo
1211 3084 1298 3123 Lg'z‘ss
1313 3085 1343 3115 et
1359 3085 1396 3114 A.
1416 3083 1478 3114 scd
1496 3084 1551 3115 liic
1569 3092 1636 3115 0111.
1652 3093 1674 3115 a
1689 3085 1781 3124 (?)‚—
1799 3085 1852 3115 ⁶25.
1878 3085 1937 3115 isle
1952 3084 1983 3126 4,

233 3127 334 3158 codd.
355 3127 426 3166 Lbi,
454 3129 558 3159 Prisc.
578 3129 600 3159 I.
620 3137 653 3168 p.
673 3129 762 3161 368.;
789 3139 860 3161 orn.
879 3130 940 3162 dtt.
960 3131 997 3162 Ο.
1017 3150 1047 3154 -
1074 3134 1272 3171 perridicule
1295 3135 1319 3165 Α
1334 3135 1360 3165 N
1374 3135 1403 3164 M
1430 3134 1548 3165 Prista:
1573 3136 1764 3173 perridiculi
1787 3136 1845 3166 ctt.
1868 3151 1902 3158 —·
1930 3137 1981 3168 29.

232 3180 309 3207 actu
324 3176 405 3208 boni
423 3177 525 3209 codd.
545 3179 579 3209 et
594 3180 686 3210 Asc:
713 3181 821 3219 ,qt-adu
838 3181 898 3212 dtt.
918 3199 953 3204 -
973 3182 1024 3212 30.
1044 3192 1107 3214 uon
1123 3184 1223 3215 solum
1242 3185 1317 3215 Asc.
1337 3202 1371 3207 —
1396 3185 1575 3216 certissima
1594 3185 1680 3224 [54⁷2
1697 3187 1744 3217 M:
1770 3186 1984 3218 certissimum

232 3227 290 3257 ctt.
317 3227 353 3257 Ο.
382 3245 417 3249 -
451 3227 504 3259 31.
539 3233 733 3268 argyumenla
760 3230 847 3270 Lg'rz
871 3239 905 3271 p.
930 3239 995 3261 1n.:
1023 3237 1254 3272 argumentum
1277 3234 1334 3263 ctt.
1361 3234 1399 3264 O.
1428 3251 1462 3255 —
1489 3234 1540 3264 32.
1568 3235 1675 3274 attigyic
1698 3234 1785 3273 [4742
1811 3243 1843 3275 p.
1862 3243 1909 3266 m.
1928 3246 1979 3275 cp:

230 3276 332 3315 tetigit
355 3278 413 3307 ott..
433 3278 470 3308 Ο.
492 3295 526 3300 ——
554 3278 606 3309 33.
631 3280 758 3310 homine
783 3282 860 3320 ng.
888 3281 1039 3322 (practcr
1063 3281 1112 3321 Δ12)
1138 3284 1214 3314 ΑΒ.
1244 3300 1278 3305 -
1306 3284 1519 3314 everrendam
1542 3285 1566 3315 Α
1582 3285 1680 3315 BNF
1706 3285 1759 3323 (ct.
1785 3285 1911 3317 Fabrit.
1938 3287 1981 3318 ad

229 3325 339 3356 Divin.
366 3336 395 3357 c.
423 3327 486 3366 47.)
521 3326 596 3360 coll.
636 3328 754 3360 Isidor.
782 3330 870 3369 Orig.
899 3331 936 3362 Η,
963 3331 1014 3369 30,
1041 3333 1071 3363 5
1098 3332 1157 3363 ubi
1182 3332 1258 3364 cod.
1285 3332 1463 3364 Barbcrin.
1491 3342 1542 3364 nr.
1569 3333 1662 3365 4674„
1689 3336 1777 3366 teste
1802 3337 1915 3367 Garat.
1939 3337 1978 3368 11.

228 3375 381 3408 everrisse
397 3376 520 3409 habet:
546 3379 748 3410 evertendam
768 3381 826 3411 ctt.
848 3396 882 3403 —
912 3380 963 3413 31.
983 3382 1208 3422 conscripsisse
1224 3381 1311 3422 Lg'iss
1328 3390 1360 3423 p.
1377 3391 1422 3414 m.
1450 3381 1630 3423 vulgatam
1647 3385 1761 3416 tuetur
1777 3385 1883 3417 etiam
1898 3386 1976 3417 Asc.
