2143 3713
559 243 646 284 Lm.
677 243 724 283 V.
757 241 853 282 CAP.
883 239 1233 281 XXIII—XXV.
1269 237 1341 292 §§.
1372 236 1563 279 58-03,
1854 237 1935 280 399

197 355 355 408 pretio:
387 355 624 409 cognoscite
653 366 762 394 nunc
794 365 943 392 novam
979 351 1206 405 praedandi
1235 351 1439 390 rationem
1469 350 1519 389 ab
1549 350 1627 390 hoc
1658 351 1834 403 primum
1867 365 1938 391 ex-

199 418 431 470 cogitatam.
489 417 636 457 XXIV.
678 416 895 467 Sumptum
940 428 1104 454 omnem
1148 415 1190 453 in
1238 413 1411 452 classem
1454 411 1684 460 frumento,
1730 415 1937 467 stipendio

200 479 432 533 ceterisque
462 479 585 519 rebus
616 491 690 517 suo
723 489 914 530 quaeque
945 477 1151 516 navarcho
1183 475 1326 515 civitas
1364 487 1527 527 semper
1557 475 1654 513 dare
1685 475 1856 515 solebat.
1903 478 1940 517 Is

199 554 360 594 neque,
392 547 436 581 ut
465 545 727 581 accusaretur
755 552 779 578 a
809 539 970 585 nautis,
1004 538 1260 577 committere
1291 536 1493 583 audehat,
1524 541 1564 575 et
1593 537 1750 577 civibus
1772 539 1856 578 suis
1878 553 1942 579 ra-

201 603 334 643 tiones
364 603 470 644 ferre
501 602 676 642 debehat
707 606 746 640 et
776 601 818 639 in
849 600 920 639 illo
952 601 1064 639 omni
1086 599 1254 651 negotio
1276 611 1359 637 non
1381 599 1505 637 modo
1527 598 1692 646 labore,
1724 600 1796 639 sed
1819 602 1971 641 etiams

199 666 386 717 periculo
417 677 492 705 suo
513 663 764 703 versabatur.
806 662 903 701 Erat
934 662 1034 709 hoc,
1065 667 1111 701 ut
1132 662 1247 708 dico,
1277 660 1507 699 factitatum
1529 673 1692 713 semper
1711 675 1787 702 nec
1808 663 1942 703 solum

200 727 242 766 in
275 728 436 774 Sicilia,
479 725 551 766 sed
580 725 622 765 in
655 725 846 764 omnibus
876 725 1125 776 provinciis,
1165 723 1287 762 etiam
1320 723 1359 761 in
1391 722 1599 761 sociorum
1631 728 1671 762 et
1700 724 1943 766 Latinorum

200 788 406 841 stipendio
443 801 489 827 ac
528 791 693 839 sumptu
739 792 844 833 tum,
884 800 975 825 cum
1007 786 1174 826 illorum
1206 784 1372 823 auxiliis
1405 784 1464 823 uti
1495 784 1743 826 solebamus.
1794 788 1943 829 Verres

199 856 293 904 post
334 850 551 903 imperium
590 848 858 888 constitutum
899 848 1055 900 primus
1094 847 1336 899 imperavit,
1380 852 1427 886 ut
1467 860 1513 886 ea
1550 848 1726 899 pecunia
1756 851 1889 889 omnis
1921 864 1944 890 a

201 912 434 951 civitatibus
465 911 542 951 sibi
572 915 938 957 annumeraretur,
970 914 1015 949 ut
1044 910 1079 949 is
1110 922 1201 948 eam
1224 909 1441 961 pecuniam
1464 913 1676 956 tractaret,
1708 923 1831 963 quem
1854 911 1994 965 ipseto

200 973 478 1026 praefecisset.
536 969 602 1011 61.
637 972 712 1012 Cui
743 978 883 1025 potest
913 986 1003 1012 esse
1026 972 1221 1018 dubium,
1254 985 1377 1024 quam
1399 971 1451 1011 ob
1473 985 1557 1011 rem
1582 976 1621 1011 et
1641 973 1825 1013 omnium
1847 988 1946 1014 con-

201 1036 461 1075 suetudinem
506 1040 687 1074 veterem
733 1035 890 1087 primus
938 1034 1167 1073 immutaris
1215 1039 1255 1073 et
1292 1039 1447 1073 tantam
1486 1034 1706 1073 utilitatem
1738 1048 1813 1087 per
1841 1036 1946 1076 alios

200 1096 438 1137 tractandae
468 1097 672 1149 pecuniae
705 1096 938 1149 neglexeris
964 1102 1005 1136 et
1034 1101 1188 1136 tantam
1211 1094 1495 1136 difficultatem
1517 1109 1610 1135 cum
1633 1097 1829 1146 crimine,
1860 1112 1948 1139 mo·

200 1158 363 1199 lestiam
394 1172 486 1198 cum
517 1158 755 1212 suspicione
787 1159 1053 1211 susceperis?
1089 1158 1249 1197 Deinde
1280 1158 1350 1197 alii
1385 1164 1581 1211 quaestus
1602 1158 1877 1199 instituuntur
1897 1174 1948 1200 ex

200 1234 281 1260 uno
320 1232 471 1273 genere
501 1220 637 1259 navali
667 1220 804 1260 videte
838 1233 962 1273 quam
994 1220 1137 1259 multi:
1178 1220 1367 1272 accipere
1397 1234 1420 1260 a
1451 1221 1687 1260 civitatibus
1717 1223 2000 1273 pecuniam,⁴5

200 1295 252 1321 ne
292 1287 440 1322 nautas
477 1282 642 1329 darent,
689 1283 823 1335 pretio
864 1288 975 1322 certo
1009 1283 1156 1322 missos
1193 1281 1329 1322 facere
1359 1287 1529 1329 nautas,
1575 1282 1799 1322 missorum
1829 1297 1949 1323 omne

202 1342 457 1396 stipendium
487 1344 660 1391 lucrari,
703 1344 900 1397 reliquis,
938 1345 1051 1397 quod
1082 1344 1273 1391 deberet,
1303 1357 1388 1383 non
1418 1344 1530 1383 dare.
1588 1344 1700 1383 Haec
1731 1346 1870 1386 omnia
1899 1359 1953 1387 ex

201 1405 414 1445 civitatum
444 1406 695 1446 testimoniis
727 1407 979 1459 cognoscite.
1011 1407 1154 1446 Recita
1183 1406 1422 1446 testimonia
1453 1406 1678 1446 civitatum.
1723 1407 1852 1447 XXV.
1885 1407 1951 1448 62).

200 1467 392 1508 Huncine
422 1467 658 1508 hominem!
689 1468 866 1508 hancine
897 1468 1218 1521 impudentiam,
1248 1468 1429 1507 iudices!
1459 1468 1566 1508 hanc
1586 1468 1822 1508 audaciam!
1855 1469 1955 1509 civi-

200 1529 353 1569 tatibus
384 1543 460 1583 pro
494 1544 669 1570 numero
692 1531 868 1570 militum
890 1530 1161 1584 pecuniarum
1183 1543 1364 1570 summas
1387 1530 1644 1570 describere!
1674 1536 1833 1571 certum
1861 1545 1955 1585 pre·
1966 1542 2002 1572 ‘20

200 1592 327 1640 tium,
358 1605 560 1633 sexcenos
591 1606 805 1641 nummos,
836 1598 1056 1633 nautarum
1086 1593 1299 1633 missionis
1331 1592 1606 1633 constitueret
1645 1606 1749 1645 quos
1781 1594 1853 1647 qui
1885 1594 1955 1635 de-

201 1653 337 1700 derat,
386 1659 661 1694 commeatum
704 1655 830 1695 totius
873 1655 1041 1695 aestatis
1081 1654 1329 1702 abstulerat,
1376 1655 1476 1703 iste,
1523 1654 1635 1709 quod
1679 1655 1769 1695 eius
1803 1662 1954 1697 nautae

202 1715 369 1755 nomine
409 1730 483 1770 pro
527 1717 737 1769 stipendio
777 1716 1071 1770 frumentoque
1101 1722 1337 1770 acceperat,
1369 1716 1627 1756 lucrabatur:
1669 1717 1727 1757 ita
1756 1723 1955 1770 quaestus

203 1776 358 1830 duplex
387 1778 511 1819 unius
542 1779 751 1818 missionis
782 1776 917 1818 fiebat.
976 1781 1112 1832 Atque
1142 1778 1244 1818 haec
1273 1779 1398 1818 homo
1427 1779 1736 1819 amentissimus
1766 1779 1808 1819 in
1840 1785 1954 1821 tanto

202 1839 461 1892 praedonum
499 1841 656 1893 impetu
698 1845 897 1893 tantoque
928 1841 1111 1894 periculo
1142 1840 1383 1894 provinciae
1414 1840 1473 1880 sic
1504 1841 1641 1894 palam
1670 1840 1867 1890 faciebat,
1912 1848 1957 1883 ut
1969 1854 2006 1884 25

204 1906 245 1941 et
274 1901 355 1954 ipsi
384 1903 618 1955 praedones
649 1902 804 1942 scirent
835 1908 875 1942 et
904 1908 991 1942 tota
1020 1902 1235 1955 provincia
1265 1902 1382 1942 testis
1414 1908 1537 1943 esset.

316 1961 381 2002 63.
415 1964 515 2004 Cum
544 1969 718 2017 propter
747 1965 868 2004 istius
898 1964 1005 2004 hanc
1025 1965 1241 2004 avaritiam
1271 1964 1440 2005 nomine
1471 1965 1614 2005 classis
1645 1971 1755 2006 esset
1783 1966 1826 2006 in
1853 1967 1957 2009 Sici-

203 2024 278 2073 lia,
324 2039 367 2065 re
409 2027 579 2080 quidem
618 2040 716 2066 vera
747 2040 874 2066 naves
910 2027 1078 2074 inanes,
1125 2039 1233 2080 quae
1262 2027 1458 2080 praedam
1487 2029 1691 2080 praetori,
1735 2042 1819 2069 non
1850 2044 1957 2084 quae

202 2088 485 2142 praedonibus
525 2094 681 2128 metum
723 2090 940 2128 afferrent:
986 2094 1143 2136 tamen,
1189 2103 1281 2128 cum
1322 2090 1364 2128 P.
1398 2089 1612 2129 Caesetius
1651 2095 1691 2131 et
1729 2092 1771 2131 P.
1802 2092 1958 2133 Tadius

206 2151 347 2191 decem
387 2151 563 2191 navibus
601 2150 685 2190 suis
717 2151 957 2203 semiplenis
989 2151 1256 2203 navigarent,
1298 2165 1446 2191 navem
1477 2152 1688 2205 quandam
1717 2154 1958 2206 piratarum,
1973 2165 2009 2196 30

203 2214 357 2267 praeda
386 2213 604 2260 refertam,
635 2226 718 2252 non
742 2217 960 2266 ceperunt,
993 2213 1065 2252 sed
1087 2213 1370 2261 abduxerunt,
1403 2226 1530 2254 onere
1553 2228 1628 2254 suo
1652 2214 1777 2267 plane
1798 2221 1959 2270 captam

204 2280 331 2328 atque
362 2276 614 2328 depressam.
673 2276 772 2314 Erat
802 2288 851 2314 ea
880 2275 996 2314 navis
1040 2275 1165 2327 plena
1193 2275 1423 2315 iuventutis
1452 2275 1797 2325 formosissimae,
1836 2279 1961 2332 plena

204 2337 365 2390 argenti
395 2337 493 2378 facti
522 2342 648 2391 atque
679 2338 851 2391 signati,
891 2337 1021 2377 multa
1063 2350 1157 2377 cum
1191 2338 1374 2391 stragula
1402 2343 1531 2379 veste.
1589 2339 1702 2379 Haec
1732 2354 1816 2381 una
1844 2341 1962 2382 navis

292 2501 323 2534 3.
348 2511 406 2534 suo
430 2511 576 2542 quaeque
599 2511 675 2534 nav.
702 2502 749 2534 R3
766 2500 802 2533 λῑ
832 2512 909 2533 nav.
935 2511 992 2534 suo
1017 2512 1164 2543 quaeque
1186 2502 1270 2534 dett.
1297 2504 1333 2535 O.
1362 2521 1396 2526 —
1423 2503 1454 2536 4.
1480 2504 1643 2536 rationem
1664 2506 1788 2546 referre
1811 2506 1896 2539 dett.
1923 2508 1960 2539 O.

208 2568 242 2573 —
269 2552 300 2583 5.
326 2555 356 2583 et
379 2552 412 2582 in
437 2553 477 2584 R:
512 2555 541 2584 et
564 2561 633 2584 om.
661 2552 706 2583 Gss
731 2554 832 2592 Lagg.
859 2554 895 2584 O.
925 2569 960 2574 —
999 2553 1028 2584 6.
1060 2561 1118 2584 nec
1146 2562 1210 2584 non
1241 2553 1344 2584 solam
1367 2554 1426 2586 R3,
1454 2572 1489 2576 —
1528 2555 1557 2586 7.
1583 2555 1747 2586 sociorum
1769 2556 1963 2588 Latinorum

207 2600 250 2632 de
275 2601 354 2632 Ern.
382 2602 472 2634 coni.
498 2603 536 2634 O.
574 2604 615 2635 At
639 2602 681 2634 cf.
707 2603 819 2635 Madv.
845 2612 879 2644 p.
907 2603 981 2634 111.
1011 2621 1046 2625 -
1074 2604 1125 2634 10.
1152 2603 1286 2634 acinum.
1317 2603 1354 2634 R.
1376 2620 1410 2623 —
1438 2602 1490 2634 13.
1516 2607 1545 2635 ec
1567 2612 1641 2634 cum
1663 2608 1792 2636 tantam
1814 2606 1962 2647 difficule.

205 2651 342 2683 crimine
364 2651 422 2682 R3.
452 2669 486 2673 —
512 2651 677 2682 molestiae
701 2652 784 2683 dett.
814 2669 848 2674 —
882 2652 933 2684 44.
959 2653 1134 2692 suspitione
1158 2654 1194 2684 R.
1223 2669 1257 2673 —
1293 2653 1345 2683 15.
1367 2653 1526 2692 pecunias
1549 2653 1633 2685 dett.
1661 2655 1697 2686 O.
1726 2671 1760 2676 —
1797 2656 1848 2687 18.
1875 2657 1965 2688 testi-

205 2701 318 2732 monia
340 2701 442 2740 civil]
466 2701 684 2732 testimonium
707 2701 754 2732 R3
778 2702 860 2741 (om.
886 2702 1006 2739 cit-inm
1033 2705 1101 2733 test.
1127 2703 1215 2733 cit-it.
1242 2710 1312 2733 om.
1335 2703 1437 2743 Lagg.
1465 2702 1520 2743 [de
1538 2702 1664 2744 quibus
1681 2705 1714 2735 Z.
1734 2704 1835 2745 tacet]
1860 2714 1966 2746 prae-

206 2752 260 2782 ter
284 2750 323 2781 27
349 2752 384 2781 et
399 2749 451 2781 48.
478 2749 591 2782 Habet
615 2750 740 2782 deinde
759 2752 805 2782 0:
835 2750 1114 2791 [TESTIMONIA.
1141 2752 1398 2793 CIVITATVML
1425 2762 1531 2793 quem
1556 2752 1695 2785 titulum
1719 2755 1756 2786 L.
1775 2754 1961 2787 adiecerat.

208 2816 245 2822 —
272 2799 325 2830 19.
350 2799 488 2830 huncine
510 2799 541 2830 h.
567 2800 714 2841 hancine]
741 2800 791 2832 sic
815 2801 839 2831 R
858 2801 904 2831 ΟΞ
929 2799 1003 2832 alii:
1028 2801 1184 2832 hunccine
1206 2802 1236 2833 h.
1261 2803 1418 2834 hanccine
1441 2803 1478 2835 O.
1500 2822 1535 2826 —
1553 2804 1667 2843 inpud.
1693 2805 1729 2835 R.
1757 2822 1793 2827 —
1818 2805 1902 2837 hanc
1918 2806 1964 2838 R3

207 2847 248 2879 λῑ
274 2849 431 2880 hanccine
454 2848 538 2880 dett.
565 2849 603 2880 Ο.
631 2868 665 2872 -
700 2850 873 2881 audatiam
895 2851 932 2881 R.
963 2869 997 2873 —-
1030 2852 1083 2882 20.
1108 2854 1196 2882 cerlo
1215 2852 1322 2891 pretio
1346 2851 1431 2883 dett.
1461 2871 1492 2876 —
1528 2853 1700 2885 discribere
1723 2855 1748 2886 R
1772 2863 1825 2895 pr.
1851 2863 1898 2887 m.
1927 2873 1963 2878 -—-

207 2899 261 2930 21.
286 2901 453 2929 seaecentos
476 2897 567 2937 Lglli
583 2899 642 2930 29:
667 2908 809 2931 sescenos
832 2900 875 2936 R;
901 2903 1109 2931 sexcentenos
1132 2902 1173 2932 Gt
1194 2926 1200 2940 ‚
1227 2901 1281 2932 alii
1305 2902 1407 2941 Lagg.
1429 2919 1463 2923 —
1490 2903 1651 2933 missionis
1674 2903 1699 2934 R
1723 2912 1775 2944 pr.
1794 2912 1861 2935 m.:
1886 2904 1967 2935 mis-

207 2948 311 2979 siones
333 2948 359 2979 R
383 2955 473 2978 corr.
500 2949 534 2978 et
558 2947 620 2985 G3;
653 2950 803 2980 missione
827 2948 928 2980 deus.
966 2950 1110 2981 missioni
1142 2950 1185 2982 de
1211 2952 1300 2983 coni.
1327 2952 1463 2983 Hotom.
1490 2953 1528 2983 O.
1562 2953 1595 2983 Si
1619 2954 1765 2984 Grutero
1789 2953 1877 2985 fides
1901 2954 1967 2985 ha-

208 2996 340 3034 benda,
366 2997 401 3028 in
425 2998 449 3029 C
474 2997 619 3028 missioni
641 2997 777 3038 legitur.
805 3016 840 3020 —
873 3000 924 3029 2⁴3.
952 3003 1167 3031 commeatum
1197 3001 1304 3041 Lg‘29:
1343 3004 1525 3032 commeatu
1555 3001 1629 3033 rell.
1656 3003 1780 3042 Lagg.:
1814 3011 1888 3033 cum
1909 3012 1967 3035 co-

208 3050 351 3078 meatum
375 3048 419 3085 R,·
442 3056 517 3078 cum
539 3051 722 3079 commeatu
745 3048 803 3079 G3.
826 3066 860 3070 -
883 3049 994 3088 potius
1015 3050 1132 3080 aetatis
1154 3050 1256 3090 Lagg.
1279 3067 1314 3072 —
1342 3050 1409 3081 eius
1430 3054 1556 3082 naulae
1572 3051 1636 3089 R3,
1663 3052 1682 3082 2
1706 3051 1808 3083 codd.
1827 3052 1965 3092 Lamb.,

211 3096 318 3136 Lg29:
345 3100 374 3127 et
395 3100 520 3129 nautae
542 3097 645 3128 dett:
672 3098 740 3129 eius
763 3107 833 3130 om.
861 3099 885 3130 C
905 3099 955 3139 (5²).
985 3117 1020 3122 —-
1047 3099 1099 3130 23.
1125 3100 1175 3130 ita
1197 3100 1244 3131 R3
1261 3097 1299 3130 λι
1332 3100 1443 3139 itaque
1466 3100 1550 3132 dett.
1576 3100 1636 3141 [ita
1659 3102 1763 3133 etlam
1785 3102 1904 3142 Lagg„
1929 3104 1968 3134 ut

210 3146 372 3188 videtur]
384 3164 419 3168 —
435 3147 488 3180 24.
506 3148 668 3179 missionis
684 3148 742 3180 R3:
759 3149 910 3180 missione
926 3149 1009 3180 dett.
1026 3149 1062 3179 O.
1083 3149 1258 3188 (missiones
1274 3150 1300 3181 R
1318 3150 1347 3181 1.
1367 3158 1414 3181 m.
1429 3159 1518 3182 corr.
1532 3151 1681 3191 eadem.)
1693 3169 1726 3173 —
1743 3153 1795 3183 25.
1814 3155 1968 3193 tantoque

213 3196 260 3226 G2
284 3195 344 3227 Ld.
371 3196 495 3236 Lagg.:
534 3200 624 3228 tanto
649 3198 715 3233 (312
753 3201 843 3229 lanto
876 3199 908 3230 in
931 3196 969 3235 λς
1007 3201 1097 3230 tanto
1121 3208 1144 3229 a
1167 3200 1192 3230 R
1221 3198 1275 3239 [ex
1299 3199 1458 3241 tantoq.];
1494 3201 1528 3232 in
1557 3203 1648 3232 tanto
1678 3201 1767 3232 coni.
1792 3200 1900 3233 Klotz.
1928 3220 1963 3225 —

213 3244 266 3274 27.
293 3244 376 3275 hanc
400 3246 502 3277 codd.
528 3247 617 3278 noti:
642 3247 726 3278 hanc
749 3250 876 3279 tantam
899 3247 1019 3288 vulgo,
1047 3248 1083 3279 O.
1112 3266 1147 3270 —
1173 3248 1226 3280 28.
1251 3249 1365 3280 inanes
1387 3257 1457 3280 om.
1484 3250 1585 3290 Lg29.
1606 3267 1640 3272 —
1667 3250 1720 3281 29.
1747 3250 1913 3289 adferrent
1927 3252 1965 3283 R.

216 3309 250 3314 -—
279 3293 330 3324 30.
356 3295 421 3325 suis
444 3296 509 3327 R3:
535 3296 584 3328 his
606 3296 691 3328 dett.
711 3298 749 3329 Ο.
777 3315 812 3319 -
837 3298 890 3329 31.
917 3298 1129 3329 adduxerunt
1151 3297 1197 3329 R3
1214 3298 1303 3337 Lg27
1321 3297 1374 3330 29.
1401 3298 1450 3330 Cf.
1470 3299 1514 3331 ad
1536 3299 1591 3331 IV.
1610 3299 1641 3340 ἓ.
1660 3299 1712 3331 42.
1731 3300 1818 3331 Non.
1836 3308 1872 3341 p.
1889 3301 1964 3333 253.

218 3359 253 3364 —
280 3341 332 3374 32.
357 3342 416 3374 illa
436 3345 531 3377 navis
553 3346 600 3378 G2
624 3345 684 3378 Ld.
713 3364 748 3369 —
772 3346 871 3387 plena
893 3348 972 3379 ante
996 3347 1125 3388 arqenti
1147 3355 1217 3380 om.
1242 3346 1328 3379 dett.
