2143 3713
176 229 258 273 742
724 230 926 272 ORATIO
956 231 1059 271 PRO
1090 232 1135 271 L.
1165 230 1383 272 MURENA

178 344 394 385 cesseris.»
442 344 571 382 Immo
602 342 782 382 resistito
812 343 991 395 gratiae,
1022 355 1113 381 cum
1147 341 1331 382 officium
1353 348 1393 383 et
1421 340 1524 383 fides
1555 343 1793 395 postulabit.
1832 344 1931 383 «Mi-

179 405 407 446 sericordia
436 408 665 444 commotus
695 417 747 443 ne
779 404 873 443 sis.»
921 404 1078 451 Etiam;
1111 405 1184 444 sed
1208 410 1343 444 tamen
1365 405 1409 444 in
1430 404 1696 445 dissolvenda
1715 404 1931 445 severitate

180 473 241 508 est
269 468 360 507 laus
391 467 531 519 aliqua
559 466 842 506 humanitatis.
894 467 974 504 «In
1004 465 1211 505 sententia
1239 472 1519 519 permanetO.»
1567 468 1699 513 Vero,
1729 465 1809 505 nisi
1839 478 1932 505 sen-

181 529 351 569 tentiam
382 528 588 568 sententia
617 528 698 568 alia
721 528 869 567 vicerit
899 528 1058 567 melior.
1118 526 1183 566 66.
1215 527 1396 567 Huiusce
1427 528 1539 568 modi
1571 528 1710 580 Scipio
1740 526 1812 566 ille
1842 527 1932 575 fuit,

149 599 305 644 5quem
343 603 427 629 non
466 589 707 642 paenitebat
735 589 872 629 facere
902 589 1035 636 idem,
1068 589 1180 642 quod
1217 594 1284 628 tu:
1320 588 1474 630 habere
1506 589 1831 630 eruditissimum
1859 588 1933 628 ho-

180 652 356 699 minem,
387 652 628 692 Panaetium
660 651 795 698 domi,
827 652 944 691 cuius
976 652 1162 690 oratione
1189 656 1229 690 et
1258 651 1513 703 praeceptis,
1544 663 1795 704 quamquam
1818 655 1935 690 erant

181 714 325 754 eadem
363 714 461 762 ista,
500 727 606 767 quae
645 719 685 752 te
716 713 945 761 delectant,
984 718 1120 752 tamen
1152 713 1336 765 asperior
1366 726 1451 752 non
1481 718 1544 753 est
1572 713 1724 760 factus,
1765 712 1859 760 sed,
1889 717 1934 752 ut

180 777 320 829 accepi
350 788 374 815 a
405 775 593 822 senibus,
634 775 886 814 lenissimus.
937 775 1042 823 Quis
1073 787 1171 814 vero
1205 775 1246 814 C.
1278 774 1419 815 Laelio
1451 776 1633 816 comior?
1666 775 1758 829 quis
1789 774 1934 814 iucun-

181 838 270 877 dior
309 837 457 877 eodem
497 850 550 876 ex
580 837 717 877 studio
756 836 864 875 isto?
905 838 998 891 quis
1034 837 1106 876 illo
1144 837 1329 889 gravior,
1371 837 1627 890 sapientior?
1680 838 1852 876 Possum
1883 835 1934 876 de

133 909 168 937 io
182 900 227 938 L.
257 899 397 947 Philo,
429 898 480 938 de
513 898 555 939 C.
588 898 706 938 Gallo
739 898 876 937 dicere
906 899 1010 939 haec
1041 898 1207 945 eadem,
1250 898 1323 938 sed
1356 903 1395 938 te
1425 899 1592 939 domum
1623 901 1703 939 iam
1733 898 1935 939 deducam

181 966 306 1001 tuam.
366 961 683 1014 Quemquamne
713 960 926 1000 existimas
958 960 1127 1008 Catone,
1157 974 1311 1014 proavo
1341 966 1426 1008 tuo,
1459 961 1794 1007 commodiorem,
1824 973 1936 1000 com-

184 1024 428 1069 muniorem,
446 1022 765 1062 moderatiorem
785 1021 915 1062 fuisse
936 1023 988 1062 ad
1009 1036 1173 1062 omnem
1195 1023 1399 1063 rationem
1418 1022 1718 1063 humanitatis?
1739 1023 1799 1062 De
1819 1022 1934 1061 cuius

183 1085 406 1139 praestanti
446 1085 595 1124 virtute
635 1098 730 1124 cum
769 1098 864 1123 vere
896 1085 1158 1138 graviterque
1190 1085 1368 1132 diceres,
1410 1085 1681 1125 domesticum
1712 1090 1752 1124 te
1782 1084 1934 1125 habere

185 1147 327 1187 dixisti
359 1147 595 1200 exemplum
625 1146 678 1186 ad
708 1147 967 1186 imitandum.
1026 1147 1100 1186 Est
1134 1146 1237 1186 illud
1269 1146 1438 1200 quidem
1469 1147 1706 1200 exemplum
1735 1147 1808 1186 tibi
1842 1161 1936 1200 pro-

136 1218 171 1247 45
185 1209 363 1263 positum
386 1208 513 1255 domi,
535 1207 608 1248 sed
630 1213 768 1248 tamen
790 1215 962 1248 naturae
984 1208 1213 1249 similitudo
1235 1209 1346 1248 illius
1369 1209 1419 1249 ad
1441 1214 1482 1249 te
1503 1210 1647 1262 magis,
1669 1210 1866 1263 quoniam
1886 1208 1936 1248 ab

186 1271 258 1310 illo
299 1275 414 1310 ortus
454 1284 520 1317 es,
565 1283 690 1323 quam
721 1271 772 1310 ad
803 1284 934 1310 unum
962 1284 1174 1324 quemque
1205 1277 1392 1311 nostrum
1432 1273 1651 1325 pervenire
1682 1272 1841 1325 potuit:
1886 1270 1937 1311 ad

186 1332 432 1372 imitandum
463 1346 561 1373 vero
592 1337 675 1372 tam
706 1333 807 1372 mihi
837 1333 1101 1385 propositum
1133 1333 1346 1386 exemplar
1375 1333 1478 1373 illud
1511 1340 1573 1374 est
1594 1347 1717 1387 quam
1737 1333 1824 1373 tibi.
1857 1333 1937 1373 Sed

187 1395 221 1434 si
260 1395 374 1434 illius
406 1395 642 1434 comitatem
678 1400 720 1434 et
746 1394 986 1435 facilitatem
1029 1401 1123 1435 tuae
1153 1396 1342 1448 gravitati
1371 1396 1665 1450 severitatique
1695 1396 1936 1449 asperseris,

187 1470 271 1496 non
302 1457 380 1496 ista
411 1456 580 1510 quidem
611 1462 733 1496 erunt
761 1457 955 1505 meliora,
989 1471 1096 1511 quae
1126 1471 1237 1497 nunc
1267 1463 1363 1498 sunt
1393 1459 1572 1511 optima,
1604 1459 1676 1499 sed
1707 1464 1817 1499 certe
1838 1472 1937 1498 con-

137 1531 173 1559 20
187 1519 273 1560 dita
300 1519 536 1559 iucundius.

302 1581 477 1620 XXXII.
509 1579 575 1621 67.
608 1581 747 1630 Quare
787 1586 834 1621 ut
872 1581 925 1621 ad
965 1582 1007 1621 id
1049 1582 1162 1634 quod
1201 1582 1362 1622 institui
1402 1588 1606 1630 revertar,
1647 1584 1747 1623 tolle
1783 1583 1884 1624 mihi
1915 1599 1937 1624 e

187 1657 312 1684 causa
341 1657 494 1684 nomen
528 1643 719 1683 Catonis:
752 1656 917 1683 remove
950 1657 996 1683 ac
1026 1645 1309 1697 praetermitte
1331 1645 1635 1693 auctoritatem,
1667 1659 1775 1698 quae
1803 1647 1846 1686 in
1876 1647 1938 1687 iu-

187 1705 304 1745 diciis
335 1711 406 1745 aut
435 1706 541 1746 nihil
572 1706 710 1745 valere
741 1710 811 1746 aut
842 1705 893 1745 ad
926 1706 1101 1746 salutem
1133 1707 1257 1747 dehet
1286 1707 1447 1747 valere:
1493 1707 1746 1761 congredere
1776 1720 1936 1748 mecum

186 1767 429 1807 criminibus
468 1768 583 1821 ipsis.
635 1768 747 1817 Quid
787 1781 980 1815 accusaS,
1023 1769 1152 1809 Cato?
1199 1769 1299 1823 quid
1337 1771 1457 1809 affers
1488 1770 1539 1809 ad
1570 1769 1797 1810 iudicium?
1839 1769 1938 1824 quid

136 1829 353 1882 unm-guis?
394 1830 608 1870 Ambitum
645 1844 835 1870 accusas:
875 1844 960 1870 non
1001 1831 1196 1871 defendo.
1254 1833 1320 1872 Me
1358 1832 1650 1885 reprehendis,
1687 1831 1800 1885 quod
1829 1832 1938 1872 idem

186 1891 426 1940 defendam,
475 1893 587 1946 quod
636 1893 727 1946 lege
764 1893 985 1946 punierim.
1051 1895 1197 1934 Punivi
1239 1894 1461 1942 ambitum,
1506 1908 1592 1934 non
1635 1894 1938 1942 innocentiam;

184 1954 383 1994 ambitum
414 1968 513 1995 vero
545 1955 682 2008 ipsum
712 1956 779 1995 vel
809 1961 945 1995 tecum
976 1956 1202 2003 accusabo,
1235 1956 1269 1996 si
1300 1956 1427 1996 voles.
1473 1957 1625 1997 Dixisti
1655 1962 1821 1997 senatus
1843 1970 1939 1997 con-

184 2016 336 2056 sultum
366 2031 432 2058 me
462 2017 667 2058 referente
690 2031 780 2058 esse
802 2017 979 2065 factum,
1014 2018 1072 2057 «si
1095 2018 1285 2058 mercede
1307 2019 1502 2059 conducti
1524 2019 1686 2059 obviam
1709 2018 1939 2059 candidatis

270 2198 300 2228 «1.
325 2198 424 2228 immo
448 2206 517 2228 om.
544 2207 576 2228 v.
606 2216 640 2219 —
666 2198 772 2228 resisti
796 2207 866 2235 xx.
895 2214 929 2218 —
958 2198 988 2228 2.
1014 2198 1143 2235 Eliam;
1170 2198 1223 2229 sed
1247 2201 1355 2229 lamen
1379 2198 1412 2228 in
1436 2198 1510 2228 diss.
1537 2198 1706 2229 severitate
1728 2201 1772 2230 est
1795 2198 1936 2239 scripsi:

182 2247 298 2281 «alianis
323 2248 356 2278 in
380 2248 455 2278 diss.
474 2248 662 2279 severitate·
687 2249 741 2278 sed
764 2251 873 2279 tamen
896 2250 940 2278 est
957 2247 981 2278 Ο
1000 2256 1080 2279 cum
1094 2247 1210 2285 codd,
1229 2256 1378 2288 quorum
1401 2246 1587 2279 lectionem
1612 2248 1766 2280 defendit
1781 2247 1939 2280 Wolstius

184 2306 216 2337 p.
245 2297 327 2333 4383
362 2297 424 2328 Sed
458 2300 566 2328 tamen
589 2301 633 2328 est
657 2299 757 2328 etiam
780 2298 814 2328 in
838 2298 965 2328 dissolv.
991 2298 1160 2328 severitate
1184 2306 1223 2328 ex
1250 2297 1432 2327 Hotomani
1457 2298 1545 2328 coni.
1571 2298 1613 2334 L}
1646 2299 1774 2331 Eliam‚·
1805 2299 1840 2329 in
1862 2298 1937 2329 diss.

181 2356 282 2378 sever.
309 2349 416 2377 tamen
440 2350 483 2377 cst
507 2347 699 2378 Schiitzius.
734 2347 778 2385 (et
801 2356 864 2387 pro
889 2347 988 2378 eliam
1012 2347 1035 2377 C
1051 2346 1101 2384 Ε.)
1138 2364 1172 2367 -
1210 2346 1240 2377 3.
1266 2346 1489 2387 humanitatis]
1514 2347 1694 2378 severitatis
1717 2348 1740 2379 E
1755 2348 1778 2379 C
1794 2348 1873 2388 Sip.
1902 2364 1937 2370 —-

179 2399 384 2436 permaneto.
406 2400 599 2435 permaneto
622 2405 699 2427 vcro
715 2405 756 2429 v:
779 2399 950 2435 permanet
971 2405 1048 2426 vero
1074 2396 1117 2433 133
1140 2400 1344 2434 permaneto.
1371 2397 1533 2428 enimvero
1551 2399 1584 2428 1..
1607 2415 1642 2419 —
1667 2398 1857 2428 sententiam
1872 2405 1941 2429 sen-

183 2447 283 2478 !cnlia
306 2447 330 2478 Ε
345 2448 370 2476 G
384 2446 432 2484 M,
471 2446 572 2483 Oxx.,
606 2447 720 2484 Pare,
756 2445 827 2484 alii,
854 2446 900 2476 L:
938 2446 1097 2476 sementia
1131 2454 1200 2476 om.
1227 2446 1269 2484 O,
1301 2445 1407 2477 habet
1430 2455 1449 2477 v
1474 2449 1553 2487 post
1574 2448 1707 2484 melior;
1743 2447 1806 2478 nisi
1828 2446 1941 2478 vicerit

183 2497 298 2528 melior
322 2504 418 2536 susp.
445 2495 592 2527 Ernesti.
621 2513 654 2516 —
683 2494 714 2526 li.
740 2496 855 2534 aliqua
878 2495 920 2531 Ε,
947 2496 965 2527 3
990 2496 1088 2535 Oxx„
1116 2497 1190 2527 Par.
1217 2497 1248 2527 8.
1275 2496 1306 2527 9.
1334 2514 1369 2517 —
1395 2497 1614 2528 huiuscemodi
1636 2497 1699 2528 edii
1721 2496 1821 2535 scipio
1845 2497 1881 2526 G.
1902 2512 1935 2516 —

185 2547 215 2577 (ἱ.
241 2545 433 2577 Panaetium
457 2545 545 2575 domi
568 2545 648 2584 Lag.
667 2544 708 2575 ss:
735 2548 763 2576 c!
784 2553 889 2583 paene
913 2545 1059 2576 (livinmn
1082 2546 1161 2585 Lag.
1181 2544 1240 2584 ⁶24,
1266 2549 1294 2576 cl
1314 2554 1402 2584 pane
1420 2547 1507 2577 domi
1523 2548 1566 2583 G,
1594 2547 1639 2577 st.
1659 2545 1762 2583 vict„
1787 2548 1817 2576 et
1836 2553 1941 2584 paene

183 2596 270 2627 domi
294 2597 325 2627 M
340 2600 430 2634 χψ,
458 2595 560 2634 Lagg.
587 2593 679 2631 rell.;
707 2598 735 2625 et
755 2603 860 2634 paene
883 2595 1028 2625 (lit-inum
1053 2595 1140 2625 domi
1164 2596 1187 2626 L
1203 2596 1239 2625 O.
1262 2612 1295 2616 —
1324 2595 1354 2626 7.
1382 2595 1449 2625 islis
1465 2596 1600 2626 Graevii
1616 2603 1711 2635 susp.
1733 2612 1767 2616 -
1792 2595 1941 2634 asperior

186 2653 256 2676 oni.
284 2646 320 2675 G.
344 2663 379 2667 —
405 2645 436 2676 8.
463 2644 497 2676 C.
523 2645 554 2675 M
567 2653 606 2674 v:
634 2647 677 2674 cst
702 2645 765 2675 EG
782 2645 805 2675 C
822 2645 931 2684 lisa)
957 2644 1049 2683 <abiit
1067 2645 1146 2675 nota
1164 2653 1191 2676 c.
1212 2645 1260 2676 in:
1286 2643 1330 2684 ὅ).
1354 2662 1388 2666 -
1412 2646 1616 2676 communior
1630 2650 1675 2685 ψ.
1697 2661 1730 2666 —
1756 2645 1787 2676 9.
1806 2646 1940 2677 esludio

186 2696 223 2725 (J.
252 2712 286 2715 —
312 2694 452 2734 gravior
475 2693 547 2732 quis
568 2693 748 2732 sapientior
771 2695 840 2725 Tv.
875 2711 909 2715 ——
948 2694 999 2724 110.
1026 2693 1111 2724 Philo
1136 2694 1327 2725 Manutius:
1359 2695 1506 2734 philippo
1529 2694 1631 2726 codd.
1660 2711 1696 2717 —
1726 2695 1805 2726 haec
1828 2696 1941 2727 eadem

185 2744 290 2775 dicere
314 2744 348 2774 L.
378 2761 412 2765 —-
449 2743 499 2773 411.
526 2742 706 2774 emistumas
730 2744 766 2774 C.
797 2761 831 2765 —
862 2744 1113 2774 commodiorem
1136 2744 1205 2774 mei
1229 2746 1264 2775 et
1286 2745 1388 2785 Lagg.
1415 2752 1554 2776 omnes:
1584 2745 1838 2776 communiorem
1860 2745 1938 2777 cod.

185 2794 304 2823 Franc.
334 2809 368 2814 ——
395 2793 650 2823 communiorem
681 2793 782 2824 codd.
815 2792 971 2833 plerique
1005 2793 1332 2832 (communioremque
1362 2794 1422 2831 M):
1459 2794 1633 2825 comiorem
1664 2803 1705 2834 v,
1741 2796 1821 2835 Lag.
1848 2795 1879 2826 9.
1906 2797 1941 2827 et

187 2844 261 2873 Par.
281 2842 310 2872 7.
338 2841 414 2882 (sed
431 2842 487 2872 liic
503 2843 571 2873 hoc
589 2842 730 2874 ordine:
755 2843 929 2874 comior-em
944 2843 1204 2882 commodiorem)
1223 2844 1247 2874 L
1261 2844 1297 2874 O.
1321 2862 1355 2865 —
1373 2843 1423 2874 213.
1441 2842 1529 2883 vere]
1544 2843 1616 2874 iure
1632 2853 1666 2881 χ.
1689 2863 1724 2866 -
1741 2844 1791 2876 44.
1811 2846 1855 2876 ad
1870 2846 1942 2876 imi-

185 2893 322 2923 tandum
337 2909 386 2915 --
402 2892 587 2930 easemplum
611 2900 680 2923 om.
702 2894 738 2923 G.
766 2909 800 2913 —
830 2893 881 2923 45.
908 2893 994 2923 domi
1018 2900 1087 2923 om.
1108 2902 1143 2930 χ.
1166 2911 1199 2914 —
1226 2894 1279 2924 sed
1303 2893 1421 2932 tamen]
1445 2893 1494 2923 Ne
1519 2894 1701 2933 exspectes
1724 2894 1778 2925 sed
1800 2897 1938 2933 tantum,

187 2942 356 2973 sententia
383 2942 455 2972 est:
484 2941 566 2973 «sed
592 2943 726 2980 tamen,
754 2950 833 2973 cum
859 2944 1002 2973 naturae
1027 2940 1215 2972 similitudo
1239 2942 1282 2973 ad
1306 2943 1338 2973 tc
1364 2941 1472 2981 magis
1496 2942 1678 2981 pervenire
1702 2944 1870 2982 potuerit,
1895 2943 1938 2975 ad

187 2991 392 3022 imitandum
411 2991 481 3021 tam
498 2991 582 3021 mihi
600 2991 817 3031 propositum
835 2991 1015 3032 exemplar
1031 2990 1111 3022 illud
1129 2994 1179 3023 est
1197 3001 1302 3032 quam
1319 2991 1413 3023 tibi.»
1439 2990 1488 3022 Cf.
1508 2991 1622 3023 adnot.
1642 2991 1685 3022 ad
1702 2992 1789 3023 Sest.
1813 2991 1844 3032 ἓ.
1863 2993 1936 3024 405.

187 3041 242 3072 ed.
270 3041 360 3081 Lips.
378 3057 412 3061 —
427 3043 553 3070 natura
571 3041 607 3070 G.
626 3058 659 3061 —
679 3041 834 3079 quoniam
851 3049 931 3071 nos:
958 3049 1057 3080 quam
1082 3042 1105 3071 G
1121 3050 1162 3078 χ;
1188 3042 1243 3080 qui
1267 3042 1291 3072 E
1306 3042 1336 3073 M
1349 3042 1372 3072 L
1387 3041 1411 3072 Ο
1425 3049 1457 3072 v.
1473 3057 1507 3062 —-
1526 3041 1576 3071 siti.
1603 3049 1634 3072 es
1651 3042 1675 3072 E
1688 3042 1736 3073 M:
1761 3045 1806 3073 est
1829 3044 1853 3073 G
1867 3052 1935 3080 νχ.

191 3108 224 3111 —
242 3090 294 3121 48.
319 3090 536 3130 sacilitatique
558 3091 643 3130 Sip,
669 3090 881 3130 [elicitamque
903 3092 928 3121 Ε
945 3091 984 3121 H.
1006 3107 1040 3111 —
1067 3090 1120 3121 24.
1147 3091 1191 3121 ad
1215 3092 1246 3122 id
1268 3095 1304 3122 uc
1327 3091 1364 3122 E.
1386 3108 1420 3113 -—
1447 3091 1472 3129 e]
1490 3094 1519 3121 et
1535 3091 1559 3121 E
1576 3091 1652 3131 (pro
1676 3092 1739 3132 ex).
1760 3109 1794 3113 —
1821 3093 1874 3125 22.
1899 3103 1938 3125 ac

190 3141 220 3171 M
244 3143 277 3171 et
302 3141 380 3179 Lag.
406 3140 445 3170 9:
470 3141 504 3171 in
529 3142 573 3177 G}
601 3149 640 3171 ac
664 3148 732 3171 oin.
762 3141 785 3171 E
799 3149 838 3177 v,
865 3141 948 3171 Oxx.
969 3141 1003 3171 et
1028 3140 1129 3180 Lagg.
1149 3139 1222 3172 rell.
1244 3158 1278 3163 —
1304 3140 1356 3172 23.
1380 3140 1491 3171 valere
1512 3140 1643 3171 nihilE.
1672 3158 1707 3162 —-
1733 3140 1784 3173 ⁶2⁵..
1810 3150 1940 3174 accuses

191 3192 227 3220 ti.
257 3208 290 3211 —
319 3190 427 3228 adfers
450 3190 494 3227 E,
528 3190 660 3230 adferas
684 3192 720 3221 G.
749 3209 782 3212 -
810 3191 853 3221 ad
876 3190 1038 3228 130}ng
1071 3190 1090 3220 5
1115 3190 1210 3225 On..
1238 3191 1357 3230 Lagg.:
1383 3190 1417 3220 in
1440 3190 1514 3221 LO.
1540 3206 1577 3212 —
1605 3190 1657 3221 25.
1683 3191 1760 3230 quid
1783 3192 1826 3225 G:
1860 3191 1937 3224 fort.

190 3239 256 3277 qni.
278 3257 311 3260 —
331 3240 384 3271 026.
409 3239 589 3279 poenierim
609 3240 741 3279 poeniui·
759 3242 783 3271 G
797 3241 833 3271 L.
858 3257 890 3263 —
918 3249 983 3271 non
1006 3240 1225 3270 innocentiam
1246 3249 1311 3270 non
1336 3238 1423 3278 (num
1446 3239 1488 3278 M)
1513 3238 1669 3270 ambitum
1689 3248 1766 3271 vero
1791 3241 1815 3269 G
1829 3241 1872 3272 M.
1900 3258 1936 3263 —

191 3288 242 3318 ⁶27.
270 3297 341 3319 rere
357 3298 388 3319 v.
410 3307 443 3311 —
464 3290 607 3321 consulto
623 3298 656 3320 v.
677 3307 711 3310 ——
737 3290 790 3321 ⁶28.
809 3298 859 3320 me
872 3290 1056 3329 proferente
1071 3297 1114 3326 χ;
1141 3289 1182 3320 cf.
1201 3298 1273 3320 var.
1291 3288 1370 3321 lect.
1386 3289 1428 3320 ad
1448 3289 1478 3329 S.
1497 3289 1549 3320 70.
1565 3306 1601 3312 -
1625 3290 1770 3322 mercede
1790 3290 1939 3322 conducti

193 3337 216 3372 E
231 3338 254 3368 G
270 3338 340 3369 ΜΗ
355 3340 375 3368 S
393 3345 422 3379 ψ
436 3340 472 3378 L,
496 3341 604 3378 Parr.⁷
629 3340 730 3379 Lagg.
756 3337 930 3380 plerique:
956 3348 1054 3370 merc.
1081 3339 1232 3381 eoi-rupti
1255 3339 1312 3379 Lg.
1330 3339 1381 3371 40.
1411 3339 1461 3371 43.
1483 3338 1535 3373 24.
1553 3339 1605 3379 65,
1624 3339 1689 3371 Ov.
