<?xml version="1.0" encoding="UTF-8"?>
<!DOCTYPE html PUBLIC "-//W3C//DTD XHTML 1.0 Transitional//EN"
    "http://www.w3.org/TR/xhtml1/DTD/xhtml1-transitional.dtd">
<html xmlns="http://www.w3.org/1999/xhtml" xml:lang="en" lang="en">
 <head>
  <title>
</title>
<meta http-equiv="Content-Type" content="text/html;charset=utf-8" />
  <meta name='ocr-system' content='tesseract 3.04.00' />
  <meta name='ocr-capabilities' content='ocr_page ocr_carea ocr_par ocr_line ocrx_word'/>
</head>
<body>
  <div class='ocr_page' id='page_1' title='image "./p1operaquaesupersu02ciceuoft_0589.png"; bbox 0 0 2143 3713; ppageno 0'>
   <div class='ocr_carea' id='block_1_1' title="bbox 515 204 1831 263">
    <p class='ocr_par' dir='ltr' id='par_1_1' title="bbox 515 204 1831 263">
     <span class='ocr_line' id='line_1_1' title="bbox 515 204 1831 263; baseline -0.008 -9"><span class='ocrx_word' id='word_1_1' title='bbox 515 214 610 255; x_wconf 69' lang='lat' dir='ltr'>Cn».</span> <span class='ocrx_word' id='word_1_2' title='bbox 640 211 1016 253; x_wconf 87' lang='lat' dir='ltr'>XXXVIII—XL.</span> <span class='ocrx_word' id='word_1_3' title='bbox 1053 208 1126 263; x_wconf 82' lang='lat'>§§.</span> <span class='ocrx_word' id='word_1_4' title='bbox 1157 205 1404 248; x_wconf 50' lang='lat'>404—1111.</span> <span class='ocrx_word' id='word_1_5' title='bbox 1751 204 1831 245; x_wconf 77' lang='lat'>573</span> 
     </span>
    </p>
   </div>
   <div class='ocr_carea' id='block_1_2' title="bbox 97 318 1899 2542">
    <p class='ocr_par' dir='ltr' id='par_1_2' title="bbox 97 318 1899 2542">
     <span class='ocr_line' id='line_1_2' title="bbox 97 318 1833 375; baseline -0.007 -7"><span class='ocrx_word' id='word_1_6' title='bbox 97 329 146 368; x_wconf 91' lang='lat' dir='ltr'>ab</span> <span class='ocrx_word' id='word_1_7' title='bbox 177 327 388 374; x_wconf 83' lang='lat' dir='ltr'>omnibus,</span> <span class='ocrx_word' id='word_1_8' title='bbox 427 326 644 366; x_wconf 90' lang='lat' dir='ltr'>verborum</span> <span class='ocrx_word' id='word_1_9' title='bbox 675 328 914 363; x_wconf 87' lang='lat' dir='ltr'>ornamenta</span> <span class='ocrx_word' id='word_1_10' title='bbox 950 336 1034 362; x_wconf 93' lang='lat' dir='ltr'>non</span> <span class='ocrx_word' id='word_1_11' title='bbox 1066 324 1282 375; x_wconf 89' lang='lat' dir='ltr'>quaerunt.</span> <span class='ocrx_word' id='word_1_12' title='bbox 1333 318 1479 366; x_wconf 89' lang='lat' dir='ltr'>Qualis</span> <span class='ocrx_word' id='word_1_13' title='bbox 1510 318 1573 357; x_wconf 89' lang='lat' dir='ltr'>vir</span> <span class='ocrx_word' id='word_1_14' title='bbox 1601 319 1654 357; x_wconf 81' lang='lat' dir='ltr'>M.</span> <span class='ocrx_word' id='word_1_15' title='bbox 1687 319 1833 357; x_wconf 75' lang='lat' dir='ltr'>Iuven-</span> 
     </span>
     <span class='ocr_line' id='line_1_3' title="bbox 98 380 1833 436; baseline -0.006 -7"><span class='ocrx_word' id='word_1_16' title='bbox 98 392 178 431; x_wconf 90' lang='lat' dir='ltr'>tius</span> <span class='ocrx_word' id='word_1_17' title='bbox 208 390 316 429; x_wconf 87' lang='lat' dir='ltr'>Pedo</span> <span class='ocrx_word' id='word_1_18' title='bbox 346 389 423 428; x_wconf 83' lang='lat' dir='ltr'>suit</span> <span class='ocrx_word' id='word_1_19' title='bbox 452 402 504 428; x_wconf 82' lang='lat' dir='ltr'>ex</span> <span class='ocrx_word' id='word_1_20' title='bbox 534 391 670 427; x_wconf 81' lang='lat' dir='ltr'>vetere</span> <span class='ocrx_word' id='word_1_21' title='bbox 701 385 772 424; x_wconf 91' lang='lat' dir='ltr'>illa</span> <span class='ocrx_word' id='word_1_22' title='bbox 803 385 985 424; x_wconf 89' lang='lat' dir='ltr'>iudicum</span> <span class='ocrx_word' id='word_1_23' title='bbox 1017 383 1264 436; x_wconf 78' lang='lat' dir='ltr'>disciplina?</span> <span class='ocrx_word' id='word_1_24' title='bbox 1296 380 1431 434; x_wconf 88' lang='lat' dir='ltr'>qualis</span> <span class='ocrx_word' id='word_1_25' title='bbox 1464 381 1506 420; x_wconf 88' lang='lat' dir='ltr'>L.</span> <span class='ocrx_word' id='word_1_26' title='bbox 1539 381 1706 420; x_wconf 87' lang='lat' dir='ltr'>Caulius</span> <span class='ocrx_word' id='word_1_27' title='bbox 1726 382 1833 420; x_wconf 84' lang='lat' dir='ltr'>Mer-</span> 
     </span>
     <span class='ocr_line' id='line_1_4' title="bbox 97 442 1831 505; baseline -0.007 -14"><span class='ocrx_word' id='word_1_28' title='bbox 97 454 204 505; x_wconf 73' lang='lat' dir='ltr'>gus?</span> <span class='ocrx_word' id='word_1_29' title='bbox 249 452 302 490; x_wconf 79' lang='lat' dir='ltr'>M.</span> <span class='ocrx_word' id='word_1_30' title='bbox 334 450 524 490; x_wconf 77' lang='lat' dir='ltr'>Basilus?</span> <span class='ocrx_word' id='word_1_31' title='bbox 571 448 612 487; x_wconf 93' lang='lat' dir='ltr'>C.</span> <span class='ocrx_word' id='word_1_32' title='bbox 646 446 885 486; x_wconf 76' lang='lat' dir='ltr'>Caudinus?</span> <span class='ocrx_word' id='word_1_33' title='bbox 918 447 989 499; x_wconf 89' lang='lat' dir='ltr'>qui</span> <span class='ocrx_word' id='word_1_34' title='bbox 1020 458 1161 485; x_wconf 89' lang='lat' dir='ltr'>omnes</span> <span class='ocrx_word' id='word_1_35' title='bbox 1192 444 1233 482; x_wconf 88' lang='lat' dir='ltr'>in</span> <span class='ocrx_word' id='word_1_36' title='bbox 1264 442 1427 482; x_wconf 87' lang='lat' dir='ltr'>iudiciis</span> <span class='ocrx_word' id='word_1_37' title='bbox 1448 442 1624 494; x_wconf 90' lang='lat' dir='ltr'>publicis</span> <span class='ocrx_word' id='word_1_38' title='bbox 1647 443 1726 481; x_wconf 90' lang='lat' dir='ltr'>iam</span> <span class='ocrx_word' id='word_1_39' title='bbox 1748 447 1831 481; x_wconf 89' lang='lat' dir='ltr'>tum</span> 
     </span>
     <span class='ocr_line' id='line_1_5' title="bbox 100 503 1832 564; baseline -0.006 -11"><span class='ocrx_word' id='word_1_40' title='bbox 100 517 269 554; x_wconf 69' lang='lat' dir='ltr'>lloronte</span> <span class='ocrx_word' id='word_1_41' title='bbox 301 526 343 552; x_wconf 91' lang='lat' dir='ltr'>re</span> <span class='ocrx_word' id='word_1_42' title='bbox 375 511 537 564; x_wconf 90' lang='lat' dir='ltr'>publica</span> <span class='ocrx_word' id='word_1_43' title='bbox 568 507 806 548; x_wconf 82' lang='lat' dir='ltr'>floruerunt.</span> <span class='ocrx_word' id='word_1_44' title='bbox 852 508 914 546; x_wconf 76' lang='lat' dir='ltr'>Ex</span> <span class='ocrx_word' id='word_1_45' title='bbox 936 509 1081 547; x_wconf 90' lang='lat' dir='ltr'>eodem</span> <span class='ocrx_word' id='word_1_46' title='bbox 1104 517 1276 545; x_wconf 87' lang='lat' dir='ltr'>numero</span> <span class='ocrx_word' id='word_1_47' title='bbox 1303 504 1346 542; x_wconf 89' lang='lat' dir='ltr'>L.</span> <span class='ocrx_word' id='word_1_48' title='bbox 1371 504 1560 550; x_wconf 87' lang='lat' dir='ltr'>Cassius,</span> <span class='ocrx_word' id='word_1_49' title='bbox 1594 503 1666 543; x_wconf 89' lang='lat' dir='ltr'>Cn.</span> <span class='ocrx_word' id='word_1_50' title='bbox 1688 504 1832 550; x_wconf 88' lang='lat' dir='ltr'>Heius,</span> 
     </span>
     <span class='ocr_line' id='line_1_6' title="bbox 99 566 1865 629; baseline -0.009 -13"><span class='ocrx_word' id='word_1_51' title='bbox 99 577 183 629; x_wconf 85' lang='lat' dir='ltr'>pari</span> <span class='ocrx_word' id='word_1_52' title='bbox 223 582 263 614; x_wconf 89' lang='lat' dir='ltr'>et</span> <span class='ocrx_word' id='word_1_53' title='bbox 293 574 522 626; x_wconf 73' lang='lat' dir='ltr'>integritate</span> <span class='ocrx_word' id='word_1_54' title='bbox 553 575 592 610; x_wconf 91' lang='lat' dir='ltr'>et</span> <span class='ocrx_word' id='word_1_55' title='bbox 628 569 875 622; x_wconf 87' lang='lat' dir='ltr'>prudentia:</span> <span class='ocrx_word' id='word_1_56' title='bbox 916 583 1092 621; x_wconf 89' lang='lat' dir='ltr'>quorum</span> <span class='ocrx_word' id='word_1_57' title='bbox 1122 567 1276 606; x_wconf 91' lang='lat' dir='ltr'>nullius</span> <span class='ocrx_word' id='word_1_58' title='bbox 1309 566 1514 605; x_wconf 90' lang='lat' dir='ltr'>sententia</span> <span class='ocrx_word' id='word_1_59' title='bbox 1545 570 1607 604; x_wconf 90' lang='lat' dir='ltr'>est</span> <span class='ocrx_word' id='word_1_60' title='bbox 1637 566 1865 618; x_wconf 74' lang='lat' dir='ltr'>Oppiani-r.</span> 
     </span>
     <span class='ocr_line' id='line_1_7' title="bbox 99 626 1834 685; baseline -0.007 -7"><span class='ocrx_word' id='word_1_61' title='bbox 99 652 169 677; x_wconf 79' lang='lat' dir='ltr'>rus</span> <span class='ocrx_word' id='word_1_62' title='bbox 201 637 425 677; x_wconf 87' lang='lat' dir='ltr'>absolutus.</span> <span class='ocrx_word' id='word_1_63' title='bbox 467 635 601 685; x_wconf 85' lang='lat' dir='ltr'><strong>Atque</strong></span> <span class='ocrx_word' id='word_1_64' title='bbox 634 632 674 670; x_wconf 92' lang='lat' dir='ltr'>in</span> <span class='ocrx_word' id='word_1_65' title='bbox 706 631 769 669; x_wconf 81' lang='lat' dir='ltr'>his</span> <span class='ocrx_word' id='word_1_66' title='bbox 792 631 981 670; x_wconf 84' lang='lat' dir='ltr'>omnibus</span> <span class='ocrx_word' id='word_1_67' title='bbox 1003 636 1101 670; x_wconf 90' lang='lat' dir='ltr'>natu</span> <span class='ocrx_word' id='word_1_68' title='bbox 1123 628 1338 674; x_wconf 90' lang='lat' dir='ltr'>minimus,</span> <span class='ocrx_word' id='word_1_69' title='bbox 1371 627 1539 679; x_wconf 87' lang='lat' dir='ltr'>ingenio</span> <span class='ocrx_word' id='word_1_70' title='bbox 1562 632 1601 666; x_wconf 90' lang='lat' dir='ltr'>et</span> <span class='ocrx_word' id='word_1_71' title='bbox 1623 626 1834 678; x_wconf 80' lang='lat' dir='ltr'>diligentia</span> 
     </span>
     <span class='ocr_line' id='line_1_8' title="bbox 100 688 1834 750; baseline -0.007 -11"><span class='ocrx_word' id='word_1_72' title='bbox 100 708 138 740; x_wconf 85' lang='lat' dir='ltr'>et</span> <span class='ocrx_word' id='word_1_73' title='bbox 168 700 364 750; x_wconf 74' lang='lat' dir='ltr'>religione</span> <span class='ocrx_word' id='word_1_74' title='bbox 403 708 475 748; x_wconf 89' lang='lat' dir='ltr'>par</span> <span class='ocrx_word' id='word_1_75' title='bbox 511 694 582 739; x_wconf 92' lang='lat' dir='ltr'>iis,</span> <span class='ocrx_word' id='word_1_76' title='bbox 624 706 727 746; x_wconf 86' lang='lat' dir='ltr'>quos</span> <span class='ocrx_word' id='word_1_77' title='bbox 759 698 879 731; x_wconf 83' lang='lat' dir='ltr'>antea</span> <span class='ocrx_word' id='word_1_78' title='bbox 912 691 1248 736; x_wconf 82' lang='lat' dir='ltr'>commemoravi,</span> <span class='ocrx_word' id='word_1_79' title='bbox 1290 690 1331 728; x_wconf 90' lang='lat' dir='ltr'>P.</span> <span class='ocrx_word' id='word_1_80' title='bbox 1365 689 1573 735; x_wconf 82' lang='lat' dir='ltr'>Saturius,</span> <span class='ocrx_word' id='word_1_81' title='bbox 1616 688 1658 727; x_wconf 87' lang='lat' dir='ltr'>in</span> <span class='ocrx_word' id='word_1_82' title='bbox 1690 688 1834 727; x_wconf 88' lang='lat' dir='ltr'>eadem</span> 
     </span>
     <span class='ocr_line' id='line_1_9' title="bbox 99 750 1835 806; baseline -0.008 -3"><span class='ocrx_word' id='word_1_83' title='bbox 99 761 302 802; x_wconf 89' lang='lat' dir='ltr'>sententia</span> <span class='ocrx_word' id='word_1_84' title='bbox 336 757 424 797; x_wconf 86' lang='lat' dir='ltr'>fuit.</span> <span class='ocrx_word' id='word_1_85' title='bbox 485 752 576 793; x_wconf 73' lang='grc'><strong>108.</strong></span> <span class='ocrx_word' id='word_1_86' title='bbox 608 754 641 793; x_wconf 90' lang='lat' dir='ltr'>O</span> <span class='ocrx_word' id='word_1_87' title='bbox 681 754 960 794; x_wconf 80' lang='lat' dir='ltr'>innocentiam</span> <span class='ocrx_word' id='word_1_88' title='bbox 1001 752 1217 806; x_wconf 85' lang='lat' dir='ltr'>Oppianici</span> <span class='ocrx_word' id='word_1_89' title='bbox 1259 750 1531 803; x_wconf 83' lang='lat' dir='ltr'>singulareml</span> <span class='ocrx_word' id='word_1_90' title='bbox 1573 763 1654 802; x_wconf 91' lang='lat' dir='ltr'>quo</span> <span class='ocrx_word' id='word_1_91' title='bbox 1692 751 1734 789; x_wconf 91' lang='lat' dir='ltr'>in</span> <span class='ocrx_word' id='word_1_92' title='bbox 1764 764 1835 789; x_wconf 84' lang='lat' dir='ltr'>reo</span> 
     </span>
     <span class='ocr_line' id='line_1_10' title="bbox 100 811 1836 876; baseline -0.007 -13"><span class='ocrx_word' id='word_1_93' title='bbox 100 824 169 876; x_wconf 86' lang='lat' dir='ltr'>qui</span> <span class='ocrx_word' id='word_1_94' title='bbox 188 819 373 865; x_wconf 61' lang='lat' dir='ltr'>,absolvit</span> <span class='ocrx_word' id='word_1_95' title='bbox 401 817 667 862; x_wconf 89' lang='lat' dir='ltr'>ambitiosus,</span> <span class='ocrx_word' id='word_1_96' title='bbox 707 816 776 869; x_wconf 91' lang='lat' dir='ltr'>qui</span> <span class='ocrx_word' id='word_1_97' title='bbox 809 816 968 856; x_wconf 77' lang='lat' dir='ltr'>distulit</span> <span class='ocrx_word' id='word_1_98' title='bbox 999 820 1165 859; x_wconf 88' lang='lat' dir='ltr'>cautus,</span> <span class='ocrx_word' id='word_1_99' title='bbox 1206 813 1277 866; x_wconf 91' lang='lat' dir='ltr'>qui</span> <span class='ocrx_word' id='word_1_100' title='bbox 1317 811 1609 852; x_wconf 86' lang='lat' dir='ltr'>condemnavit</span> <span class='ocrx_word' id='word_1_101' title='bbox 1643 817 1836 851; x_wconf 87' lang='lat' dir='ltr'>constans</span> 
     </span>
     <span class='ocr_line' id='line_1_11' title="bbox 101 884 1889 923; baseline -0.006 0"><span class='ocrx_word' id='word_1_102' title='bbox 101 885 367 923; x_wconf 79' lang='lat' dir='ltr'>existimatur.</span> <span class='ocrx_word' id='word_1_103' title='bbox 1852 884 1889 912; x_wconf 50' lang='grc' dir='ltr'>ιιι)</span> 
     </span>
     <span class='ocr_line' id='line_1_12' title="bbox 207 938 1837 993; baseline -0.005 -10"><span class='ocrx_word' id='word_1_104' title='bbox 207 942 399 983; x_wconf 84' lang='lat' dir='ltr'>XXXIX.</span> <span class='ocrx_word' id='word_1_105' title='bbox 440 941 551 980; x_wconf 84' lang='lat' dir='ltr'>Haec</span> <span class='ocrx_word' id='word_1_106' title='bbox 594 946 678 980; x_wconf 90' lang='lat' dir='ltr'>tum</span> <span class='ocrx_word' id='word_1_107' title='bbox 722 946 866 993; x_wconf 83' lang='lat' dir='ltr'>agente</span> <span class='ocrx_word' id='word_1_108' title='bbox 907 940 1102 988; x_wconf 88' lang='lat' dir='ltr'>Quinctio</span> <span class='ocrx_word' id='word_1_109' title='bbox 1143 951 1279 991; x_wconf 86' lang='lat' dir='ltr'>neque</span> <span class='ocrx_word' id='word_1_110' title='bbox 1320 938 1361 976; x_wconf 91' lang='lat' dir='ltr'>in</span> <span class='ocrx_word' id='word_1_111' title='bbox 1403 938 1597 976; x_wconf 89' lang='lat' dir='ltr'>contione</span> <span class='ocrx_word' id='word_1_112' title='bbox 1627 950 1765 991; x_wconf 89' lang='lat' dir='ltr'>neque</span> <span class='ocrx_word' id='word_1_113' title='bbox 1795 938 1837 976; x_wconf 93' lang='lat' dir='ltr'>in</span> 
     </span>
     <span class='ocr_line' id='line_1_13' title="bbox 100 999 1840 1055; baseline -0.004 -10"><span class='ocrx_word' id='word_1_114' title='bbox 100 1006 247 1046; x_wconf 89' lang='lat' dir='ltr'>iudicio</span> <span class='ocrx_word' id='word_1_115' title='bbox 277 1003 557 1042; x_wconf 88' lang='lat' dir='ltr'>demonstrata</span> <span class='ocrx_word' id='word_1_116' title='bbox 587 1008 701 1042; x_wconf 89' lang='lat' dir='ltr'>sunt:</span> <span class='ocrx_word' id='word_1_117' title='bbox 742 1016 878 1055; x_wconf 87' lang='lat' dir='ltr'>neque</span> <span class='ocrx_word' id='word_1_118' title='bbox 911 1003 1018 1042; x_wconf 90' lang='lat' dir='ltr'>enim</span> <span class='ocrx_word' id='word_1_119' title='bbox 1051 1003 1139 1054; x_wconf 87' lang='lat' dir='ltr'>ipse</span> <span class='ocrx_word' id='word_1_120' title='bbox 1171 1001 1253 1040; x_wconf 83' lang='lat' dir='ltr'>dici</span> <span class='ocrx_word' id='word_1_121' title='bbox 1283 999 1516 1052; x_wconf 85' lang='lat' dir='ltr'>patiebatur</span> <span class='ocrx_word' id='word_1_122' title='bbox 1536 1012 1611 1039; x_wconf 87' lang='lat' dir='ltr'>nec</span> <span class='ocrx_word' id='word_1_123' title='bbox 1641 1014 1716 1053; x_wconf 91' lang='lat' dir='ltr'>per</span> <span class='ocrx_word' id='word_1_124' title='bbox 1736 999 1840 1039; x_wconf 87' lang='lat' dir='ltr'>mul-</span> 
     </span>
     <span class='ocr_line' id='line_1_14' title="bbox 100 1061 1839 1117; baseline -0.003 -10"><span class='ocrx_word' id='word_1_125' title='bbox 100 1067 316 1108; x_wconf 82' lang='lat' dir='ltr'>titudinem</span> <span class='ocrx_word' id='word_1_126' title='bbox 347 1065 591 1104; x_wconf 86' lang='lat' dir='ltr'>concitatam</span> <span class='ocrx_word' id='word_1_127' title='bbox 623 1064 848 1104; x_wconf 81' lang='lat' dir='ltr'>consistere</span> <span class='ocrx_word' id='word_1_128' title='bbox 879 1064 1071 1117; x_wconf 88' lang='lat' dir='ltr'>cuiquam</span> <span class='ocrx_word' id='word_1_129' title='bbox 1103 1064 1144 1102; x_wconf 90' lang='lat' dir='ltr'>in</span> <span class='ocrx_word' id='word_1_130' title='bbox 1166 1061 1343 1101; x_wconf 86' lang='lat' dir='ltr'>dicendo</span> <span class='ocrx_word' id='word_1_131' title='bbox 1375 1061 1535 1101; x_wconf 86' lang='lat' dir='ltr'>licebat.</span> <span class='ocrx_word' id='word_1_132' title='bbox 1573 1062 1715 1115; x_wconf 91' lang='lat' dir='ltr'>Itaque</span> <span class='ocrx_word' id='word_1_133' title='bbox 1736 1063 1839 1115; x_wconf 89' lang='lat' dir='ltr'>ipse,</span> 
     </span>
     <span class='ocr_line' id='line_1_15' title="bbox 98 1124 1839 1182; baseline -0.004 -13"><span class='ocrx_word' id='word_1_134' title='bbox 98 1134 315 1182; x_wconf 84' lang='lat' dir='ltr'>postquam</span> <span class='ocrx_word' id='word_1_135' title='bbox 346 1127 510 1166; x_wconf 90' lang='lat' dir='ltr'>Iunium</span> <span class='ocrx_word' id='word_1_136' title='bbox 540 1127 758 1179; x_wconf 81' lang='lat' dir='ltr'>pervertit,</span> <span class='ocrx_word' id='word_1_137' title='bbox 800 1131 925 1165; x_wconf 89' lang='lat' dir='ltr'>totam</span> <span class='ocrx_word' id='word_1_138' title='bbox 957 1139 1121 1165; x_wconf 92' lang='lat' dir='ltr'>causam</span> <span class='ocrx_word' id='word_1_139' title='bbox 1152 1124 1332 1177; x_wconf 90' lang='lat' dir='ltr'>reliquit.</span> <span class='ocrx_word' id='word_1_140' title='bbox 1380 1124 1519 1162; x_wconf 87' lang='lat' dir='ltr'>Paucis</span> <span class='ocrx_word' id='word_1_141' title='bbox 1552 1124 1661 1163; x_wconf 91' lang='lat' dir='ltr'>enim</span> <span class='ocrx_word' id='word_1_142' title='bbox 1694 1124 1839 1164; x_wconf 85' lang='lat' dir='ltr'>diebus</span> 
     </span>
     <span class='ocr_line' id='line_1_16' title="bbox 97 1184 1892 1244; baseline -0.005 -13"><span class='ocrx_word' id='word_1_143' title='bbox 97 1192 177 1231; x_wconf 92' lang='lat' dir='ltr'>illis</span> <span class='ocrx_word' id='word_1_144' title='bbox 209 1196 250 1231; x_wconf 91' lang='lat' dir='ltr'>et</span> <span class='ocrx_word' id='word_1_145' title='bbox 277 1192 365 1244; x_wconf 91' lang='lat' dir='ltr'>ipse</span> <span class='ocrx_word' id='word_1_146' title='bbox 397 1189 580 1242; x_wconf 85' lang='lat' dir='ltr'>privatus</span> <span class='ocrx_word' id='word_1_147' title='bbox 613 1195 674 1228; x_wconf 90' lang='lat' dir='ltr'>est</span> <span class='ocrx_word' id='word_1_148' title='bbox 704 1188 834 1228; x_wconf 86' lang='lat' dir='ltr'>sactus</span> <span class='ocrx_word' id='word_1_149' title='bbox 857 1194 896 1227; x_wconf 78' lang='lat' dir='ltr'>et</span> <span class='ocrx_word' id='word_1_150' title='bbox 925 1188 1139 1227; x_wconf 89' lang='lat' dir='ltr'>hominum</span> <span class='ocrx_word' id='word_1_151' title='bbox 1164 1185 1302 1225; x_wconf 88' lang='lat' dir='ltr'>studia</span> <span class='ocrx_word' id='word_1_152' title='bbox 1323 1184 1547 1225; x_wconf 88' lang='lat' dir='ltr'>defervisse</span> <span class='ocrx_word' id='word_1_153' title='bbox 1569 1185 1839 1238; x_wconf 87' lang='lat' dir='ltr'>intelligebat.</span> <span class='ocrx_word' id='word_1_154' title='bbox 1856 1193 1892 1223; x_wconf 69' lang='lat'>15</span> 
     </span>
     <span class='ocr_line' id='line_1_17' title="bbox 99 1246 1842 1306; baseline -0.002 -14"><span class='ocrx_word' id='word_1_155' title='bbox 99 1252 222 1302; x_wconf 88' lang='lat' dir='ltr'>Quod</span> <span class='ocrx_word' id='word_1_156' title='bbox 252 1253 307 1299; x_wconf 94' lang='lat' dir='ltr'>si,</span> <span class='ocrx_word' id='word_1_157' title='bbox 336 1264 409 1306; x_wconf 88' lang='lat' dir='ltr'>per</span> <span class='ocrx_word' id='word_1_158' title='bbox 440 1264 545 1304; x_wconf 88' lang='lat' dir='ltr'>quos</span> <span class='ocrx_word' id='word_1_159' title='bbox 577 1251 664 1290; x_wconf 92' lang='lat' dir='ltr'>dies</span> <span class='ocrx_word' id='word_1_160' title='bbox 694 1251 857 1289; x_wconf 90' lang='lat' dir='ltr'>Iunium</span> <span class='ocrx_word' id='word_1_161' title='bbox 884 1249 1114 1294; x_wconf 82' lang='lat' dir='ltr'>accusavit,</span> <span class='ocrx_word' id='word_1_162' title='bbox 1145 1246 1451 1287; x_wconf 88' lang='lat' dir='ltr'>Fidiculanium</span> <span class='ocrx_word' id='word_1_163' title='bbox 1472 1260 1665 1289; x_wconf 88' lang='lat' dir='ltr'>accusare</span> <span class='ocrx_word' id='word_1_164' title='bbox 1686 1248 1842 1289; x_wconf 81' lang='lat' dir='ltr'>voluis-</span> 
     </span>
     <span class='ocr_line' id='line_1_18' title="bbox 98 1309 1842 1367; baseline -0.003 -12"><span class='ocrx_word' id='word_1_165' title='bbox 98 1321 178 1362; x_wconf 88' lang='lat' dir='ltr'>set,</span> <span class='ocrx_word' id='word_1_166' title='bbox 218 1313 498 1367; x_wconf 89' lang='lat' dir='ltr'>respondendi</span> <span class='ocrx_word' id='word_1_167' title='bbox 538 1312 797 1352; x_wconf 90' lang='lat' dir='ltr'>Fidiculanio</span> <span class='ocrx_word' id='word_1_168' title='bbox 837 1316 1018 1364; x_wconf 87' lang='lat' dir='ltr'>potestas</span> <span class='ocrx_word' id='word_1_169' title='bbox 1048 1309 1155 1350; x_wconf 87' lang='lat' dir='ltr'>facta</span> <span class='ocrx_word' id='word_1_170' title='bbox 1185 1322 1268 1349; x_wconf 89' lang='lat' dir='ltr'>non</span> <span class='ocrx_word' id='word_1_171' title='bbox 1304 1313 1425 1348; x_wconf 91' lang='lat' dir='ltr'>esset.</span> <span class='ocrx_word' id='word_1_172' title='bbox 1483 1310 1542 1348; x_wconf 83' lang='lat' dir='ltr'>Ac</span> <span class='ocrx_word' id='word_1_173' title='bbox 1580 1311 1713 1363; x_wconf 91' lang='lat' dir='ltr'>primo</span> <span class='ocrx_word' id='word_1_174' title='bbox 1751 1311 1842 1364; x_wconf 91' lang='lat' dir='ltr'>qui-</span> 
     </span>
     <span class='ocr_line' id='line_1_19' title="bbox 98 1370 1842 1427; baseline -0.002 -11"><span class='ocrx_word' id='word_1_175' title='bbox 98 1377 191 1417; x_wconf 89' lang='lat' dir='ltr'>dem</span> <span class='ocrx_word' id='word_1_176' title='bbox 223 1375 413 1416; x_wconf 91' lang='lat' dir='ltr'>omnibus</span> <span class='ocrx_word' id='word_1_177' title='bbox 444 1374 526 1414; x_wconf 92' lang='lat' dir='ltr'>illis</span> <span class='ocrx_word' id='word_1_178' title='bbox 557 1374 784 1419; x_wconf 93' lang='lat' dir='ltr'>iudicibus,</span> <span class='ocrx_word' id='word_1_179' title='bbox 815 1375 886 1427; x_wconf 91' lang='lat' dir='ltr'>qui</span> <span class='ocrx_word' id='word_1_180' title='bbox 909 1373 1186 1426; x_wconf 89' lang='lat' dir='ltr'>Oppianicum</span> <span class='ocrx_word' id='word_1_181' title='bbox 1216 1370 1563 1419; x_wconf 84' lang='lat' dir='ltr'>condemnarant,</span> <span class='ocrx_word' id='word_1_182' title='bbox 1595 1372 1842 1412; x_wconf 88' lang='lat' dir='ltr'>minabatur.</span> 
     </span>
     <span class='ocr_line' id='line_1_20' title="bbox 98 1433 1843 1489; baseline -0.001 -13"><span class='ocrx_word' id='word_1_183' title='bbox 98 1436 190 1477; x_wconf 38' lang='lat'>1109.</span> <span class='ocrx_word' id='word_1_184' title='bbox 220 1438 305 1476; x_wconf 89' lang='lat' dir='ltr'>Iam</span> <span class='ocrx_word' id='word_1_185' title='bbox 349 1436 614 1476; x_wconf 89' lang='lat' dir='ltr'>insolentiam</span> <span class='ocrx_word' id='word_1_186' title='bbox 655 1436 811 1475; x_wconf 88' lang='lat' dir='ltr'>noratis</span> <span class='ocrx_word' id='word_1_187' title='bbox 851 1435 1051 1482; x_wconf 91' lang='lat' dir='ltr'>hominis,</span> <span class='ocrx_word' id='word_1_188' title='bbox 1091 1433 1247 1473; x_wconf 89' lang='lat' dir='ltr'>noratis</span> <span class='ocrx_word' id='word_1_189' title='bbox 1287 1433 1446 1473; x_wconf 86' lang='lat' dir='ltr'>animos</span> <span class='ocrx_word' id='word_1_190' title='bbox 1478 1433 1567 1474; x_wconf 88' lang='lat' dir='ltr'>eius</span> <span class='ocrx_word' id='word_1_191' title='bbox 1598 1449 1644 1476; x_wconf 92' lang='lat' dir='ltr'>ac</span> <span class='ocrx_word' id='word_1_192' title='bbox 1677 1435 1843 1489; x_wconf 81' lang='lat' dir='ltr'>spiritus</span> 
     </span>
     <span class='ocr_line' id='line_1_21' title="bbox 98 1495 1894 1550; baseline -0.003 -10"><span class='ocrx_word' id='word_1_193' title='bbox 98 1499 354 1540; x_wconf 90' lang='lat' dir='ltr'>tribunicios.</span> <span class='ocrx_word' id='word_1_194' title='bbox 405 1498 527 1547; x_wconf 87' lang='lat' dir='ltr'>Quod</span> <span class='ocrx_word' id='word_1_195' title='bbox 570 1503 656 1538; x_wconf 90' lang='lat' dir='ltr'>erat</span> <span class='ocrx_word' id='word_1_196' title='bbox 696 1498 858 1544; x_wconf 90' lang='lat' dir='ltr'>odium,</span> <span class='ocrx_word' id='word_1_197' title='bbox 901 1497 941 1536; x_wconf 90' lang='lat' dir='ltr'>di</span> <span class='ocrx_word' id='word_1_198' title='bbox 973 1495 1250 1535; x_wconf 84' lang='lat' dir='ltr'>immortales!</span> <span class='ocrx_word' id='word_1_199' title='bbox 1294 1508 1400 1548; x_wconf 91' lang='lat' dir='ltr'>quae</span> <span class='ocrx_word' id='word_1_200' title='bbox 1432 1496 1646 1548; x_wconf 86' lang='lat' dir='ltr'>superbia!</span> <span class='ocrx_word' id='word_1_201' title='bbox 1690 1502 1894 1550; x_wconf 64' lang='lat' dir='ltr'>quantam</span> 
     </span>
     <span class='ocr_line' id='line_1_22' title="bbox 98 1558 1844 1615; baseline -0.002 -13"><span class='ocrx_word' id='word_1_202' title='bbox 98 1562 300 1615; x_wconf 84' lang='lat' dir='ltr'>ignoratio</span> <span class='ocrx_word' id='word_1_203' title='bbox 332 1561 422 1601; x_wconf 89' lang='lat' dir='ltr'>sui!</span> <span class='ocrx_word' id='word_1_204' title='bbox 455 1574 580 1614; x_wconf 89' lang='lat' dir='ltr'>quam</span> <span class='ocrx_word' id='word_1_205' title='bbox 610 1561 743 1613; x_wconf 81' lang='lat' dir='ltr'>gravis</span> <span class='ocrx_word' id='word_1_206' title='bbox 774 1565 899 1613; x_wconf 88' lang='lat' dir='ltr'>atque</span> <span class='ocrx_word' id='word_1_207' title='bbox 931 1558 1202 1598; x_wconf 88' lang='lat' dir='ltr'>intolerabilis</span> <span class='ocrx_word' id='word_1_208' title='bbox 1233 1558 1488 1610; x_wconf 73' lang='lat' dir='ltr'>arrogantia!</span> <span class='ocrx_word' id='word_1_209' title='bbox 1529 1558 1600 1611; x_wconf 94' lang='lat' dir='ltr'>qui</span> <span class='ocrx_word' id='word_1_210' title='bbox 1629 1558 1732 1598; x_wconf 93' lang='lat' dir='ltr'>illud</span> <span class='ocrx_word' id='word_1_211' title='bbox 1763 1559 1844 1598; x_wconf 87' lang='lat' dir='ltr'>iam</span> 
     </span>
     <span class='ocr_line' id='line_1_23' title="bbox 98 1619 1846 1677; baseline -0.002 -14"><span class='ocrx_word' id='word_1_212' title='bbox 98 1626 234 1677; x_wconf 91' lang='lat' dir='ltr'>ipsum</span> <span class='ocrx_word' id='word_1_213' title='bbox 264 1622 409 1662; x_wconf 89' lang='lat' dir='ltr'>acerbe</span> <span class='ocrx_word' id='word_1_214' title='bbox 439 1623 601 1669; x_wconf 86' lang='lat' dir='ltr'>tulerit,</span> <span class='ocrx_word' id='word_1_215' title='bbox 640 1636 691 1662; x_wconf 81' lang='lat' dir='ltr'>ex</span> <span class='ocrx_word' id='word_1_216' title='bbox 722 1636 803 1675; x_wconf 92' lang='lat' dir='ltr'>quo</span> <span class='ocrx_word' id='word_1_217' title='bbox 847 1622 916 1661; x_wconf 85' lang='lat' dir='ltr'>illa</span> <span class='ocrx_word' id='word_1_218' title='bbox 950 1626 1045 1660; x_wconf 84' lang='lat' dir='ltr'>nata</span> <span class='ocrx_word' id='word_1_219' title='bbox 1076 1625 1170 1660; x_wconf 90' lang='lat' dir='ltr'>sunt</span> <span class='ocrx_word' id='word_1_220' title='bbox 1200 1619 1360 1666; x_wconf 89' lang='lat' dir='ltr'>omnia,</span> <span class='ocrx_word' id='word_1_221' title='bbox 1403 1633 1487 1659; x_wconf 94' lang='lat' dir='ltr'>non</span> <span class='ocrx_word' id='word_1_222' title='bbox 1518 1620 1595 1660; x_wconf 89' lang='lat' dir='ltr'>sibi</span> <span class='ocrx_word' id='word_1_223' title='bbox 1626 1633 1672 1660; x_wconf 94' lang='lat' dir='ltr'>ac</span> <span class='ocrx_word' id='word_1_224' title='bbox 1704 1620 1846 1660; x_wconf 88' lang='lat' dir='ltr'>defen-</span> 
     </span>
     <span class='ocr_line' id='line_1_24' title="bbox 100 1682 1845 1736; baseline -0.003 -9"><span class='ocrx_word' id='word_1_225' title='bbox 100 1688 207 1727; x_wconf 90' lang='lat' dir='ltr'>sioni</span> <span class='ocrx_word' id='word_1_226' title='bbox 237 1699 334 1726; x_wconf 90' lang='lat' dir='ltr'>suae</span> <span class='ocrx_word' id='word_1_227' title='bbox 366 1685 642 1725; x_wconf 87' lang='lat' dir='ltr'>condonatum</span> <span class='ocrx_word' id='word_1_228' title='bbox 674 1697 764 1724; x_wconf 89' lang='lat' dir='ltr'>esse</span> <span class='ocrx_word' id='word_1_229' title='bbox 795 1684 1089 1736; x_wconf 87' lang='lat' dir='ltr'>Oppianicum,</span> <span class='ocrx_word' id='word_1_230' title='bbox 1132 1682 1307 1735; x_wconf 91' lang='lat' dir='ltr'>proinde</span> <span class='ocrx_word' id='word_1_231' title='bbox 1339 1682 1457 1735; x_wconf 90' lang='lat' dir='ltr'>quasi</span> <span class='ocrx_word' id='word_1_232' title='bbox 1491 1695 1576 1722; x_wconf 88' lang='lat' dir='ltr'>non</span> <span class='ocrx_word' id='word_1_233' title='bbox 1608 1684 1706 1723; x_wconf 92' lang='lat' dir='ltr'>satis</span> <span class='ocrx_word' id='word_1_234' title='bbox 1737 1683 1845 1736; x_wconf 91' lang='lat' dir='ltr'>signi</span> 
     </span>
     <span class='ocr_line' id='line_1_25' title="bbox 101 1743 1846 1798; baseline -0.002 -10"><span class='ocrx_word' id='word_1_235' title='bbox 101 1762 190 1788; x_wconf 76' lang='lat' dir='ltr'>esse</span> <span class='ocrx_word' id='word_1_236' title='bbox 229 1748 417 1788; x_wconf 87' lang='lat' dir='ltr'>debuerit</span> <span class='ocrx_word' id='word_1_237' title='bbox 463 1747 513 1786; x_wconf 90' lang='lat' dir='ltr'>ab</span> <span class='ocrx_word' id='word_1_238' title='bbox 553 1747 742 1787; x_wconf 88' lang='lat' dir='ltr'>omnibus</span> <span class='ocrx_word' id='word_1_239' title='bbox 783 1759 875 1785; x_wconf 91' lang='lat' dir='ltr'>eum</span> <span class='ocrx_word' id='word_1_240' title='bbox 917 1745 1046 1784; x_wconf 86' lang='lat' dir='ltr'>fuisse</span> <span class='ocrx_word' id='word_1_241' title='bbox 1078 1743 1308 1790; x_wconf 85' lang='lat' dir='ltr'>desertum,</span> <span class='ocrx_word' id='word_1_242' title='bbox 1354 1744 1425 1797; x_wconf 92' lang='lat' dir='ltr'>qui</span> <span class='ocrx_word' id='word_1_243' title='bbox 1464 1758 1508 1784; x_wconf 90' lang='lat' dir='ltr'>se</span> <span class='ocrx_word' id='word_1_244' title='bbox 1539 1745 1591 1784; x_wconf 87' lang='lat' dir='ltr'>ad</span> <span class='ocrx_word' id='word_1_245' title='bbox 1628 1751 1846 1798; x_wconf 91' lang='lat' dir='ltr'>patronum</span> 
     </span>
     <span class='ocr_line' id='line_1_26' title="bbox 102 1806 1896 1859; baseline -0.003 -9"><span class='ocrx_word' id='word_1_246' title='bbox 102 1811 217 1850; x_wconf 88' lang='lat' dir='ltr'>illum</span> <span class='ocrx_word' id='word_1_247' title='bbox 249 1809 504 1849; x_wconf 87' lang='lat' dir='ltr'>contulisset.</span> <span class='ocrx_word' id='word_1_248' title='bbox 548 1809 645 1847; x_wconf 89' lang='lat' dir='ltr'>Erat</span> <span class='ocrx_word' id='word_1_249' title='bbox 676 1808 784 1848; x_wconf 91' lang='lat' dir='ltr'>enim</span> <span class='ocrx_word' id='word_1_250' title='bbox 816 1808 969 1846; x_wconf 78' lang='lat' dir='ltr'>Romae</span> <span class='ocrx_word' id='word_1_251' title='bbox 991 1818 1148 1845; x_wconf 90' lang='lat' dir='ltr'>summa</span> <span class='ocrx_word' id='word_1_252' title='bbox 1170 1806 1289 1859; x_wconf 91' lang='lat' dir='ltr'>copia</span> <span class='ocrx_word' id='word_1_253' title='bbox 1310 1812 1600 1859; x_wconf 90' lang='lat' dir='ltr'>patronorum,</span> <span class='ocrx_word' id='word_1_254' title='bbox 1632 1808 1846 1848; x_wconf 91' lang='lat' dir='ltr'>hominum</span> <span class='ocrx_word' id='word_1_255' title='bbox 1859 1816 1896 1846; x_wconf 77' lang='lat'>‘25</span> 
     </span>
     <span class='ocr_line' id='line_1_27' title="bbox 102 1869 1846 1926; baseline -0.001 -15"><span class='ocrx_word' id='word_1_256' title='bbox 102 1872 535 1926; x_wconf 85' lang='lat' dir='ltr'>eloquentissimorum</span> <span class='ocrx_word' id='word_1_257' title='bbox 566 1876 689 1923; x_wconf 91' lang='lat' dir='ltr'>atque</span> <span class='ocrx_word' id='word_1_258' title='bbox 719 1870 1090 1922; x_wconf 86' lang='lat' dir='ltr'>amplissimorum,</span> <span class='ocrx_word' id='word_1_259' title='bbox 1122 1881 1297 1920; x_wconf 89' lang='lat' dir='ltr'>quorum</span> <span class='ocrx_word' id='word_1_260' title='bbox 1330 1874 1439 1908; x_wconf 87' lang='lat' dir='ltr'>certe</span> <span class='ocrx_word' id='word_1_261' title='bbox 1466 1869 1617 1923; x_wconf 85' lang='lat' dir='ltr'>aliquis</span> <span class='ocrx_word' id='word_1_262' title='bbox 1638 1869 1846 1910; x_wconf 87' lang='lat' dir='ltr'>defendis-</span> 
     </span>
     <span class='ocr_line' id='line_1_28' title="bbox 101 1929 1847 1987; baseline -0.001 -13"><span class='ocrx_word' id='word_1_263' title='bbox 101 1939 164 1974; x_wconf 90' lang='lat' dir='ltr'>set</span> <span class='ocrx_word' id='word_1_264' title='bbox 194 1934 376 1987; x_wconf 86' lang='lat' dir='ltr'>equitem</span> <span class='ocrx_word' id='word_1_265' title='bbox 407 1934 658 1979; x_wconf 84' lang='lat' dir='ltr'>Romanum,</span> <span class='ocrx_word' id='word_1_266' title='bbox 698 1933 739 1971; x_wconf 90' lang='lat' dir='ltr'>in</span> <span class='ocrx_word' id='word_1_267' title='bbox 770 1931 996 1983; x_wconf 87' lang='lat' dir='ltr'>municipio</span> <span class='ocrx_word' id='word_1_268' title='bbox 1029 1943 1104 1969; x_wconf 91' lang='lat' dir='ltr'>suo</span> <span class='ocrx_word' id='word_1_269' title='bbox 1136 1929 1339 1976; x_wconf 87' lang='lat' dir='ltr'>nobilem,</span> <span class='ocrx_word' id='word_1_270' title='bbox 1381 1931 1415 1970; x_wconf 94' lang='lat' dir='ltr'>si</span> <span class='ocrx_word' id='word_1_271' title='bbox 1455 1930 1629 1971; x_wconf 89' lang='lat' dir='ltr'>honeste</span> <span class='ocrx_word' id='word_1_272' title='bbox 1660 1937 1847 1985; x_wconf 89' lang='lat' dir='ltr'>putasset</span> 
     </span>
     <span class='ocr_line' id='line_1_29' title="bbox 102 1989 1846 2048; baseline -0.002 -12"><span class='ocrx_word' id='word_1_273' title='bbox 102 1998 191 2037; x_wconf 91' lang='lat' dir='ltr'>eius</span> <span class='ocrx_word' id='word_1_274' title='bbox 222 1995 335 2035; x_wconf 89' lang='lat' dir='ltr'>modi</span> <span class='ocrx_word' id='word_1_275' title='bbox 365 2008 529 2035; x_wconf 90' lang='lat' dir='ltr'>causam</span> <span class='ocrx_word' id='word_1_276' title='bbox 561 2007 683 2047; x_wconf 89' lang='lat' dir='ltr'>posse</span> <span class='ocrx_word' id='word_1_277' title='bbox 704 1992 884 2033; x_wconf 87' lang='lat' dir='ltr'>defendi.</span> <span class='ocrx_word' id='word_1_278' title='bbox 936 1992 1021 2031; x_wconf 79' lang='lat' dir='ltr'>XL.</span> <span class='ocrx_word' id='word_1_279' title='bbox 1044 1989 1059 2030; x_wconf 70' lang='grc' dir='ltr'>ΔΙ</span> <span class='ocrx_word' id='word_1_280' title='bbox 1080 1989 1136 2031; x_wconf 82' lang='lat' dir='ltr'>lO.</span> <span class='ocrx_word' id='word_1_281' title='bbox 1168 1993 1270 2031; x_wconf 80' lang='lat' dir='ltr'>Nam</span> <span class='ocrx_word' id='word_1_282' title='bbox 1293 1992 1510 2040; x_wconf 88' lang='lat' dir='ltr'>Quinctius</span> <span class='ocrx_word' id='word_1_283' title='bbox 1532 1994 1701 2046; x_wconf 90' lang='lat' dir='ltr'>quidem</span> <span class='ocrx_word' id='word_1_284' title='bbox 1723 2007 1846 2048; x_wconf 91' lang='lat' dir='ltr'>quam</span> 
     </span>
     <span class='ocr_line' id='line_1_30' title="bbox 102 2053 1845 2110; baseline -0.001 -12"><span class='ocrx_word' id='word_1_285' title='bbox 102 2071 266 2098; x_wconf 74' lang='lat' dir='ltr'>causam</span> <span class='ocrx_word' id='word_1_286' title='bbox 295 2070 491 2110; x_wconf 88' lang='lat' dir='ltr'>umquam</span> <span class='ocrx_word' id='word_1_287' title='bbox 520 2062 642 2096; x_wconf 87' lang='lat' dir='ltr'>antea</span> <span class='ocrx_word' id='word_1_288' title='bbox 672 2055 850 2102; x_wconf 80' lang='lat' dir='ltr'>dixerat,</span> <span class='ocrx_word' id='word_1_289' title='bbox 883 2069 972 2094; x_wconf 88' lang='lat' dir='ltr'>cum</span> <span class='ocrx_word' id='word_1_290' title='bbox 1002 2067 1134 2094; x_wconf 89' lang='lat' dir='ltr'>annos</span> <span class='ocrx_word' id='word_1_291' title='bbox 1165 2053 1216 2092; x_wconf 88' lang='lat' dir='ltr'>ad</span> <span class='ocrx_word' id='word_1_292' title='bbox 1239 2054 1539 2108; x_wconf 89' lang='lat' dir='ltr'>quinquaginta</span> <span class='ocrx_word' id='word_1_293' title='bbox 1560 2060 1680 2096; x_wconf 88' lang='lat' dir='ltr'>natus</span> <span class='ocrx_word' id='word_1_294' title='bbox 1712 2059 1845 2097; x_wconf 69' lang='lat' dir='ltr'>esset?</span> 
     </span>
     <span class='ocr_line' id='line_1_31' title="bbox 104 2116 1898 2174; baseline -0.002 -15"><span class='ocrx_word' id='word_1_295' title='bbox 104 2121 196 2174; x_wconf 90' lang='lat' dir='ltr'>quis</span> <span class='ocrx_word' id='word_1_296' title='bbox 227 2133 321 2159; x_wconf 92' lang='lat' dir='ltr'>eum</span> <span class='ocrx_word' id='word_1_297' title='bbox 351 2132 545 2172; x_wconf 89' lang='lat' dir='ltr'>umquam</span> <span class='ocrx_word' id='word_1_298' title='bbox 577 2132 659 2158; x_wconf 90' lang='lat' dir='ltr'>non</span> <span class='ocrx_word' id='word_1_299' title='bbox 692 2117 814 2157; x_wconf 89' lang='lat' dir='ltr'>modo</span> <span class='ocrx_word' id='word_1_300' title='bbox 847 2117 887 2156; x_wconf 89' lang='lat' dir='ltr'>iu</span> <span class='ocrx_word' id='word_1_301' title='bbox 918 2116 1100 2170; x_wconf 87' lang='lat' dir='ltr'>patroni,</span> <span class='ocrx_word' id='word_1_302' title='bbox 1133 2117 1205 2156; x_wconf 90' lang='lat' dir='ltr'>sed</span> <span class='ocrx_word' id='word_1_303' title='bbox 1236 2116 1278 2155; x_wconf 91' lang='lat' dir='ltr'>in</span> <span class='ocrx_word' id='word_1_304' title='bbox 1309 2117 1534 2157; x_wconf 90' lang='lat' dir='ltr'>laudatoris</span> <span class='ocrx_word' id='word_1_305' title='bbox 1557 2124 1628 2158; x_wconf 92' lang='lat' dir='ltr'>aut</span> <span class='ocrx_word' id='word_1_306' title='bbox 1657 2119 1847 2160; x_wconf 89' lang='lat' dir='ltr'>advocati</span> <span class='ocrx_word' id='word_1_307' title='bbox 1861 2128 1898 2157; x_wconf 87' lang='lat'>30</span> 
     </span>
     <span class='ocr_line' id='line_1_32' title="bbox 103 2178 1849 2234; baseline 0.001 -13"><span class='ocrx_word' id='word_1_308' title='bbox 103 2182 193 2221; x_wconf 92' lang='lat' dir='ltr'>loco</span> <span class='ocrx_word' id='word_1_309' title='bbox 223 2180 415 2221; x_wconf 76' lang='lat' dir='ltr'>viderat?</span> <span class='ocrx_word' id='word_1_310' title='bbox 457 2181 529 2234; x_wconf 92' lang='lat' dir='ltr'>qui</span> <span class='ocrx_word' id='word_1_311' title='bbox 561 2179 673 2233; x_wconf 91' lang='lat' dir='ltr'>quod</span> <span class='ocrx_word' id='word_1_312' title='bbox 704 2180 849 2218; x_wconf 86' lang='lat' dir='ltr'>Rostra</span> <span class='ocrx_word' id='word_1_313' title='bbox 880 2179 962 2218; x_wconf 91' lang='lat' dir='ltr'>iam</span> <span class='ocrx_word' id='word_1_314' title='bbox 996 2178 1067 2217; x_wconf 90' lang='lat' dir='ltr'>diu</span> <span class='ocrx_word' id='word_1_315' title='bbox 1096 2191 1225 2218; x_wconf 83' lang='lat' dir='ltr'>vacua</span> <span class='ocrx_word' id='word_1_316' title='bbox 1254 2178 1475 2232; x_wconf 92' lang='lat' dir='ltr'>locumque</span> <span class='ocrx_word' id='word_1_317' title='bbox 1504 2179 1623 2219; x_wconf 92' lang='lat' dir='ltr'>illum</span> <span class='ocrx_word' id='word_1_318' title='bbox 1654 2186 1748 2234; x_wconf 90' lang='lat' dir='ltr'>post</span> <span class='ocrx_word' id='word_1_319' title='bbox 1777 2182 1849 2221; x_wconf 88' lang='lat' dir='ltr'>ad—</span> 
     </span>
     <span class='ocr_line' id='line_1_33' title="bbox 104 2239 1849 2294; baseline 0.002 -13"><span class='ocrx_word' id='word_1_320' title='bbox 104 2247 271 2282; x_wconf 81' lang='lat' dir='ltr'>ventum</span> <span class='ocrx_word' id='word_1_321' title='bbox 301 2243 346 2281; x_wconf 93' lang='lat' dir='ltr'>L.</span> <span class='ocrx_word' id='word_1_322' title='bbox 379 2242 516 2281; x_wconf 87' lang='lat' dir='ltr'>Sullae</span> <span class='ocrx_word' id='word_1_323' title='bbox 557 2255 579 2281; x_wconf 91' lang='lat' dir='ltr'>a</span> <span class='ocrx_word' id='word_1_324' title='bbox 610 2241 828 2281; x_wconf 77' lang='lat' dir='ltr'>tribunicia</span> <span class='ocrx_word' id='word_1_325' title='bbox 856 2253 955 2281; x_wconf 80' lang='lat' dir='ltr'>voce</span> <span class='ocrx_word' id='word_1_326' title='bbox 987 2239 1196 2279; x_wconf 90' lang='lat' dir='ltr'>desertum</span> <span class='ocrx_word' id='word_1_327' title='bbox 1227 2246 1490 2294; x_wconf 89' lang='lat' dir='ltr'>oppresserat</span> <span class='ocrx_word' id='word_1_328' title='bbox 1519 2242 1849 2284; x_wconf 89' lang='lat' dir='ltr'>multitudinem-</span> 
     </span>
     <span class='ocr_line' id='line_1_34' title="bbox 105 2301 1850 2358; baseline 0.002 -15"><span class='ocrx_word' id='word_1_329' title='bbox 105 2318 186 2358; x_wconf 90' lang='lat' dir='ltr'>que</span> <span class='ocrx_word' id='word_1_330' title='bbox 225 2303 501 2343; x_wconf 84' lang='lat' dir='ltr'>desuefactam</span> <span class='ocrx_word' id='word_1_331' title='bbox 545 2304 625 2343; x_wconf 90' lang='lat' dir='ltr'>iam</span> <span class='ocrx_word' id='word_1_332' title='bbox 655 2317 678 2343; x_wconf 87' lang='lat' dir='ltr'>a</span> <span class='ocrx_word' id='word_1_333' title='bbox 709 2301 972 2343; x_wconf 87' lang='lat' dir='ltr'>contionibus</span> <span class='ocrx_word' id='word_1_334' title='bbox 1003 2301 1054 2340; x_wconf 87' lang='lat' dir='ltr'>ad</span> <span class='ocrx_word' id='word_1_335' title='bbox 1083 2301 1233 2341; x_wconf 83' lang='lat' dir='ltr'>veteris</span> <span class='ocrx_word' id='word_1_336' title='bbox 1264 2302 1580 2342; x_wconf 90' lang='lat' dir='ltr'>consuetudinis</span> <span class='ocrx_word' id='word_1_337' title='bbox 1611 2305 1850 2346; x_wconf 91' lang='lat' dir='ltr'>similitudi-</span> 
     </span>
     <span class='ocr_line' id='line_1_35' title="bbox 104 2363 1848 2418; baseline 0.001 -13"><span class='ocrx_word' id='word_1_338' title='bbox 104 2379 198 2405; x_wconf 88' lang='lat' dir='ltr'>nem</span> <span class='ocrx_word' id='word_1_339' title='bbox 227 2371 462 2412; x_wconf 85' lang='lat' dir='ltr'>revoearat,</span> <span class='ocrx_word' id='word_1_340' title='bbox 492 2366 648 2406; x_wconf 88' lang='lat' dir='ltr'>idcirco</span> <span class='ocrx_word' id='word_1_341' title='bbox 679 2364 839 2405; x_wconf 90' lang='lat' dir='ltr'>cuidam</span> <span class='ocrx_word' id='word_1_342' title='bbox 869 2363 1086 2403; x_wconf 86' lang='lat' dir='ltr'>hominum</span> <span class='ocrx_word' id='word_1_343' title='bbox 1116 2364 1256 2417; x_wconf 86' lang='lat' dir='ltr'>generi</span> <span class='ocrx_word' id='word_1_344' title='bbox 1285 2364 1496 2418; x_wconf 88' lang='lat' dir='ltr'>paulisper</span> <span class='ocrx_word' id='word_1_345' title='bbox 1516 2365 1737 2406; x_wconf 87' lang='lat' dir='ltr'>iucundior</span> <span class='ocrx_word' id='word_1_346' title='bbox 1756 2366 1848 2407; x_wconf 89' lang='lat' dir='ltr'>fuit.</span> 
     </span>
     <span class='ocr_line' id='line_1_36' title="bbox 104 2425 1899 2481; baseline 0 -15"><span class='ocrx_word' id='word_1_347' title='bbox 104 2430 238 2481; x_wconf 89' lang='lat' dir='ltr'>Atque</span> <span class='ocrx_word' id='word_1_348' title='bbox 268 2427 377 2467; x_wconf 92' lang='lat' dir='ltr'>idem</span> <span class='ocrx_word' id='word_1_349' title='bbox 409 2433 564 2480; x_wconf 86' lang='lat' dir='ltr'>quanto</span> <span class='ocrx_word' id='word_1_350' title='bbox 596 2428 638 2468; x_wconf 92' lang='lat' dir='ltr'>in</span> <span class='ocrx_word' id='word_1_351' title='bbox 669 2426 766 2466; x_wconf 92' lang='lat' dir='ltr'>odio</span> <span class='ocrx_word' id='word_1_352' title='bbox 796 2430 940 2480; x_wconf 85' lang='lat' dir='ltr'>postea</span> <span class='ocrx_word' id='word_1_353' title='bbox 967 2426 1052 2465; x_wconf 91' lang='lat' dir='ltr'>suis</span> <span class='ocrx_word' id='word_1_354' title='bbox 1082 2425 1162 2466; x_wconf 92' lang='lat' dir='ltr'>illis</span> <span class='ocrx_word' id='word_1_355' title='bbox 1192 2426 1295 2480; x_wconf 89' lang='lat' dir='ltr'>ipsis</span> <span class='ocrx_word' id='word_1_356' title='bbox 1316 2425 1413 2474; x_wconf 90' lang='lat' dir='ltr'>fuit,</span> <span class='ocrx_word' id='word_1_357' title='bbox 1445 2440 1520 2480; x_wconf 91' lang='lat' dir='ltr'>per</span> <span class='ocrx_word' id='word_1_358' title='bbox 1540 2441 1645 2481; x_wconf 91' lang='lat' dir='ltr'>quos</span> <span class='ocrx_word' id='word_1_359' title='bbox 1665 2429 1708 2468; x_wconf 91' lang='lat' dir='ltr'>in</span> <span class='ocrx_word' id='word_1_360' title='bbox 1728 2429 1849 2469; x_wconf 84' lang='lat' dir='ltr'>altio·</span> <span class='ocrx_word' id='word_1_361' title='bbox 1862 2439 1899 2468; x_wconf 77' lang='lat'>35</span> 
     </span>
     <span class='ocr_line' id='line_1_37' title="bbox 106 2485 1848 2542; baseline 0.001 -14"><span class='ocrx_word' id='word_1_362' title='bbox 106 2502 190 2529; x_wconf 91' lang='lat' dir='ltr'>rem</span> <span class='ocrx_word' id='word_1_363' title='bbox 221 2489 359 2530; x_wconf 88' lang='lat' dir='ltr'>locum</span> <span class='ocrx_word' id='word_1_364' title='bbox 388 2488 684 2529; x_wconf 76' lang='lat' dir='ltr'>adscenderat!</span> <span class='ocrx_word' id='word_1_365' title='bbox 716 2502 852 2542; x_wconf 91' lang='lat' dir='ltr'>neque</span> <span class='ocrx_word' id='word_1_366' title='bbox 883 2487 1047 2528; x_wconf 90' lang='lat' dir='ltr'>iniuria.</span> <span class='ocrx_word' id='word_1_367' title='bbox 1110 2485 1122 2527; x_wconf 91' lang='lat' dir='ltr'>l</span> <span class='ocrx_word' id='word_1_368' title='bbox 1135 2485 1150 2527; x_wconf 88' lang='lat' dir='ltr'>l</span> <span class='ocrx_word' id='word_1_369' title='bbox 1163 2485 1200 2527; x_wconf 71' lang='lat' dir='ltr'>³l.</span> <span class='ocrx_word' id='word_1_370' title='bbox 1230 2489 1368 2529; x_wconf 87' lang='lat' dir='ltr'>Facite</span> <span class='ocrx_word' id='word_1_371' title='bbox 1399 2490 1510 2530; x_wconf 88' lang='lat' dir='ltr'>enim</span> <span class='ocrx_word' id='word_1_372' title='bbox 1540 2494 1586 2530; x_wconf 92' lang='lat' dir='ltr'>ut</span> <span class='ocrx_word' id='word_1_373' title='bbox 1612 2504 1697 2530; x_wconf 88' lang='lat' dir='ltr'>non</span> <span class='ocrx_word' id='word_1_374' title='bbox 1717 2491 1848 2531; x_wconf 91' lang='lat' dir='ltr'>solum</span> 
     </span>
    </p>
   </div>
   <div class='ocr_carea' id='block_1_3' title="bbox 105 2674 1851 2816">
    <p class='ocr_par' dir='ltr' id='par_1_3' title="bbox 105 2674 1851 2816">
     <span class='ocr_line' id='line_1_38' title="bbox 193 2674 1847 2716; baseline 0.002 -11"><span class='ocrx_word' id='word_1_375' title='bbox 193 2675 222 2705; x_wconf 76' lang='grc'>4.</span> <span class='ocrx_word' id='word_1_376' title='bbox 249 2674 377 2714; x_wconf 68' lang='lat' dir='ltr'>quaerit</span> <span class='ocrx_word' id='word_1_377' title='bbox 398 2675 441 2706; x_wconf 79' lang='lat' dir='ltr'>M.</span> <span class='ocrx_word' id='word_1_378' title='bbox 470 2691 506 2697; x_wconf 92' lang='lat'><strong>—</strong></span> <span class='ocrx_word' id='word_1_379' title='bbox 533 2674 694 2705; x_wconf 76' lang='lat' dir='ltr'>Iuventius</span> <span class='ocrx_word' id='word_1_380' title='bbox 713 2690 756 2697; x_wconf 90' lang='lat'>·—</span> <span class='ocrx_word' id='word_1_381' title='bbox 774 2674 905 2714; x_wconf 65' lang='lat' dir='ltr'>Mergus</span> <span class='ocrx_word' id='word_1_382' title='bbox 929 2682 998 2705; x_wconf 83' lang='lat' dir='ltr'>orn.</span> <span class='ocrx_word' id='word_1_383' title='bbox 1024 2675 1068 2706; x_wconf 82' lang='lat' dir='ltr'>M.</span> <span class='ocrx_word' id='word_1_384' title='bbox 1095 2692 1129 2696; x_wconf 96' lang='lat'><strong>—</strong></span> <span class='ocrx_word' id='word_1_385' title='bbox 1158 2675 1189 2706; x_wconf 69' lang='grc' dir='ltr'>Ξ.</span> <span class='ocrx_word' id='word_1_386' title='bbox 1213 2675 1275 2714; x_wconf 81' lang='lat' dir='ltr'>suit</span> <span class='ocrx_word' id='word_1_387' title='bbox 1299 2683 1368 2706; x_wconf 87' lang='lat' dir='ltr'>om.</span> <span class='ocrx_word' id='word_1_388' title='bbox 1387 2676 1423 2707; x_wconf 93' lang='lat' dir='ltr'>T.</span> <span class='ocrx_word' id='word_1_389' title='bbox 1448 2692 1483 2697; x_wconf 88' lang='lat'>—-</span> <span class='ocrx_word' id='word_1_390' title='bbox 1510 2676 1642 2716; x_wconf 70' lang='lat' dir='ltr'>Mer-qus</span> <span class='ocrx_word' id='word_1_391' title='bbox 1666 2683 1735 2707; x_wconf 86' lang='lat' dir='ltr'>om.</span> <span class='ocrx_word' id='word_1_392' title='bbox 1753 2677 1791 2708; x_wconf 84' lang='lat' dir='ltr'>A.</span> <span class='ocrx_word' id='word_1_393' title='bbox 1815 2691 1847 2698; x_wconf 40' lang='grc' dir='ltr'>-Δ</span> 
     </span>
     <span class='ocr_line' id='line_1_39' title="bbox 106 2722 1848 2761; baseline 0.002 -6"><span class='ocrx_word' id='word_1_394' title='bbox 106 2722 136 2755; x_wconf 83' lang='grc'>3.</span> <span class='ocrx_word' id='word_1_395' title='bbox 161 2723 289 2755; x_wconf 80' lang='lat' dir='ltr'>Basilus</span> <span class='ocrx_word' id='word_1_396' title='bbox 311 2724 334 2755; x_wconf 94' lang='lat' dir='ltr'>L</span> <span class='ocrx_word' id='word_1_397' title='bbox 349 2725 391 2755; x_wconf 94' lang='lat' dir='ltr'>O:</span> <span class='ocrx_word' id='word_1_398' title='bbox 416 2724 558 2755; x_wconf 80' lang='lat' dir='ltr'>Basilius</span> <span class='ocrx_word' id='word_1_399' title='bbox 581 2722 649 2756; x_wconf 61' lang='lat' dir='ltr'>*MA</span> <span class='ocrx_word' id='word_1_400' title='bbox 662 2722 695 2757; x_wconf 63' lang='grc'>2.</span> <span class='ocrx_word' id='word_1_401' title='bbox 717 2741 750 2745; x_wconf 90' lang='grc'><strong>-</strong></span> <span class='ocrx_word' id='word_1_402' title='bbox 779 2724 956 2755; x_wconf 78' lang='lat' dir='ltr'>Caudinius</span> <span class='ocrx_word' id='word_1_403' title='bbox 979 2725 1010 2755; x_wconf 86' lang='lat' dir='ltr'>S.</span> <span class='ocrx_word' id='word_1_404' title='bbox 1032 2739 1067 2747; x_wconf 87' lang='lat'>-—</span> <span class='ocrx_word' id='word_1_405' title='bbox 1094 2724 1124 2756; x_wconf 79' lang='lat'>4.</span> <span class='ocrx_word' id='word_1_406' title='bbox 1148 2725 1246 2756; x_wconf 84' lang='lat' dir='ltr'>Heius</span> <span class='ocrx_word' id='word_1_407' title='bbox 1269 2726 1335 2756; x_wconf 85' lang='lat' dir='ltr'>FM</span> <span class='ocrx_word' id='word_1_408' title='bbox 1350 2726 1394 2756; x_wconf 90' lang='lat' dir='ltr'>O:</span> <span class='ocrx_word' id='word_1_409' title='bbox 1419 2726 1553 2757; x_wconf 83' lang='lat' dir='ltr'>Heuilus</span> <span class='ocrx_word' id='word_1_410' title='bbox 1568 2727 1644 2761; x_wconf 85' lang='lat' dir='ltr'>ST;</span> <span class='ocrx_word' id='word_1_411' title='bbox 1670 2726 1848 2761; x_wconf 72' lang='lat' dir='ltr'>HeviusAz</span> 
     </span>
     <span class='ocr_line' id='line_1_40' title="bbox 105 2772 1851 2816; baseline 0.002 -12"><span class='ocrx_word' id='word_1_412' title='bbox 105 2774 248 2804; x_wconf 79' lang='lat' dir='ltr'>Naevius</span> <span class='ocrx_word' id='word_1_413' title='bbox 270 2774 293 2805; x_wconf 95' lang='lat' dir='ltr'>L</span> <span class='ocrx_word' id='word_1_414' title='bbox 307 2772 339 2805; x_wconf 64' lang='lat'>⁸3.</span> <span class='ocrx_word' id='word_1_415' title='bbox 368 2791 402 2796; x_wconf 90' lang='lat'>—</span> <span class='ocrx_word' id='word_1_416' title='bbox 429 2774 459 2805; x_wconf 90' lang='lat'>6.</span> <span class='ocrx_word' id='word_1_417' title='bbox 486 2774 519 2804; x_wconf 81' lang='lat' dir='ltr'>in</span> <span class='ocrx_word' id='word_1_418' title='bbox 543 2774 620 2805; x_wconf 89' lang='lat' dir='ltr'>ST:</span> <span class='ocrx_word' id='word_1_419' title='bbox 645 2782 688 2805; x_wconf 56' lang='lat' dir='ltr'>eac</span> <span class='ocrx_word' id='word_1_420' title='bbox 712 2774 733 2805; x_wconf 89' lang='lat' dir='ltr'>F</span> <span class='ocrx_word' id='word_1_421' title='bbox 746 2774 777 2804; x_wconf 83' lang='lat' dir='ltr'>M</span> <span class='ocrx_word' id='word_1_422' title='bbox 791 2775 815 2805; x_wconf 83' lang='grc' dir='ltr'>Α</span> <span class='ocrx_word' id='word_1_423' title='bbox 831 2774 852 2804; x_wconf 97' lang='lat' dir='ltr'>L</span> <span class='ocrx_word' id='word_1_424' title='bbox 869 2772 889 2807; x_wconf 63' lang='grc' dir='ltr'>Ε</span> <span class='ocrx_word' id='word_1_425' title='bbox 906 2774 941 2805; x_wconf 94' lang='lat' dir='ltr'>O.</span> <span class='ocrx_word' id='word_1_426' title='bbox 970 2791 1004 2795; x_wconf 93' lang='lat'><strong>—</strong></span> <span class='ocrx_word' id='word_1_427' title='bbox 1031 2774 1158 2814; x_wconf 67' lang='lat' dir='ltr'>ingenio</span> <span class='ocrx_word' id='word_1_428' title='bbox 1182 2779 1211 2806; x_wconf 74' lang='lat' dir='ltr'>el</span> <span class='ocrx_word' id='word_1_429' title='bbox 1232 2775 1351 2806; x_wconf 35' lang='lat' dir='ltr'>*virtute</span> <span class='ocrx_word' id='word_1_430' title='bbox 1372 2784 1437 2815; x_wconf 81' lang='lat' dir='ltr'>par</span> <span class='ocrx_word' id='word_1_431' title='bbox 1459 2776 1508 2807; x_wconf 81' lang='lat' dir='ltr'>his</span> <span class='ocrx_word' id='word_1_432' title='bbox 1530 2785 1609 2816; x_wconf 79' lang='lat' dir='ltr'>quos</span> <span class='ocrx_word' id='word_1_433' title='bbox 1631 2780 1707 2808; x_wconf 80' lang='lat' dir='ltr'>ante</span> <span class='ocrx_word' id='word_1_434' title='bbox 1729 2785 1851 2807; x_wconf 83' lang='lat' dir='ltr'>memo-</span> 
     </span>
    </p>
   </div>
   <div class='ocr_carea' id='block_1_4' title="bbox 106 2824 1854 3362">
    <p class='ocr_par' dir='ltr' id='par_1_4' title="bbox 106 2824 1854 3362">
     <span class='ocr_line' id='line_1_41' title="bbox 106 2824 1848 2865; baseline 0.001 -10"><span class='ocrx_word' id='word_1_435' title='bbox 106 2824 180 2855; x_wconf 75' lang='lat' dir='ltr'>ravi</span> <span class='ocrx_word' id='word_1_436' title='bbox 203 2825 391 2856; x_wconf 81' lang='lat' dir='ltr'>Arusianus</span> <span class='ocrx_word' id='word_1_437' title='bbox 414 2824 559 2856; x_wconf 84' lang='lat' dir='ltr'>Messius</span> <span class='ocrx_word' id='word_1_438' title='bbox 582 2833 615 2864; x_wconf 87' lang='lat' dir='ltr'>p.</span> <span class='ocrx_word' id='word_1_439' title='bbox 634 2824 707 2856; x_wconf 81' lang='lat'>253.</span> <span class='ocrx_word' id='word_1_440' title='bbox 735 2824 789 2856; x_wconf 86' lang='lat' dir='ltr'>ed.</span> <span class='ocrx_word' id='word_1_441' title='bbox 817 2824 971 2855; x_wconf 85' lang='lat' dir='ltr'>Lindem.</span> <span class='ocrx_word' id='word_1_442' title='bbox 992 2841 1026 2845; x_wconf 93' lang='lat'><strong>—</strong></span> <span class='ocrx_word' id='word_1_443' title='bbox 1054 2828 1083 2856; x_wconf 80' lang='lat' dir='ltr'>el</span> <span class='ocrx_word' id='word_1_444' title='bbox 1105 2825 1273 2865; x_wconf 71' lang='lat' dir='ltr'>diliqentia</span> <span class='ocrx_word' id='word_1_445' title='bbox 1297 2833 1365 2856; x_wconf 89' lang='lat' dir='ltr'>om.</span> <span class='ocrx_word' id='word_1_446' title='bbox 1385 2826 1418 2856; x_wconf 91' lang='lat' dir='ltr'>F.</span> <span class='ocrx_word' id='word_1_447' title='bbox 1440 2842 1474 2846; x_wconf 91' lang='lat'>—</span> <span class='ocrx_word' id='word_1_448' title='bbox 1503 2824 1533 2857; x_wconf 74' lang='grc' dir='ltr'>ἶ.</span> <span class='ocrx_word' id='word_1_449' title='bbox 1560 2826 1730 2857; x_wconf 73' lang='grc' dir='ltr'><strong><em>δαιιιιέίαε</em></strong></span> <span class='ocrx_word' id='word_1_450' title='bbox 1755 2827 1787 2857; x_wconf 88' lang='lat' dir='ltr'>L.</span> <span class='ocrx_word' id='word_1_451' title='bbox 1814 2840 1848 2847; x_wconf 41' lang='lat' dir='ltr'>a</span> 
     </span>
     <span class='ocr_line' id='line_1_42' title="bbox 108 2873 1851 2914; baseline 0.001 -10"><span class='ocrx_word' id='word_1_452' title='bbox 108 2873 138 2904; x_wconf 83' lang='lat'>9.</span> <span class='ocrx_word' id='word_1_453' title='bbox 156 2873 287 2913; x_wconf 78' lang='lat' dir='ltr'>dispulit</span> <span class='ocrx_word' id='word_1_454' title='bbox 302 2874 337 2905; x_wconf 92' lang='lat' dir='ltr'>T.</span> <span class='ocrx_word' id='word_1_455' title='bbox 359 2890 394 2896; x_wconf 92' lang='lat'>--</span> <span class='ocrx_word' id='word_1_456' title='bbox 421 2874 473 2905; x_wconf 74' lang='lat' dir='ltr'>ll.</span> <span class='ocrx_word' id='word_1_457' title='bbox 499 2878 612 2914; x_wconf 65' lang='lat' dir='ltr'>agente</span> <span class='ocrx_word' id='word_1_458' title='bbox 634 2875 654 2905; x_wconf 91' lang='lat' dir='ltr'>S</span> <span class='ocrx_word' id='word_1_459' title='bbox 668 2874 692 2905; x_wconf 95' lang='lat' dir='ltr'>T</span> <span class='ocrx_word' id='word_1_460' title='bbox 706 2875 727 2905; x_wconf 84' lang='lat' dir='ltr'>F</span> <span class='ocrx_word' id='word_1_461' title='bbox 743 2883 749 2904; x_wconf 80' lang='lat' dir='ltr'><em>z</em></span> <span class='ocrx_word' id='word_1_462' title='bbox 776 2875 921 2914; x_wconf 70' lang='lat' dir='ltr'>ayilante</span> <span class='ocrx_word' id='word_1_463' title='bbox 943 2874 974 2905; x_wconf 78' lang='lat' dir='ltr'>M</span> <span class='ocrx_word' id='word_1_464' title='bbox 986 2876 1011 2905; x_wconf 74' lang='lat' dir='ltr'>A</span> <span class='ocrx_word' id='word_1_465' title='bbox 1028 2875 1050 2905; x_wconf 93' lang='lat' dir='ltr'>L</span> <span class='ocrx_word' id='word_1_466' title='bbox 1064 2873 1085 2907; x_wconf 70' lang='grc' dir='ltr'>ΣΞ</span> <span class='ocrx_word' id='word_1_467' title='bbox 1100 2874 1136 2905; x_wconf 96' lang='grc' dir='ltr'>Ο.</span> <span class='ocrx_word' id='word_1_468' title='bbox 1162 2891 1197 2895; x_wconf 85' lang='lat'>-</span> <span class='ocrx_word' id='word_1_469' title='bbox 1224 2873 1276 2905; x_wconf 70' lang='lat'>44.</span> <span class='ocrx_word' id='word_1_470' title='bbox 1302 2877 1404 2905; x_wconf 77' lang='lat' dir='ltr'>totam</span> <span class='ocrx_word' id='word_1_471' title='bbox 1418 2884 1555 2906; x_wconf 86' lang='lat' dir='ltr'>causam</span> <span class='ocrx_word' id='word_1_472' title='bbox 1570 2876 1591 2906; x_wconf 89' lang='lat' dir='ltr'>S</span> <span class='ocrx_word' id='word_1_473' title='bbox 1605 2875 1629 2906; x_wconf 90' lang='lat' dir='ltr'>T</span> <span class='ocrx_word' id='word_1_474' title='bbox 1644 2875 1666 2906; x_wconf 91' lang='lat' dir='ltr'>L</span> <span class='ocrx_word' id='word_1_475' title='bbox 1683 2884 1689 2905; x_wconf 93' lang='lat'>:</span> <span class='ocrx_word' id='word_1_476' title='bbox 1716 2883 1851 2906; x_wconf 84' lang='lat' dir='ltr'>causam</span> 
     </span>
     <span class='ocr_line' id='line_1_43' title="bbox 109 2921 1851 2964; baseline 0.001 -10"><span class='ocrx_word' id='word_1_477' title='bbox 109 2926 210 2954; x_wconf 82' lang='lat' dir='ltr'>lolam</span> <span class='ocrx_word' id='word_1_478' title='bbox 232 2924 294 2956; x_wconf 78' lang='grc' dir='ltr'>ΒΑ</span> <span class='ocrx_word' id='word_1_479' title='bbox 309 2921 329 2955; x_wconf 63' lang='lat' dir='ltr'><strong><em>Q</em></strong></span> <span class='ocrx_word' id='word_1_480' title='bbox 343 2923 380 2955; x_wconf 91' lang='grc' dir='ltr'>Ο.</span> <span class='ocrx_word' id='word_1_481' title='bbox 409 2942 443 2946; x_wconf 96' lang='grc'><strong>-</strong></span> <span class='ocrx_word' id='word_1_482' title='bbox 470 2925 522 2955; x_wconf 70' lang='grc'>45.</span> <span class='ocrx_word' id='word_1_483' title='bbox 548 2925 717 2964; x_wconf 79' lang='lat' dir='ltr'>defervisse</span> <span class='ocrx_word' id='word_1_484' title='bbox 739 2925 759 2955; x_wconf 89' lang='lat' dir='ltr'>S</span> <span class='ocrx_word' id='word_1_485' title='bbox 773 2925 859 2956; x_wconf 79' lang='lat' dir='ltr'>TM:</span> <span class='ocrx_word' id='word_1_486' title='bbox 886 2925 1058 2955; x_wconf 80' lang='lat' dir='ltr'>deseruisse</span> <span class='ocrx_word' id='word_1_487' title='bbox 1081 2925 1125 2958; x_wconf 86' lang='lat' dir='ltr'>R;</span> <span class='ocrx_word' id='word_1_488' title='bbox 1152 2922 1345 2962; x_wconf 77' lang='lat' dir='ltr'>deferbuisse</span> <span class='ocrx_word' id='word_1_489' title='bbox 1367 2926 1392 2955; x_wconf 85' lang='lat' dir='ltr'>A</span> <span class='ocrx_word' id='word_1_490' title='bbox 1407 2925 1430 2955; x_wconf 95' lang='lat' dir='ltr'>L</span> <span class='ocrx_word' id='word_1_491' title='bbox 1445 2922 1514 2956; x_wconf 59' lang='grc' dir='ltr'>ΕΟ.</span> <span class='ocrx_word' id='word_1_492' title='bbox 1543 2942 1578 2946; x_wconf 92' lang='grc'><strong>-</strong></span> <span class='ocrx_word' id='word_1_493' title='bbox 1606 2924 1657 2956; x_wconf 71' lang='grc'>16.</span> <span class='ocrx_word' id='word_1_494' title='bbox 1683 2925 1851 2956; x_wconf 79' lang='lat' dir='ltr'>Fidicula-</span> 
     </span>
     <span class='ocr_line' id='line_1_44' title="bbox 109 2972 1852 3014; baseline 0.002 -12"><span class='ocrx_word' id='word_1_495' title='bbox 109 2972 200 3003; x_wconf 76' lang='lat' dir='ltr'>nium</span> <span class='ocrx_word' id='word_1_496' title='bbox 214 2989 232 2995; x_wconf 95' lang='lat'><em>-</em></span> <span class='ocrx_word' id='word_1_497' title='bbox 243 2989 261 2995; x_wconf 94' lang='lat'><em>-</em></span> <span class='ocrx_word' id='word_1_498' title='bbox 275 2973 479 3004; x_wconf 76' lang='lat' dir='ltr'>Fidiculanio</span> <span class='ocrx_word' id='word_1_499' title='bbox 503 2974 523 3004; x_wconf 91' lang='lat' dir='ltr'>S</span> <span class='ocrx_word' id='word_1_500' title='bbox 536 2974 560 3004; x_wconf 90' lang='lat' dir='ltr'>T</span> <span class='ocrx_word' id='word_1_501' title='bbox 574 2974 596 3004; x_wconf 89' lang='lat' dir='ltr'>F</span> <span class='ocrx_word' id='word_1_502' title='bbox 609 2974 640 3005; x_wconf 80' lang='lat' dir='ltr'>M</span> <span class='ocrx_word' id='word_1_503' title='bbox 654 2974 677 3005; x_wconf 95' lang='lat' dir='ltr'>L</span> <span class='ocrx_word' id='word_1_504' title='bbox 691 2973 712 3008; x_wconf 58' lang='grc' dir='ltr'>Σ(</span> <span class='ocrx_word' id='word_1_505' title='bbox 728 2975 770 3006; x_wconf 89' lang='lat' dir='ltr'>O:</span> <span class='ocrx_word' id='word_1_506' title='bbox 802 2974 1029 3006; x_wconf 80' lang='lat' dir='ltr'>Fidiculanwn</span> <span class='ocrx_word' id='word_1_507' title='bbox 1045 2991 1062 2996; x_wconf 97' lang='lat'>-</span> <span class='ocrx_word' id='word_1_508' title='bbox 1075 2990 1093 2997; x_wconf 81' lang='grc'><strong>-</strong></span> <span class='ocrx_word' id='word_1_509' title='bbox 1108 2973 1298 3004; x_wconf 81' lang='lat' dir='ltr'>Fidiculano</span> <span class='ocrx_word' id='word_1_510' title='bbox 1321 2975 1360 3005; x_wconf 79' lang='lat' dir='ltr'>A.</span> <span class='ocrx_word' id='word_1_511' title='bbox 1392 2973 1441 3005; x_wconf 81' lang='lat' dir='ltr'>Cf.</span> <span class='ocrx_word' id='word_1_512' title='bbox 1468 2973 1500 3014; x_wconf 67' lang='lat' dir='ltr'>g.</span> <span class='ocrx_word' id='word_1_513' title='bbox 1526 2973 1598 3005; x_wconf 74' lang='lat'>403.</span> <span class='ocrx_word' id='word_1_514' title='bbox 1627 2992 1661 2996; x_wconf 96' lang='lat'><strong>—</strong></span> <span class='ocrx_word' id='word_1_515' title='bbox 1697 2974 1748 3006; x_wconf 70' lang='lat'>48.</span> <span class='ocrx_word' id='word_1_516' title='bbox 1774 2984 1852 3006; x_wconf 85' lang='lat' dir='ltr'>con-</span> 
     </span>
     <span class='ocr_line' id='line_1_45' title="bbox 111 3021 1852 3063; baseline 0.003 -12"><span class='ocrx_word' id='word_1_517' title='bbox 111 3021 304 3053; x_wconf 77' lang='lat' dir='ltr'>demnarunt</span> <span class='ocrx_word' id='word_1_518' title='bbox 327 3023 406 3054; x_wconf 86' lang='lat' dir='ltr'>FM.</span> <span class='ocrx_word' id='word_1_519' title='bbox 428 3040 460 3046; x_wconf 98' lang='lat'>—</span> <span class='ocrx_word' id='word_1_520' title='bbox 488 3023 540 3055; x_wconf 67' lang='lat'>20.</span> <span class='ocrx_word' id='word_1_521' title='bbox 560 3023 593 3054; x_wconf 76' lang='lat' dir='ltr'>di</span> <span class='ocrx_word' id='word_1_522' title='bbox 615 3024 664 3054; x_wconf 88' lang='lat' dir='ltr'>M:</span> <span class='ocrx_word' id='word_1_523' title='bbox 690 3024 735 3054; x_wconf 80' lang='lat' dir='ltr'>dii</span> <span class='ocrx_word' id='word_1_524' title='bbox 757 3021 892 3055; x_wconf 66' lang='lat' dir='ltr'>RALQ</span> <span class='ocrx_word' id='word_1_525' title='bbox 907 3024 942 3055; x_wconf 92' lang='grc' dir='ltr'>Ο.</span> <span class='ocrx_word' id='word_1_526' title='bbox 963 3040 997 3045; x_wconf 86' lang='lat'>-</span> <span class='ocrx_word' id='word_1_527' title='bbox 1024 3024 1076 3055; x_wconf 76' lang='lat'>2¹.</span> <span class='ocrx_word' id='word_1_528' title='bbox 1102 3023 1293 3063; x_wconf 64' lang='lat' dir='ltr'>ignorantia</span> <span class='ocrx_word' id='word_1_529' title='bbox 1315 3024 1385 3054; x_wconf 94' lang='lat' dir='ltr'>ST.</span> <span class='ocrx_word' id='word_1_530' title='bbox 1406 3040 1441 3045; x_wconf 90' lang='lat'>-</span> <span class='ocrx_word' id='word_1_531' title='bbox 1467 3023 1535 3054; x_wconf 87' lang='lat' dir='ltr'>iam</span> <span class='ocrx_word' id='word_1_532' title='bbox 1559 3024 1635 3054; x_wconf 92' lang='lat' dir='ltr'>ST:</span> <span class='ocrx_word' id='word_1_533' title='bbox 1663 3024 1763 3055; x_wconf 78' lang='lat' dir='ltr'>etiam</span> <span class='ocrx_word' id='word_1_534' title='bbox 1785 3025 1852 3056; x_wconf 85' lang='lat' dir='ltr'>RA</span> 
     </span>
     <span class='ocr_line' id='line_1_46' title="bbox 112 3068 1849 3106; baseline 0.002 -5"><span class='ocrx_word' id='word_1_535' title='bbox 112 3068 220 3102; x_wconf 58' lang='grc' dir='ltr'>[ΒΟ.</span> <span class='ocrx_word' id='word_1_536' title='bbox 249 3089 285 3095; x_wconf 96' lang='grc'>-</span> <span class='ocrx_word' id='word_1_537' title='bbox 314 3072 367 3104; x_wconf 70' lang='lat'>23.</span> <span class='ocrx_word' id='word_1_538' title='bbox 393 3073 640 3104; x_wconf 75' lang='lat' dir='ltr'>condemnatum</span> <span class='ocrx_word' id='word_1_539' title='bbox 662 3073 766 3105; x_wconf 89' lang='lat' dir='ltr'>STF.</span> <span class='ocrx_word' id='word_1_540' title='bbox 806 3091 840 3096; x_wconf 89' lang='lat'>—</span> <span class='ocrx_word' id='word_1_541' title='bbox 870 3073 922 3105; x_wconf 68' lang='lat'>24.</span> <span class='ocrx_word' id='word_1_542' title='bbox 948 3081 980 3104; x_wconf 87' lang='lat' dir='ltr'>se</span> <span class='ocrx_word' id='word_1_543' title='bbox 1003 3081 1071 3104; x_wconf 91' lang='lat' dir='ltr'>om.</span> <span class='ocrx_word' id='word_1_544' title='bbox 1097 3073 1132 3104; x_wconf 89' lang='lat' dir='ltr'>T.</span> <span class='ocrx_word' id='word_1_545' title='bbox 1168 3089 1202 3094; x_wconf 93' lang='lat'><strong>—</strong></span> <span class='ocrx_word' id='word_1_546' title='bbox 1236 3073 1289 3104; x_wconf 89' lang='lat'>30.</span> <span class='ocrx_word' id='word_1_547' title='bbox 1315 3076 1373 3104; x_wconf 77' lang='lat' dir='ltr'>aut</span> <span class='ocrx_word' id='word_1_548' title='bbox 1396 3081 1464 3104; x_wconf 93' lang='lat' dir='ltr'>om.</span> <span class='ocrx_word' id='word_1_549' title='bbox 1492 3074 1565 3105; x_wconf 83' lang='lat' dir='ltr'>FA.</span> <span class='ocrx_word' id='word_1_550' title='bbox 1595 3091 1628 3096; x_wconf 94' lang='lat'><em>—</em></span> <span class='ocrx_word' id='word_1_551' title='bbox 1658 3073 1709 3105; x_wconf 74' lang='lat'>32.</span> <span class='ocrx_word' id='word_1_552' title='bbox 1736 3083 1757 3105; x_wconf 91' lang='lat' dir='ltr'>a</span> <span class='ocrx_word' id='word_1_553' title='bbox 1781 3082 1849 3106; x_wconf 91' lang='lat' dir='ltr'>om.</span> 
     </span>
     <span class='ocr_line' id='line_1_47' title="bbox 113 3120 1854 3163; baseline 0.004 -14"><span class='ocrx_word' id='word_1_554' title='bbox 113 3120 179 3150; x_wconf 88' lang='lat' dir='ltr'>ST.</span> <span class='ocrx_word' id='word_1_555' title='bbox 206 3137 240 3142; x_wconf 90' lang='lat'>—</span> <span class='ocrx_word' id='word_1_556' title='bbox 266 3121 318 3154; x_wconf 88' lang='lat'>33.</span> <span class='ocrx_word' id='word_1_557' title='bbox 343 3123 561 3163; x_wconf 81' lang='lat' dir='ltr'>desuefactam</span> <span class='ocrx_word' id='word_1_558' title='bbox 582 3123 652 3154; x_wconf 82' lang='lat' dir='ltr'>iam</span> <span class='ocrx_word' id='word_1_559' title='bbox 674 3124 749 3155; x_wconf 87' lang='lat' dir='ltr'>ST:</span> <span class='ocrx_word' id='word_1_560' title='bbox 775 3124 842 3154; x_wconf 82' lang='lat' dir='ltr'>iam</span> <span class='ocrx_word' id='word_1_561' title='bbox 865 3123 1082 3162; x_wconf 83' lang='lat' dir='ltr'>desuefactam</span> <span class='ocrx_word' id='word_1_562' title='bbox 1105 3123 1130 3154; x_wconf 89' lang='lat' dir='ltr'>R</span> <span class='ocrx_word' id='word_1_563' title='bbox 1146 3125 1170 3154; x_wconf 82' lang='lat' dir='ltr'>A</span> <span class='ocrx_word' id='word_1_564' title='bbox 1185 3122 1241 3154; x_wconf 65' lang='lat' dir='ltr'>Lss</span> <span class='ocrx_word' id='word_1_565' title='bbox 1256 3123 1292 3154; x_wconf 93' lang='lat' dir='ltr'>O.</span> <span class='ocrx_word' id='word_1_566' title='bbox 1310 3140 1353 3145; x_wconf 90' lang='lat'>——</span> <span class='ocrx_word' id='word_1_567' title='bbox 1374 3126 1495 3155; x_wconf 75' lang='lat' dir='ltr'>veteres</span> <span class='ocrx_word' id='word_1_568' title='bbox 1517 3124 1548 3154; x_wconf 91' lang='lat' dir='ltr'>S.</span> <span class='ocrx_word' id='word_1_569' title='bbox 1577 3140 1612 3144; x_wconf 93' lang='lat'>—-</span> <span class='ocrx_word' id='word_1_570' title='bbox 1639 3123 1691 3155; x_wconf 73' lang='lat'>34.</span> <span class='ocrx_word' id='word_1_571' title='bbox 1716 3133 1854 3156; x_wconf 76' lang='lat' dir='ltr'>revoca—</span> 
     </span>
     <span class='ocr_line' id='line_1_48' title="bbox 112 3170 1850 3213; baseline 0.005 -15"><span class='ocrx_word' id='word_1_572' title='bbox 112 3172 167 3199; x_wconf 80' lang='lat' dir='ltr'>rat</span> <span class='ocrx_word' id='word_1_573' title='bbox 189 3170 265 3208; x_wconf 83' lang='lat' dir='ltr'>ST,</span> <span class='ocrx_word' id='word_1_574' title='bbox 300 3179 368 3212; x_wconf 83' lang='lat' dir='ltr'>mg.</span> <span class='ocrx_word' id='word_1_575' title='bbox 393 3170 432 3204; x_wconf 64' lang='lat' dir='ltr'>Q:</span> <span class='ocrx_word' id='word_1_576' title='bbox 468 3176 681 3204; x_wconf 78' lang='lat' dir='ltr'>revocaverat</span> <span class='ocrx_word' id='word_1_577' title='bbox 703 3172 930 3207; x_wconf 65' lang='lat' dir='ltr'>FMALssO.</span> <span class='ocrx_word' id='word_1_578' title='bbox 958 3190 992 3195; x_wconf 92' lang='lat'>—-</span> <span class='ocrx_word' id='word_1_579' title='bbox 1032 3173 1200 3204; x_wconf 73' lang='lat' dir='ltr'>iocundior</span> <span class='ocrx_word' id='word_1_580' title='bbox 1223 3173 1255 3203; x_wconf 89' lang='lat' dir='ltr'>S.</span> <span class='ocrx_word' id='word_1_581' title='bbox 1284 3190 1319 3195; x_wconf 83' lang='lat'>-—</span> <span class='ocrx_word' id='word_1_582' title='bbox 1356 3172 1408 3204; x_wconf 80' lang='lat'>35.</span> <span class='ocrx_word' id='word_1_583' title='bbox 1434 3173 1498 3204; x_wconf 81' lang='lat' dir='ltr'>illis</span> <span class='ocrx_word' id='word_1_584' title='bbox 1526 3175 1561 3204; x_wconf 87' lang='lat' dir='ltr'>et</span> <span class='ocrx_word' id='word_1_585' title='bbox 1587 3173 1651 3213; x_wconf 80' lang='lat' dir='ltr'>fuit</span> <span class='ocrx_word' id='word_1_586' title='bbox 1684 3182 1753 3205; x_wconf 91' lang='lat' dir='ltr'>om.</span> <span class='ocrx_word' id='word_1_587' title='bbox 1780 3175 1850 3206; x_wconf 85' lang='lat' dir='ltr'>ST.</span> 
     </span>
     <span class='ocr_line' id='line_1_49' title="bbox 114 3218 1854 3263; baseline 0.003 -14"><span class='ocrx_word' id='word_1_588' title='bbox 114 3218 202 3250; x_wconf 87' lang='lat' dir='ltr'>Fort.</span> <span class='ocrx_word' id='word_1_589' title='bbox 229 3223 341 3258; x_wconf 84' lang='lat' dir='ltr'>postea</span> <span class='ocrx_word' id='word_1_590' title='bbox 371 3222 435 3262; x_wconf 73' lang='lat' dir='ltr'>fuit</span> <span class='ocrx_word' id='word_1_591' title='bbox 457 3223 519 3254; x_wconf 78' lang='lat' dir='ltr'>illis</span> <span class='ocrx_word' id='word_1_592' title='bbox 540 3223 635 3263; x_wconf 75' lang='lat' dir='ltr'>ipsis,</span> <span class='ocrx_word' id='word_1_593' title='bbox 665 3232 725 3263; x_wconf 79' lang='lat' dir='ltr'>per</span> <span class='ocrx_word' id='word_1_594' title='bbox 748 3233 827 3263; x_wconf 83' lang='lat' dir='ltr'>quos</span> <span class='ocrx_word' id='word_1_595' title='bbox 849 3225 914 3254; x_wconf 88' lang='lat' dir='ltr'>cet.</span> <span class='ocrx_word' id='word_1_596' title='bbox 942 3239 978 3245; x_wconf 97' lang='lat'><strong>—</strong></span> <span class='ocrx_word' id='word_1_597' title='bbox 1005 3222 1055 3254; x_wconf 83' lang='lat'>36.</span> <span class='ocrx_word' id='word_1_598' title='bbox 1082 3222 1304 3263; x_wconf 81' lang='lat' dir='ltr'>adscenderat]</span> <span class='ocrx_word' id='word_1_599' title='bbox 1328 3223 1519 3254; x_wconf 78' lang='lat' dir='ltr'>ascenderat</span> <span class='ocrx_word' id='word_1_600' title='bbox 1538 3223 1600 3263; x_wconf 79' lang='lat' dir='ltr'>fuit</span> <span class='ocrx_word' id='word_1_601' title='bbox 1623 3223 1654 3254; x_wconf 91' lang='lat' dir='ltr'>S.</span> <span class='ocrx_word' id='word_1_602' title='bbox 1684 3240 1718 3244; x_wconf 90' lang='lat'>——</span> <span class='ocrx_word' id='word_1_603' title='bbox 1746 3223 1854 3256; x_wconf 77' lang='lat' dir='ltr'>Facile</span> 
     </span>
     <span class='ocr_line' id='line_1_50' title="bbox 114 3268 1854 3313; baseline 0.005 -16"><span class='ocrx_word' id='word_1_604' title='bbox 114 3268 199 3298; x_wconf 80' lang='lat' dir='ltr'>enim</span> <span class='ocrx_word' id='word_1_605' title='bbox 224 3271 259 3299; x_wconf 76' lang='lat' dir='ltr'>ut</span> <span class='ocrx_word' id='word_1_606' title='bbox 281 3269 404 3302; x_wconf 80' lang='lat' dir='ltr'>vultum</span> <span class='ocrx_word' id='word_1_607' title='bbox 425 3271 526 3311; x_wconf 81' lang='lat' dir='ltr'>ipsius</span> <span class='ocrx_word' id='word_1_608' title='bbox 553 3275 583 3304; x_wconf 82' lang='lat' dir='ltr'>et</span> <span class='ocrx_word' id='word_1_609' title='bbox 605 3271 696 3303; x_wconf 83' lang='lat' dir='ltr'>illam</span> <span class='ocrx_word' id='word_1_610' title='bbox 717 3281 817 3312; x_wconf 83' lang='lat' dir='ltr'>usque</span> <span class='ocrx_word' id='word_1_611' title='bbox 839 3273 883 3304; x_wconf 84' lang='lat' dir='ltr'>ad</span> <span class='ocrx_word' id='word_1_612' title='bbox 906 3272 987 3305; x_wconf 81' lang='lat' dir='ltr'>talos</span> <span class='ocrx_word' id='word_1_613' title='bbox 1008 3273 1179 3306; x_wconf 85' lang='lat' dir='ltr'>demissam</span> <span class='ocrx_word' id='word_1_614' title='bbox 1197 3280 1385 3312; x_wconf 80' lang='lat' dir='ltr'>purpuram</span> <span class='ocrx_word' id='word_1_615' title='bbox 1407 3271 1552 3313; x_wconf 65' lang='lat' dir='ltr'>cogitetis</span> <span class='ocrx_word' id='word_1_616' title='bbox 1573 3270 1676 3304; x_wconf 89' lang='lat' dir='ltr'>Iulius</span> <span class='ocrx_word' id='word_1_617' title='bbox 1699 3272 1854 3305; x_wconf 83' lang='lat' dir='ltr'>Rufinia-</span> 
     </span>
     <span class='ocr_line' id='line_1_51' title="bbox 115 3317 883 3362; baseline 0.008 -14"><span class='ocrx_word' id='word_1_618' title='bbox 115 3324 180 3349; x_wconf 90' lang='lat' dir='ltr'>nus</span> <span class='ocrx_word' id='word_1_619' title='bbox 201 3317 239 3350; x_wconf 84' lang='lat' dir='ltr'>de</span> <span class='ocrx_word' id='word_1_620' title='bbox 258 3318 314 3360; x_wconf 74' lang='lat' dir='ltr'>fiq.</span> <span class='ocrx_word' id='word_1_621' title='bbox 337 3323 415 3352; x_wconf 77' lang='lat' dir='ltr'>sent.</span> <span class='ocrx_word' id='word_1_622' title='bbox 441 3320 472 3361; x_wconf 67' lang='lat' dir='ltr'>g.</span> <span class='ocrx_word' id='word_1_623' title='bbox 498 3320 527 3352; x_wconf 87' lang='lat'>3.</span> <span class='ocrx_word' id='word_1_624' title='bbox 553 3338 588 3345; x_wconf 90' lang='lat'><strong>—</strong></span> <span class='ocrx_word' id='word_1_625' title='bbox 611 3321 687 3362; x_wconf 77' lang='lat' dir='ltr'>fecit</span> <span class='ocrx_word' id='word_1_626' title='bbox 707 3322 792 3355; x_wconf 80' lang='lat' dir='ltr'>enim</span> <span class='ocrx_word' id='word_1_627' title='bbox 814 3323 883 3354; x_wconf 88' lang='lat' dir='ltr'>ST.</span> 
     </span>
    </p>
   </div>
  </div>
 </body>
</html>
