2175 3718
226 219 305 262 454-
721 225 774 264 ΙΝ
804 224 1023 264 VERREM
1051 223 1213 264 ACTIO
1246 223 1488 264 SECUNDA

223 348 343 374 resne
383 335 455 374 tibi
497 336 599 375 tanti
629 335 726 384 fuit,
766 342 809 375 ut
841 337 930 375 eius
962 336 1178 375 libidinem
1208 336 1425 375 hominum
1456 335 1742 375 innocentium
1775 338 1975 389 sanguine

222 396 281 436 lui
322 397 483 436 velles?
529 398 747 437 Idcircone
791 399 1018 437 exercitum
1058 403 1183 450 atque
1223 398 1385 436 hostem
1428 397 1717 449 relinquebas,
1762 403 1809 437 ut
1837 405 1908 439 tna
1936 400 1976 439 vi

224 463 264 498 et
307 459 552 499 crudelitate
591 460 712 500 istius
751 460 933 499 hominis
973 460 1272 512 improbissimi
1305 460 1491 511 pericula
1522 458 1794 499 sublevares?
1855 460 1978 508 Quod

223 520 334 560 enim
374 534 467 561 eum
509 522 582 561 tibi
625 522 860 574 quaestoris
891 522 934 560 in
964 522 1056 560 loco
1091 521 1385 567 constitueras,
1433 521 1587 560 idcirco
1619 520 1693 560 tibi
1726 521 1906 561 amicum
1937 522 1980 561 in

190 588 472 635 5perpetuum
503 583 592 624 fore
623 583 809 636 putasti?
852 583 1073 622 Nesciebas
1104 582 1154 621 ab
1177 595 1226 621 eo
1251 584 1323 621 Cn.
1347 582 1576 621 Carbonem
1601 582 1829 629 consulem,
1861 583 1980 622 cuius

223 657 266 683 re
296 658 395 684 vera
426 652 624 698 quaestor
653 645 811 691 suerat,
845 658 927 683 non
950 645 1074 683 modo
1108 644 1312 690 relictum,
1345 644 1417 683 sed
1449 644 1573 683 etiam
1605 644 1830 696 spoliatum
1863 644 1981 683 auxi-

223 706 312 753 liis,
345 707 543 759 pecunia,
574 707 730 746 nefarie
763 711 1048 758 oppugnatum
1075 712 1115 745 et
1137 706 1382 758 proditum?
1415 705 1624 758 Expertus
1647 705 1773 757 igitur
1794 719 1837 745 es
1859 706 1980 745 istius

222 766 437 821 perfidiam
471 774 576 817 tum,
609 782 703 808 cum
734 769 823 821 ipse
852 782 895 807 sc
926 769 977 807 ad
1009 768 1200 807 inimicos
1232 772 1326 806 tuos
1353 768 1553 814 contulit,
1585 779 1677 806 cum
1711 767 1752 806 in
1784 773 1822 807 te
1854 768 1982 808 homo

223 830 313 882 ipse
339 843 494 870 nocens
519 831 766 870 acerrimum
796 830 1081 869 testimonium
1112 830 1230 875 (lixit,
1264 843 1356 868 cum
1388 830 1571 869 rationes
1598 830 1649 868 ad
1677 830 1881 869 aerarium
1900 830 1981 870 nisi

176 901 211 930 lo
225 892 420 932 damnato
451 898 489 932 te
519 893 672 932 referre
702 892 848 932 noluit.
909 892 1062 930 XXXI.
1096 890 1159 930 78.
1192 892 1403 930 Tantaene
1436 896 1552 938 tuae,
1583 892 1754 937 Verres,
1783 891 1978 931 libidines

225 959 367 1002 erunt,
408 959 453 994 ut
492 968 561 995 eas
597 968 746 1007 capere
776 967 823 993 ac
854 955 1060 993 sustinere
1093 966 1177 992 non
1211 953 1451 1005 provinciae
1484 954 1629 1006 populi
1662 953 1860 1000 Romani,
1900 966 1984 992 non

224 1020 414 1059 nationes
446 1023 612 1059 exterae
644 1017 807 1069 possint
823 1019 839 1055 ’ἒ
890 1017 1007 1055 Tune
1031 1016 1143 1068 quod
1166 1014 1341 1061 videris,
1374 1014 1487 1067 quod
1509 1015 1717 1062 audieris,
1749 1015 1862 1068 quod
1885 1028 1984 1054 con-

224 1081 429 1133 cupieris,
476 1080 590 1134 quod
636 1078 854 1131 cogitaris,
900 1077 980 1117 nisi
1021 1078 1063 1116 id
1102 1078 1153 1116 ad
1188 1082 1332 1116 nutum
1365 1081 1480 1116 tuum
1513 1082 1679 1130 praesto
1709 1077 1857 1124 suerit,
1902 1076 1983 1115 nisi

224 1141 388 1182 libidini
420 1149 515 1182 tuae
547 1141 851 1194 cupiditatique
882 1140 1090 1193 paruerit,
1124 1139 1399 1178 immittentur
1426 1139 1649 1178 homines?
1681 1139 1985 1192 expugnabun-

176 1213 210 1241 115
225 1209 292 1243 tur
322 1205 504 1244 domus?
547 1204 735 1244 civitates
776 1215 860 1242 non
893 1201 1017 1241 modo
1049 1207 1245 1254 pacatae,
1286 1214 1429 1241 verum
1462 1201 1584 1240 etiam
1617 1202 1827 1241 sociorum
1858 1207 1984 1254 atque

224 1267 450 1307 amicorum
495 1267 546 1306 ad
585 1266 664 1305 vim
704 1271 829 1319 atque
870 1265 920 1304 ad
951 1277 1064 1304 arma
1095 1263 1363 1313 confugient,
1404 1268 1450 1302 ut
1478 1263 1528 1302 ab
1559 1276 1603 1303 se
1634 1268 1759 1316 atque
1790 1276 1812 1303 a
1843 1263 1985 1303 liberis

225 1329 312 1371 suis
342 1329 466 1382 legati
496 1328 642 1382 populi
676 1327 851 1367 Romani
882 1327 1017 1367 scelus
1049 1340 1096 1366 ac
1127 1326 1343 1366 libidinem
1375 1325 1624 1378 propulsare
1655 1325 1845 1379 possint?
1882 1326 1985 1365 Nam

226 1403 383 1446 quaero
414 1391 486 1431 abs
518 1396 581 1437 te,
615 1391 968 1430 circumsessusne
1000 1389 1056 1428 sis
1084 1387 1326 1440 Lampsaci;
1357 1387 1596 1439 coeperitne
1618 1388 1808 1435 domum,
1838 1389 1880 1428 in
1904 1401 1986 1442 qua

226 1453 519 1500 deversabare,
558 1453 630 1492 illa
671 1452 891 1492 multitudo
924 1451 1170 1497 incendcrc;
1214 1450 1480 1489 voluerintne
1512 1450 1695 1501 legatum
1728 1453 1874 1504 populi
1905 1453 1987 1491 Ro-

176 1515 338 1557 20niani
380 1515 625 1555 comburere
667 1515 807 1554 vivum
846 1513 1133 1566 Lampsaceni.
1191 1514 1352 1565 Negare
1390 1526 1474 1552 non
1507 1518 1639 1565 potes.
1698 1513 1842 1553 Habeo
1875 1515 1986 1554 enim

227 1578 538 1624 testimonium,
571 1578 683 1631 quod
715 1577 825 1629 apud
858 1578 1065 1615 Neronem
1097 1575 1262 1614 dixisti:
1300 1575 1435 1614 habeo
1478 1589 1581 1627 quas
1621 1576 1670 1614 ad
1711 1577 1889 1616 eundem
1921 1577 1987 1616 lit-

226 1646 333 1682 teras
375 1640 537 1680 misisti.
597 1638 663 1679 79.
696 1639 837 1678 Recita
877 1638 988 1677 hunc
1029 1639 1164 1690 ipsum
1203 1638 1340 1677 locum
1379 1638 1429 1676 de
1466 1638 1720 1676 testimonio.
1780 1639 1987 1677 Tesrmo-

225 1716 325 1744 vam
368 1703 409 1742 C.
444 1704 599 1742 Venms
638 1716 678 1742 lx
710 1703 1038 1741 An‘rmnnonvn.
1090 1703 1177 1740 Nox
1216 1714 1354 1739 MVLTO
1386 1712 1485 1739 rosr
1518 1712 1559 1739 ιΝ
1589 1713 1735 1739 nonvn
1768 1729 1776 1738 .
1809 1729 1818 1739 .
1847 1729 1856 1739 .
1896 1700 1988 1739 Bel-

226 1764 367 1804 lumne
412 1765 571 1818 populo
612 1765 800 1804 Romano
840 1764 1124 1816 Lampsacena
1156 1762 1300 1801 civitas
1340 1762 1476 1801 facere
1508 1762 1769 1802 conabatur?
1812 1761 1987 1802 delicere

177 1838 214 1869 ‘25
228 1828 278 1868 ab
309 1827 486 1880 imperio
518 1841 565 1867 ac
596 1827 766 1866 nomine
798 1832 942 1865 nostro
976 1825 1175 1865 volebat?
1226 1825 1358 1863 vVideo
1392 1824 1503 1863 enim
1535 1829 1647 1863 etex
1672 1824 1743 1871 iis,
1776 1839 1883 1878 quae
1905 1826 1987 1877 legi

227 1895 268 1930 et
297 1890 457 1937 audivi,
499 1889 714 1941 intelligo:
760 1889 800 1928 in
846 1902 929 1941 qua
969 1888 1135 1927 civitate
1168 1900 1250 1925 non
1285 1887 1408 1925 modo
1441 1886 1600 1938 legatus
1632 1887 1779 1939 populi
1812 1888 1988 1927 Romani

227 1953 549 1999 circumsessus,
579 1965 664 1991 non
697 1952 821 1990 modo
854 1950 961 2003 igni,
992 1950 1125 1995 ferro,
1158 1963 1306 1995 manu,
1339 1949 1472 2001 copiis
1501 1954 1789 2001 oppugnatus,
1821 1949 1891 1988 sed
1915 1949 1990 1988 ali-

228 2028 310 2068 qua
341 2028 392 2053 ex
422 2020 539 2067 parte
571 2014 751 2053 violatus
783 2013 855 2060 sit,
888 2013 967 2052 nisi
991 2012 1161 2065 publice
1184 2012 1283 2051 satis
1305 2011 1458 2050 sactum
1485 2010 1560 2056 sit,
1594 2010 1630 2049 ei
1654 2010 1810 2049 civitati
1832 2010 1989 2050 bellum

227 2077 355 2117 indici
386 2083 512 2130 atque
543 2076 687 2115 inferri
720 2076 868 2115 solere.
914 2074 980 2114 80.
1014 2074 1132 2122 Quae
1162 2073 1242 2112 suit
1273 2073 1398 2123 igitur
1429 2086 1573 2119 causa,
1606 2086 1680 2111 eur
1709 2078 1858 2112 cuncta
1889 2073 1990 2112 civi-

177 2150 213 2180 30
229 2146 287 2180 tas
327 2140 707 2193 Lampsacenorum
747 2138 797 2177 (le
840 2137 1059 2183 contione,
1099 2136 1451 2188 quemadmodum
1485 2140 1571 2174 tute
1603 2135 1771 2181 scribis,
1820 2135 1989 2173 domum

228 2208 340 2242 tuam
371 2201 655 2241 concurrerit?
702 2202 764 2239 Tu
797 2200 907 2239 enim
940 2212 1078 2251 neque
1103 2198 1144 2236 in
1178 2198 1340 2244 litteris,
1373 2210 1476 2250 quas
1499 2197 1653 2236 Neroni
1677 2196 1820 2242 mittis,
1852 2209 1990 2248 neque

228 2265 270 2304 in
302 2264 542 2303 testimonio
573 2276 740 2302 causam
772 2262 875 2301 tanti
908 2261 1110 2301 tumultus
1142 2260 1328 2298 ostendis
1360 2260 1514 2298 ullam:
1553 2259 1768 2298 obsessum
1801 2264 1838 2297 te
1871 2258 1989 2304 dicis,

228 2326 366 2378 ignem
399 2326 593 2372 allatum,
625 2330 832 2364 sarmenta
864 2323 1140 2368 circumdata,
1173 2322 1362 2360 lictorem
1394 2326 1511 2360 tuum
1534 2321 1717 2360 occisum
1750 2333 1840 2359 esse
1872 2320 1989 2366 dicis,

228 2388 464 2441 prodeundi
496 2388 569 2427 tibi
602 2388 643 2426 in
675 2387 889 2439 publicum
923 2389 1172 2438 potestatem
1196 2384 1345 2423 saetam
1367 2397 1521 2435 negas:
1553 2395 1719 2422 causam
1742 2382 1865 2421 huius
1888 2381 1989 2420 tanti

179 2461 215 2490 35
231 2450 399 2490 terroris
441 2450 638 2489 occultas.
699 2451 800 2488 Nam
844 2449 876 2487 si
919 2460 1042 2501 quani
1081 2446 1262 2485 Rubrius
1294 2446 1488 2485 iniuriam
1521 2459 1598 2484 suo
1629 2444 1799 2483 nomine
1829 2456 1875 2482 ac
1906 2455 1990 2481 nou

230 2512 413 2566 impulsu
452 2516 524 2551 tuo
565 2517 605 2551 et
644 2517 711 2550 tua
754 2511 980 2563 cupiditate
1010 2509 1201 2555 fecisset,
1241 2509 1292 2547 de
1324 2508 1383 2547 tui
1415 2507 1579 2546 comitis
1611 2507 1766 2545 iniuria
1797 2510 1991 2559 questum

230 2576 281 2616 ad
321 2580 361 2614 te
402 2575 540 2628 potius
586 2588 710 2628 quam
744 2579 782 2612 te
814 2577 1103 2625 oppugnatum
1135 2571 1337 2610 venirent.
1400 2570 1501 2609 Cum
1533 2569 1681 2621 igitur,
1729 2582 1836 2622 quae
1868 2581 1991 2608 causa

231 2638 344 2678 illius
367 2637 568 2677 tumultus
590 2636 739 2682 fuerit,
771 2641 896 2675 testes
919 2649 941 2674 a
964 2635 1084 2674 nobis
1107 2633 1301 2687 producti
1325 2632 1522 2678 dixerint,
1544 2631 1634 2684 ipse
1655 2631 1819 2670 celarit:
1851 2643 1990 2670 nonne

232 2714 399 2741 causam
425 2699 553 2747 hanc,
587 2712 712 2753 quam
735 2712 811 2738 nos
833 2698 1144 2751 proposuimus,
1178 2709 1271 2735 cum
1294 2695 1462 2734 illorum
1486 2693 1739 2740 testimonia,
1760 2697 1846 2732 tum
1870 2692 1991 2731 istius

320 2900 350 2931 4.
387 2900 593 2930 innoccntwn
623 2898 664 2928 Gl
697 2897 744 2937 (ut
768 2897 821 2928 IV.
849 2898 878 2937 ἓ.
908 2896 982 2928 ΜΟ.
1009 2897 1043 2927 ct
1067 2904 1173 2936 saepe
1199 2893 1306 2931 alibi).
1341 2910 1376 2915 —
1415 2890 1445 2923 -l-.
1480 2891 1513 2922 in
1542 2891 1610 2922 loco
1635 2891 1714 2929 G35·
1738 2891 1817 2930 ng.
1845 2899 1988 2923 omnes:

232 2950 266 2979 in
290 2949 396 2980 locum
420 2947 462 2979 al.
490 2948 527 2978 0.
557 2965 591 2969 -
619 2948 650 2978 5.
675 2948 746 2987 sore
768 2947 906 2986 sperasti
931 2946 989 2977 Ld.
1020 2963 1054 2967 —
1083 2946 1112 2976 6.
1137 2946 1247 2985 suerat
1272 2943 1349 2973 (112
1367 2942 1513 2981 gligao:
1539 2941 1602 2980 snit
1626 2941 1688 2971 dtt.
1716 2941 1751 2971 Ο.
1782 2957 1816 2960 —
1843 2940 1873 2971 7.
1897 2949 1994 2978 pecu-

234 2999 290 3029 ηὶα
314 3007 382 3029 om.
411 2998 445 3028 1„
476 3015 509 3018 —4
537 2996 567 3027 8.
594 2997 662 3035 ipse
684 3005 715 3026 se
739 2997 780 3026 ul
800 2997 873 3034 ⁵23:
901 3005 933 3026 se
957 2996 1018 3026 dtt.
1039 2996 1076 3026 O.
1098 3012 1132 3016 —
1161 2995 1211 3025 2l2.
1239 2993 1323 3033 qaod
1343 3000 1449 3024 ‹÷(›11‹:.,
1476 2992 1560 3029 qaod
1584 2991 1661 3020 aad.
1681 2990 1740 3019 (il.
1763 3006 1794 3011 —
1826 2990 1875 3020 40.
1896 2993 1993 3028 atque

234 3058 253 3078 a
280 3048 332 3079 lib.
359 3049 400 3078 Gl
420 3057 441 3085 ς
465 3045 561 3078 multi
587 3046 673 3077 dtt.:
700 3050 797 3085 alque
813 3046 866 3076 lib.
888 3046 1056 3083 ‹221⁴g29:
1084 3048 1182 3081 alque
1205 3043 1245 3074 ab
1270 3043 1322 3073 lib.
1349 3041 1411 3071 dtl.
1431 3042 1468 3070 Ο.
1492 3059 1524 3062 -
1550 3041 1599 3070 21.
1618 3039 1833 3070 leslimoniam
1859 3040 1899 3069 Gt
1920 3040 1988 3077 25:

233 3100 300 3127 lest.
327 3100 419 3127 mam
444 3097 506 3127 dlt.
533 3097 576 3129 ();
603 3097 820 3126 testimonium
842 3096 1007 3134 publicam
1031 3098 1123 3124 luam
1148 3096 1185 3124 Α.
1214 3110 1247 3114 —-
1278 3092 1327 3122 22.
1354 3091 1455 3121 recila
1471 3107 1519 3112 --
1536 3091 1667 3120 (hunum
1691 3097 1759 3119 oni.
1787 3089 1827 3118 Gt
1849 3088 1878 3118 2.
1914 3090 1993 3120 Post

233 3147 474 3177 Arlemiclorum
508 3146 551 3177 de
584 3147 659 3177 llol.
687 3146 775 3177 coni.
803 3147 837 3176 1„
866 3147 900 3176 ct
929 3153 1029 3184 seqq.
1058 3144 1300 3174 inseruerunt:
1340 3140 1450 3171 Recita.
1479 3148 1520 3169 er
1549 3139 1655 3169 Verris
1683 3138 1798 3168 litteris
1821 3138 1863 3168 ad
1886 3138 1994 3169 Nero-

234 3205 316 3226 nem.
348 3197 398 3227 EX
423 3204 569 3228 mrwms
594 3196 627 3227 C.
652 3196 768 3227 l‘muus
792 3204 832 3225 ,w
858 3196 890 3226 C.
911 3195 1086 3225 Menos-1121.
1109 3211 1142 3214 —
1170 3192 1222 3224 el..
1244 3193 1467 3229 Lampsacena
1484 3189 1524 3219 (ὶ1
1548 3189 1649 3226 zet),
1668 3189 1768 3218 Arus.
1787 3187 1829 3217 M.
1850 3196 1883 3226 p.
1902 3187 1990 3218 0224·st

235 3245 408 3283 Lampsaci
433 3248 491 3276 aut
507 3246 721 3284 Lampsaceni
746 3245 808 3276 dtt.
831 3263 865 3266 ——
892 3245 944 3275 ⁴25.
971 3243 1122 3274 valebant
1139 3245 1239 3274 Arus.
1261 3242 1301 3272 M.
1322 3250 1354 3281 p.
1376 3239 1448 3270 224.
1472 3256 1505 3261 ——
1535 3239 1588 3268 3¹.
1614 3241 1704 3268 laam
1729 3245 1798 3267 orn.
1819 3238 1859 3267 Gt
1878 3236 1895 3267 ’2
1909 3247 1941 3274 3.
1958 3255 1990 3260 —-

237 3292 288 3324 31.
314 3297 517 3328 concurrerit
541 3296 587 3327 (33
601 3305 621 3334 ς
635 3297 658 3327 t:
673 3296 762 3335 nga
779 3304 784 3325 :
811 3298 1019 3327 concurreret
1037 3292 1125 3332 Lg-'ia
1144 3302 1149 3330 ς
1176 3293 1406 3323 concurrerent
1423 3288 1484 3320 dtt.
1504 3288 1540 3318 O.
1563 3304 1599 3309 —
1626 3287 1678 3317 39.
1704 3295 1777 3317 cam
1795 3286 1840 3317 aa
1855 3295 1875 3324 ς
1888 3286 1989 3326 Lg29:

236 3351 305 3383 cam
329 3345 370 3375 Gl
400 3345 461 3376 dtt.
489 3347 526 3380 O.
