2143 3713
716 216 811 257 CAP.
832 216 941 257 xlv.
970 214 1043 269 §§.
1073 211 1263 255 37-4-3.
1785 206 1865 247 553

240 333 347 371 XIV.
378 329 442 370 40.
475 329 615 379 Quid?
645 328 776 368 aviam
809 332 938 374 tuam,
971 328 1220 382 Oppianice,
1250 325 1468 371 Dinaeam,
1499 324 1565 363 cui
1597 328 1638 363 tu
1660 336 1703 363 es
1728 323 1862 369 heres,

128 400 242 449 pater
281 400 371 434 tuus
410 406 492 432 non
531 390 744 431 manifesto
785 391 973 429 necavit?
1015 391 1064 429 ad
1103 402 1225 442 quam
1265 401 1357 427 cum
1386 386 1630 425 adduxisset
1659 384 1862 424 medicum

128 457 241 497 illum
272 470 410 501 suum,
441 455 520 494 iam
551 452 755 504 cognitum
787 457 826 490 et
846 464 969 504 saepe
992 453 1207 497 victorem,
1242 447 1330 502 [per
1350 461 1473 500 quem
1495 447 1754 486 interfecerat
1774 447 1863 500 plu-

129 515 288 570 1'im0s,]
322 518 467 556 mulier
495 514 696 554 exclamat
727 526 770 552 se
800 513 849 552 ab
882 528 929 553 eo
961 514 1073 553 nullo
1104 512 1226 553 modo
1258 511 1389 549 curari
1420 509 1546 555 velle,
1578 522 1660 562 quo
1696 514 1863 548 curante

128 593 270 620 omnes
309 592 402 618 suos
441 575 698 630 perdidisset.
757 577 859 614 Tum
900 580 1066 629 repente
1096 574 1395 614 Anconitanum
1427 571 1656 625 quendam,
1695 571 1739 609 L.
1773 570 1895 610 Clo-5

129 642 258 688 dium,
289 637 646 693 pharmacopolam
677 637 1067 685 circumforaneum,
1103 637 1174 690 qui
1207 648 1304 675 casu
1337 639 1421 673 tum
1451 634 1644 672 Larinum
1671 633 1865 677 venisset,

128 703 361 756 aggreditur
390 706 430 740 et
458 714 549 740 cum
579 713 628 738 eo
660 699 821 738 duobus
854 699 1040 745 milibus,
1072 699 1111 738 id
1141 697 1251 751 quod
1282 697 1409 748 ipsius
1436 695 1582 735 tabulis
1615 700 1677 735 est
1696 694 1866 734 demon-

129 771 316 811 stratum,
347 762 546 814 transigit.
595 761 639 800 L.
673 761 838 800 Clodius
870 775 962 799 cum
993 763 1253 813 properaret,
1285 758 1348 797 cui
1378 757 1467 797 fora
1498 757 1625 796 multa
1654 760 1865 802 restarent,

129 828 249 868 simul
279 830 402 878 atque
430 823 688 864 introductus
720 829 781 862 est
818 836 903 862 rem
939 821 1140 861 confecit:
1181 821 1314 873 prima
1343 820 1514 872 potione
1552 819 1767 858 mulierem
1799 831 1868 856 su-

128 890 261 935 stulit,
289 899 423 940 neque
443 892 587 938 postea
608 885 747 924 Larini
776 890 972 937 punctum
994 889 1056 924 est
1076 883 1274 936 temporis
1295 887 1582 922 commoratus.
1624 878 1689 919 4-1.
1710 879 1866 919 Eadem
1882 885 1920 914 40

128 952 202 990 hac
231 950 386 989 Dinaea
414 952 705 987 testamentum
736 947 935 993 faciente,
968 960 1058 986 cum
1090 946 1250 985 tabulas
1280 944 1570 998 prehendisset
1599 942 1866 995 Oppianicus,

128 1012 196 1065 qui
221 1023 345 1064 gener
365 1010 451 1049 eius
474 1009 640 1055 fuisset,
667 1008 794 1061 digito
818 1009 948 1061 legata
971 1008 1123 1048 delevit
1144 1013 1197 1055 et,
1230 1021 1320 1046 cum
1344 1006 1384 1046 id
1408 1006 1544 1046 multis
1566 1005 1668 1044 locis
1689 1003 1866 1049 fecisset,

125 1080 219 1128 post
247 1077 419 1113 mortem
450 1071 560 1118 eius,
591 1084 642 1109 ne
673 1070 804 1109 lituris
836 1071 1001 1123 coargui
1031 1075 1194 1122 posset,
1227 1073 1517 1109 testamentum
1546 1067 1589 1106 in
1619 1066 1719 1106 alias
1750 1065 1867 1104 tabu-

124 1137 183 1175 las
213 1134 522 1186 transscriptum
554 1132 682 1185 signis
714 1132 954 1171 adulterinis
987 1132 1232 1184 obsignavit.
1264 1131 1395 1171 Multa
1415 1134 1630 1183 praetereo
1655 1126 1865 1173 consult03

124 1198 276 1238 etenim
313 1208 458 1236 vereor
498 1207 549 1233 ne
586 1195 688 1233 haec
726 1194 816 1247 ipsa
846 1193 1019 1233 nimium
1051 1194 1178 1233 multa
1214 1187 1561 1233 esse'videantur.
1618 1191 1700 1230 Vos
1731 1195 1916 1229 tament-'5

124 1260 297 1300 similem
327 1258 390 1298 sui
421 1270 513 1296 eum
543 1255 669 1296 fuisse
701 1256 742 1295 in
774 1256 920 1295 ceteris
951 1269 1119 1308 quoque
1139 1257 1247 1295 vitae
1270 1255 1453 1309 partibus
1480 1254 1715 1294 existimare
1746 1251 1869 1291 debe-

124 1324 189 1362 tis.
225 1321 344 1360 Illum
374 1319 531 1359 tabulas
562 1319 746 1371 publicas
768 1317 907 1356 Larini
940 1318 1147 1357 censorias
1169 1318 1404 1369 corrupisse
1425 1316 1665 1355 decuriones
1686 1313 1869 1354 universi

124 1383 422 1423 iudicaverunt.
482 1380 582 1420 Cum
618 1380 690 1420 illo
730 1393 852 1419 nemo
893 1379 974 1419 iam
1012 1380 1237 1426 rationem,
1281 1391 1403 1418 nemo
1440 1391 1526 1418 rem
1556 1377 1682 1417 ullam
1712 1381 1870 1416 contra-

122 1446 266 1492 hebat3
298 1456 419 1483 nemo
450 1444 567 1483 illum
598 1457 649 1483 ex
671 1448 753 1482 tam
785 1442 923 1482 multis
955 1442 1138 1494 cognatis
1172 1445 1213 1480 et
1243 1440 1435 1480 affinibus
1466 1444 1643 1480 tutorem
1672 1451 1869 1492 umquam

122 1507 262 1547 liberis
285 1507 371 1546 suis
393 1505 576 1558 sc1·ipsit;
607 1518 729 1545 nemo
751 1505 868 1544 illum
886 1503 1020 1549 aditu,
1052 1515 1173 1543 nemo
1197 1503 1502 1556 congressione,
1523 1515 1644 1541 nemo
1666 1513 1870 1546 sermone,
1882 1507 1920 1537 20

122 1581 242 1608 nemo
274 1568 462 1608 convivio
493 1567 662 1620 dignum
693 1566 912 1606 iudicavit:
957 1578 1100 1605 omnes
1131 1565 1479 1618 aspernabantur,
1511 1577 1652 1603 omnes
1677 1563 1871 1602 abhorre-

121 1631 240 1676 bant,
282 1643 424 1669 omnes
465 1635 510 1669 ut
549 1629 733 1682 aliquam
776 1629 997 1668 immanem
1034 1641 1080 1667 ac
1119 1628 1395 1681 perniciosam
1423 1626 1598 1666 bestiam
1628 1630 1870 1678 pestemque

122 1692 347 1744 fugiebant.
406 1688 472 1730 42.
502 1691 622 1730 Hunc
654 1696 791 1731 tamen
820 1690 1030 1729 hominem
1066 1694 1146 1729 tam
1178 1690 1397 1737 audacem,
1428 1694 1509 1728 tam
1535 1688 1758 1735 nefarium,
1788 1691 1870 1726 tam

122 1758 358 1800 nocentem,
403 1766 628 1806 numquam
669 1756 899 1792 accusasset
938 1751 1134 1799 Habitus,
1179 1752 1358 1799 iudices,
1404 1751 1438 1791 si
1468 1750 1508 1790 id
1546 1750 1870 1804 praetermittere

124 1828 197 1855 suo
229 1815 342 1854 salvo
374 1815 505 1868 capite
536 1815 750 1867 potuisset.
798 1815 897 1853 Erat
925 1813 1021 1852 huic
1050 1814 1239 1854 inimicus
1263 1813 1542 1866 Oppianicus:
1575 1817 1678 1857 erat,
1710 1811 1782 1851 sed
1811 1816 1870 1849 ta-
1883 1817 1922 1847 25

124 1890 217 1916 men
249 1881 336 1917 erat
365 1877 559 1917 vitricus:
600 1876 778 1916 crudelis
810 1881 850 1915 et
878 1876 975 1915 huic
1008 1876 1160 1916 infesta
1191 1881 1339 1922 mater,
1380 1880 1422 1915 at
1456 1881 1597 1915 mater.
1657 1875 1869 1913 Postremo

122 1939 227 1979 nihil
268 1945 351 1978 tam
394 1945 595 1978 remotum
633 1939 682 1977 ab
714 1938 971 1978 accusatione
1006 1952 1128 1992 quam
1162 1939 1372 1978 Cluentius
1404 1942 1444 1977 et
1473 1942 1621 1976 natura
1651 1941 1691 1976 et
1719 1935 1866 1976 volun-

123 2007 204 2042 tate
236 2007 276 2041 et
305 2001 491 2040 instituta
522 2002 677 2040 ratione
709 2001 829 2039 vitae.
867 2000 947 2039 Sed
979 2014 1070 2040 cum
1103 2006 1210 2040 esset
1239 2000 1341 2039 haec
1364 2000 1400 2039 ei
1433 1999 1642 2052 proposita
1663 1997 1867 2043 condicio,

122 2070 167 2104 ut
207 2068 279 2103 aut
318 2063 424 2102 iuste
466 2064 616 2116 pieque
656 2067 865 2102 accusaret
904 2067 975 2102 aut
1005 2063 1150 2102 acerbe
1181 2062 1435 2115 indigneque
1467 2065 1719 2107 moreretur,
1751 2072 1871 2099 accu-

123 2138 235 2171 sare,
267 2138 434 2178 quoquo
466 2125 590 2164 modo
621 2130 781 2177 posset,
819 2137 940 2177 quam
972 2125 1043 2164 illo
1075 2125 1198 2164 modo
1231 2125 1358 2164 emori
1390 2124 1546 2163 maluit.
1886 2130 1922 2160 30

234 2184 300 2226 43.
330 2188 466 2240 Atque
510 2192 554 2226 ut
583 2186 662 2226 hoc
692 2186 749 2225 ita
779 2199 868 2226 esse
900 2187 1136 2239 perspicere
1166 2187 1358 2239 possitis,
1400 2198 1606 2238 exponam
1634 2184 1752 2225 vobis
1788 2183 1872 2236 Op-

123 2250 275 2303 pianici
304 2248 464 2289 facinus
496 2249 714 2288 manifesto
746 2255 1001 2301 compertum
1033 2254 1159 2302 atque
1190 2249 1515 2301 deprehensum:
1553 2260 1605 2286 ex
1635 2260 1717 2300 quo
1748 2246 1871 2286 simul

123 2318 367 2365 utrumque,
399 2317 438 2351 et
467 2311 561 2351 huie
593 2324 786 2350 accusare
806 2316 846 2350 et
876 2311 936 2350 illi
958 2310 1250 2358 condemnari,
1280 2324 1450 2351 necesse
1471 2310 1598 2350 fuisse
1620 2309 1870 2362 intelligetis.

206 2478 236 2509 3.
259 2486 319 2518 per
343 2485 435 2517 quem
451 2476 668 2515 --plurimos
692 2475 819 2508 delevit
834 2477 870 2508 L.
898 2477 1094 2515 «Profecto,
1121 2486 1336 2517 quamquam
1361 2475 1522 2508 omnibus
1547 2477 1579 2507 in
1603 2474 1698 2507 libris
1722 2476 1868 2514 exstant,

121 2528 298 2569 supposita
321 2527 514 2558 videntur.»
541 2528 619 2557 Gan.
646 2527 676 2557 2.
706 2544 740 2548 —
775 2525 803 2557 l.
830 2528 946 2558 curari
975 2528 1052 2559 velle
1076 2528 1152 2558 ST:
1185 2528 1264 2558 celle
1286 2527 1400 2558 curari
1425 2524 1611 2558 RALQO.
1641 2543 1676 2547 —
1707 2526 1737 2556 5.
1764 2534 1872 2556 omnes

121 2587 193 2610 suos
215 2579 293 2610 ST:
329 2586 403 2608 suos
431 2585 538 2608 omncs
561 2578 585 2607 R
600 2578 624 2607 Α
640 2577 662 2607 L
679 2574 748 2608 530,
778 2594 812 2599 —
849 2577 878 2607 6.
901 2578 1197 2617 pharmacopulam
1220 2577 1264 2608 M.
1296 2594 1331 2598 —
1356 2577 1512 2615 soranum
1540 2576 1560 2606 S
1575 2576 1617 2611 T3
1654 2575 1872 2614 circumfora-

121 2637 200 2659 num
223 2628 244 2658 F
257 2628 299 2659 M.
329 2644 363 2648 ——
389 2627 419 2657 7.
445 2626 567 2657 duobus
589 2626 726 2667 milibus]
758 2627 820 2657 duo
850 2628 943 2658 milia
967 2628 1118 2665 STFA,
1145 2636 1175 2655 00
1202 2636 1233 2654 00
1255 2627 1306 2663 M;
1339 2626 1402 2657 HS.
1430 2624 1677 2665 quadrinqentis
1699 2621 1805 2656 LQO.
1834 2641 1869 2646 —

122 2678 221 2718 ipsius
248 2676 365 2708 tabulis
391 2679 435 2707 est
466 2677 545 2707 ST:
582 2680 625 2708 est
654 2677 753 2716 ipsius
780 2677 898 2707 tabulis
920 2680 988 2707 tum
1013 2677 1090 2712 FA3
1128 2676 1228 2714 ipsius
1251 2675 1368 2706 tabulis
1391 2678 1459 2705 tum
1482 2677 1527 2705 est
1550 2671 1703 2706 MLQO.
1742 2675 1871 2705 «Minus

122 2729 216 2760 reete
241 2730 308 2758 tum
331 2727 387 2757 hic
412 2726 554 2764 adesse,
582 2727 664 2758 satis
689 2736 730 2758 ex
754 2736 794 2758 eo
820 2727 930 2767 patet,
957 2724 1051 2765 quod
1075 2725 1108 2756 in
1132 2725 1197 2756 hac
1222 2725 1296 2765 ipsa
1318 2724 1463 2765 periodo
1487 2723 1540 2755 bis
1557 2724 1681 2755 eadem
1705 2722 1871 2764 particula

121 2778 322 2814 antecessit,
348 2778 487 2817 tempus
510 2777 669 2809 veneficii
691 2778 901 2818 respiciens,
928 2784 1019 2806 nunc
1035 2776 1178 2815 repente
1196 2773 1287 2805 aliud
1304 2776 1442 2815 tempus
1459 2773 1596 2812 indicat,
1623 2782 1691 2813 quo
1708 2772 1873 2804 iudicium

121 2827 165 2858 de
182 2827 370 2867 Oppianico
395 2826 523 2858 factum
547 2827 626 2865 suit,
656 2829 692 2859 ut
715 2829 774 2858 aut
791 2830 905 2867 postea
929 2827 987 2856 aut
1011 2824 1092 2856 nihil
1116 2833 1247 2865 ponere
1264 2824 1369 2856 satius
1386 2824 1519 2854 fuerit.»
1546 2824 1624 2854 Gar.
1643 2824 1673 2854 ΕΞ.
1692 2840 1725 2844 —·
1752 2822 1782 2854 8.
1799 2831 1873 2853 cum

121 2876 200 2907 ST:
234 2876 289 2915 qui
317 2873 504 2908 RALQO.
538 2876 588 2908 Cf.
613 2885 645 2907 v,
672 2878 706 2907 Μ
736 2885 789 2917 sq⁴
819 2894 853 2898 —
881 2877 931 2907 Ι11.
956 2876 1081 2915 facente
1104 2876 1135 2905 S.
1165 2892 1199 2897 —-
1221 2875 1400 2914 prendisset
1422 2874 1467 2909 A3
1497 2873 1709 2912 prendidisset
1732 2873 1801 2903 ST.
1831 2890 1866 2894 —

123 2925 173 2956 ΛΞ.
198 2925 275 2966 eius]
299 2925 395 2956 huius
417 2926 486 2957 ST.
515 2943 548 2947 —
577 2927 628 2957 43.
652 2927 752 2965 possit
776 2926 846 2957 ST.
875 2943 909 2948 —-
937 2925 989 2956 46.
1015 2924 1152 2955 similem
1174 2924 1225 2954 sui
1249 2933 1321 2955 eum
1344 2924 1417 2954 ST:
1446 2931 1518 2954 eum
1540 2922 1675 2953 similem
1698 2922 1748 2953 sui
1771 2923 1871 2953 RAL

123 2972 142 3006 2
158 2975 194 3006 Ο.
222 2993 253 2996 -
283 2983 409 3014 quoque
432 2983 499 3006 om.
526 2975 588 3006 ΡΑ
603 2973 622 3006 {²
637 2976 672 3006 Ο.
704 2994 737 2998 -
762 2975 860 3016 vilae]
883 2975 970 3006 vilae
992 2982 1071 3005 suae
1094 2974 1168 3005 ΡΑ.
1197 2992 1231 2996 -
1266 2974 1317 3004 47.
1343 2972 1438 3003 Illum
1469 2972 1596 3003 tabulas
1612 2990 1630 2994 —
1645 2990 1662 2994 -
1678 2972 1785 3003 liberis
1807 2973 1874 3003 suis

122 3024 249 3063 scripsit
271 3024 495 3062 Quintilianus
520 3025 572 3055 IX.
601 3024 631 3063 3,
651 3025 703 3056 38.
724 3043 759 3047 —
787 3026 838 3057 48.
865 3033 956 3055 nemo
979 3025 1047 3054 iam
1063 3024 1084 3054 S
1098 3023 1140 3054 Ta
1165 3023 1234 3054 iam
1256 3030 1348 3053 nemo
1372 3022 1396 3052 R
1410 3024 1436 3052 Α
1450 3022 1473 3052 L
1490 3020 1509 3053 ’ἐ
1523 3021 1567 3057 0;
1594 3030 1662 3052 om.
1680 3021 1748 3052 iam
1766 3022 1872 3059 Quin-

123 3072 267 3106 tilianus.
284 3091 318 3096 —
345 3075 397 3106 49.
417 3075 469 3114 ex]
494 3077 523 3105 el
545 3075 578 3105 S.
600 3092 634 3096 —
660 3075 713 3106 ΞΟ.
732 3084 824 3106 nemo
841 3075 931 3105 illum
947 3074 1052 3111 aditu,
1071 3081 1161 3103 nemo
1178 3072 1324 3103 convicio
1340 3089 1387 3094 --
1405 3071 1668 3110 aspernabantur
1683 3071 1871 3102 Arusianus

123 3122 267 3155 Messius
289 3132 322 3164 p.
337 3124 412 3155 2116.
431 3124 486 3155 ed.
505 3123 660 3155 Lindem.
680 3141 714 3146 —
740 3125 857 3155 auditu
872 3125 907 3156 T.
921 3142 955 3146 -
981 3124 1034 3155 Ἥ.
1053 3132 1145 3154 nemo
1169 3123 1259 3153 illum
1274 3122 1421 3152 convivio
1437 3138 1485 3144 —-
1499 3121 1667 3161 fuyiebant
1681 3121 1871 3153 Arusianus

123 3173 268 3205 Messius
285 3174 406 3214 pala.
426 3173 480 3205 ed.
508 3173 663 3205 Lindem.
687 3190 721 3195 -
748 3174 905 3205 iudicavit
928 3173 1004 3204 ST:
1031 3171 1199 3203 iudicabat
1223 3171 1341 3202 ceteri.
1371 3188 1405 3193 —
1432 3170 1484 3202 ⁶23.
1511 3174 1579 3202 tam
1602 3172 1680 3201 ante
1704 3178 1737 3201 v,
1763 3171 1871 3201 auda-

123 3231 191 3253 cem
213 3230 281 3254 om.
306 3223 331 3254 T
353 3224 414 3264 (pr.
434 3223 493 3263 m.)
519 3224 554 3255 F.
581 3241 616 3245 —
641 3222 694 3255 24.
716 3224 905 3263 permittere
927 3223 963 3253 T.
993 3239 1026 3243 *-
1053 3222 1105 3252 25.
1132 3229 1189 3251 suo
1212 3220 1302 3251 salvo
1326 3220 1432 3258 capite
1455 3220 1529 3251 ST:
1561 3221 1649 3251 salvo
1679 3220 1783 3259 capite
1811 3229 1869 3251 suo

125 3269 308 3304 RALQO.
331 3291 364 3295 —
390 3277 461 3305 erat
484 3274 563 3304 ante
586 3282 620 3304 V.
645 3273 700 3304 sed
723 3281 791 3304 om.
811 3273 835 3304 T
860 3274 921 3313 (pr.
948 3272 1008 3311 m.)
1035 3272 1056 3302 F
1069 3272 1096 3302 A
1110 3271 1147 3302 O.
1175 3288 1209 3291 —
1236 3270 1289 3301 ⁶26.
1315 3273 1351 3300 ac
1375 3270 1449 3300 ST:
1476 3273 1621 3301 attamen
1644 3266 1810 3301 RALQO.
1830 3286 1865 3291 —

123 3320 174 3353 ⁶28.
193 3321 222 3353 ei
237 3321 276 3353 S:
302 3321 348 3353 illi
371 3322 580 3360 FMALssO3
607 3330 677 3353 om.
692 3323 715 3354 T
733 3331 785 3363 pr.
803 3330 851 3354 m.
866 3339 899 3344 —
920 3321 973 3353 31.
1000 3319 1068 3363 hoc]
1093 3320 1171 3353 haec
1186 3316 1287 3353 LQO.
1306 3338 1340 3342 —
1359 3318 1411 3351 33.
1431 3319 1478 3351 illi
1492 3319 1600 3351 STL:
1625 3318 1718 3350 illum
1733 3316 1864 3351 RAQO.
