2175 3718
562 253 652 293 Lm.
683 252 714 292 Ι.
755 251 851 292 Cn».
882 250 1126 291 XI—XIII.
1165 248 1239 303 §§.
1269 248 1463 291 28-34.
1811 246 1884 289 ²144

140 366 190 406 ad
230 368 465 419 praetorem
504 364 631 405 alium
672 362 918 416 iudicesque
957 363 1062 403 alios
1096 362 1348 403 veniremus.
1407 357 1474 401 31.
1513 361 1603 401 Hoc
1635 362 1668 402 si
1699 375 1775 415 ego
1806 374 1892 401 non

137 428 356 477 vidissem,
395 428 428 467 si
460 440 525 466 me
555 439 640 466 non
671 438 816 465 omnes
847 426 935 465 noti
967 426 1185 480 ignotique
1217 424 1478 464 monuissent
1507 423 1550 462 id
1581 425 1669 476 agi,
1708 425 1749 463 id
1781 423 1894 477 cogi-

138 491 238 539 tari,
270 491 312 531 in
343 503 392 530 eo
424 488 651 536 elaborari,
681 492 728 527 ut
757 500 822 527 res
852 488 894 526 in
927 487 1029 527 illud
1062 493 1225 541 tempus
1249 487 1511 527 rejiceretur:
1544 486 1693 532 credo,
1726 486 1758 525 si
1792 485 1893 524 meis

136 553 254 593 horis
286 554 327 592 in
360 550 595 592 accusando
627 550 685 589 uti
718 550 967 597 voluissem,
999 564 1184 598 vererer,
1216 564 1267 590 ne
1299 549 1399 589 mihi
1431 548 1606 589 crimina
1635 562 1719 587 non
1743 561 1895 601 suppe-

138 620 294 663 terent,
330 627 382 654 ne
414 612 546 653 oratio
579 612 763 659 deesset,
803 625 855 651 ne
886 626 969 651 vox
999 612 1195 665 viresque
1227 610 1470 659 delicerent,
1508 624 1582 657 ne,
1614 623 1738 663 quem
1771 620 1927 649 nemos

137 679 270 731 prima
301 676 464 717 actione
496 673 721 714 defendere
753 681 879 713 ausus
911 680 1044 722 esset,
1076 688 1169 713 eum
1203 687 1280 727 ego
1307 674 1370 712 bis
1388 685 1585 712 accusare
1608 685 1692 711 non
1716 685 1894 724 possem.

135 741 223 793 Ego
255 753 392 779 meum
423 737 645 777 consilium
667 750 760 775 cum
785 736 1017 782 iudicibus,
1046 740 1132 775 tum
1153 735 1312 788 populo
1335 736 1523 774 Romano
1545 734 1741 786 probavi3
1774 747 1895 773 nemo

137 807 221 849 est,
254 801 326 855 qui
357 800 438 840 alia
468 799 630 839 ratione
661 798 835 838 istorum
866 798 1045 837 iniuriae
1076 803 1201 850 atque
1233 797 1518 850 impudentiae
1540 796 1730 849 potuisse
1753 796 1897 836 obsisti

136 864 372 903 arbitretur.
431 861 595 901 Etenim
628 873 710 913 qua
741 860 916 900 stultitia
946 859 1138 906 fuissem,
1172 860 1228 907 si,
1262 872 1387 913 quam
1418 859 1527 898 diem
1560 859 1631 912 qui
1663 859 1789 899 istum
1821 858 1899 898 eri-

136 926 340 978 piendum
368 925 638 964 redemerunt
666 923 709 962 in
742 922 936 962 cautione
966 921 1181 969 viderunt,
1222 936 1315 961 cum
1356 922 1411 961 ita
1444 926 1661 968 caverent,
1705 921 1773 961 «si
1804 926 1948 975 postio

139 986 347 1027 Kalendas
388 987 474 1026 Ian.
515 986 559 1024 in
590 985 813 1025 consilium
845 984 1024 1032 iretur»,
1065 985 1109 1024 in
1141 998 1231 1024 eam
1264 985 1373 1024 diem
1406 997 1502 1037 ego,
1543 998 1635 1024 cum
1666 983 1900 1036 potuissem

137 1051 289 1096 vitare,
323 1047 587 1089 incidissem!
648 1045 714 1086 32.
745 1049 864 1087 Nunc
894 1047 995 1086 mihi
1026 1047 1227 1099 temporis
1259 1047 1369 1094 eius,
1402 1047 1516 1100 quod
1548 1045 1649 1085 mihi
1677 1045 1727 1085 ad
1760 1046 1901 1086 dicen-

138 1111 236 1151 dum
268 1111 411 1159 datur,
453 1111 653 1165 quoniam
695 1111 738 1149 in
769 1111 908 1149 animo
941 1114 1002 1149 est
1033 1122 1200 1149 causam
1233 1122 1399 1149 omnem
1431 1122 1663 1162 exponere,
1709 1108 1901 1148 habenda

138 1175 243 1214 ratio
285 1178 349 1214 est
387 1173 620 1227 diligenter.
679 1173 771 1211 XII.
810 1173 956 1226 Itaque
994 1172 1175 1224 primum
1207 1171 1323 1210 illum
1357 1176 1495 1211 actum
1524 1171 1646 1211 istius
1676 1171 1784 1210 vitae
1815 1176 1901 1210 tur-

139 1237 361 1291 pissimum
401 1240 441 1275 et
479 1234 851 1288 flagitiosissimum
891 1234 1231 1286 praetermittam.
1289 1234 1401 1273 Nihil
1442 1248 1466 1274 a
1507 1248 1572 1274 me
1615 1234 1665 1274 de
1696 1234 1951 1287 pueritiaeffi

141 1313 239 1340 suae
272 1298 440 1352 flagitiis
471 1298 632 1345 audiet,
663 1296 768 1337 nihil
799 1310 852 1336 ex
881 1296 954 1336 illa
983 1296 1147 1349 impura
1177 1296 1463 1336 adolescentia
1494 1309 1591 1345 sua3
1624 1309 1731 1349 quae
1764 1295 1901 1349 qualis

139 1361 283 1409 fuerit,
315 1365 386 1400 aut
415 1359 662 1400 meministis
694 1363 766 1399 aut
797 1372 849 1398 ex
881 1372 954 1406 eo,
987 1372 1112 1412 quem
1142 1359 1206 1398 sui
1238 1358 1497 1398 simillimum
1528 1358 1753 1412 produxit,
1783 1372 1902 1399 reco-

141 1435 341 1477 gnoscere
370 1423 560 1476 potestis.
611 1422 762 1462 Omnia
791 1421 1052 1475 praeteribO,
1085 1434 1192 1475 quae
1215 1421 1316 1460 mihi
1338 1421 1477 1474 turpia
1499 1421 1613 1461 dictu
1634 1421 1901 1469 videbuntur,

140 1499 278 1540 neque
317 1485 453 1526 solum
494 1485 597 1539 quid
634 1485 761 1525 istum
799 1485 964 1531 audire,
1003 1497 1148 1524 verum
1188 1484 1312 1524 etiam
1344 1484 1446 1538 quid
1477 1497 1542 1524 me
1574 1484 1720 1524 deceat
1750 1485 1903 1533 dicere,

142 1547 430 1589 considerabo.
489 1549 598 1595 Vos,
631 1560 812 1601 quaeso,
854 1546 947 1586 date
977 1546 1058 1587 hoc
1089 1551 1129 1586 et
1160 1546 1378 1586 concedite
1408 1546 1561 1599 pudori
1593 1560 1710 1595 meo,
1751 1551 1798 1587 ut
1828 1547 1954 1587 ali-20

143 1624 267 1665 quam
297 1615 457 1665 partem
487 1611 537 1650 de
568 1610 688 1651 istius
719 1609 983 1663 impudentia
1012 1609 1187 1649 reticere
1208 1609 1381 1662 possim.
1431 1606 1498 1649 33.
1520 1609 1653 1649 Omne
1675 1609 1780 1649 illud
1803 1614 1906 1650 tem-

141 1686 242 1725 pus,
274 1674 386 1727 quod
416 1673 516 1720 fuit,
548 1678 774 1727 antequam
806 1673 883 1712 iste
915 1673 966 1712 ad
988 1672 1252 1724 magistratus
1281 1684 1455 1725 remque
1482 1672 1692 1725 publicam
1715 1673 1904 1720 accessit,

143 1735 293 1775 habeat
322 1749 397 1789 per
427 1750 492 1775 me
525 1736 707 1775 solutum
738 1749 784 1775 ac
815 1736 1004 1775 liberum.
1065 1734 1248 1774 Sileatur
1278 1734 1328 1773 de
1359 1734 1577 1773 nocturnis
1609 1734 1699 1774 eius
1730 1734 1906 1774 baccha-

146 1797 330 1837 tionibus
361 1811 408 1837 ac
429 1797 605 1849 vigiliis;
637 1798 857 1845 lenonum,
889 1797 1143 1844 aleatorum,
1174 1796 1473 1850 perductorum
1495 1796 1612 1836 nulla
1632 1797 1790 1836 mentio
1811 1794 1904 1845 fiat3

148 1858 319 1907 damna,
350 1859 575 1906 dedecora,
607 1873 714 1913 quae
745 1874 812 1899 res
843 1860 972 1912 patris
1004 1860 1108 1907 eius,
1140 1865 1253 1899 aetas
1276 1859 1411 1911 ipsius
1431 1859 1617 1911 pertulit,
1638 1865 1904 1913 praeterean-
1918 1867 1956 1897 25

147 1925 234 1968 tur;
264 1921 449 1961 lucretur
478 1921 633 1961 indicia
662 1922 814 1962 veteris
845 1922 1061 1970 infamiae;
1092 1922 1277 1974 patiatur
1308 1921 1398 1960 eius
1419 1921 1504 1961 vita
1529 1921 1692 1975 reliqua
1713 1935 1777 1962 me
1797 1921 1906 1962 hanc

147 1987 304 2022 tantam
342 1983 543 2024 iacturam
585 1985 805 2024 criminum
843 1983 993 2025 facere.
1066 1981 1132 2023 34.
1180 1983 1389 2031 Quaestor
1430 1983 1502 2023 Cn.
1533 1984 1698 2036 Papirio
1742 1984 1907 2025 consuli

150 2045 264 2086 suisti
296 2046 446 2087 abhinc
475 2060 607 2087 annos
639 2048 990 2101 quattuordecim.
1033 2047 1097 2087 Ex
1128 2059 1177 2086 ea
1207 2047 1274 2086 die
1305 2047 1358 2086 ad
1387 2046 1496 2087 hane
1526 2047 1637 2086 diem
1668 2060 1776 2100 quae
1805 2046 1907 2087 feci-

148 2108 223 2155 sti,
254 2108 297 2147 in
328 2108 529 2149 iudicium
559 2122 678 2149 voco.
737 2110 851 2149 Hora
890 2110 1006 2150 nulla
1036 2123 1168 2150 vacua
1198 2123 1221 2149 a
1250 2109 1387 2157 furto,
1430 2110 1607 2157 scelere,
1647 2110 1906 2157 crudelitate,

147 2171 305 2224 flagitio
344 2171 587 2224 reperietur.
646 2172 698 2211 Hi
740 2176 836 2211 sunt
875 2172 973 2211 anni
1012 2172 1248 2224 consumpti
1290 2172 1332 2211 in
1364 2176 1589 2225 quaestura
1625 2176 1666 2212 et
1695 2171 1957 2225 legationeao

146 2232 328 2272 Asiatica
366 2238 407 2273 et
442 2239 638 2286 praetura
674 2234 834 2273 urbana
867 2238 907 2273 et
945 2239 1141 2287 praetura
1173 2234 1396 2274 Siciliensi.
1456 2234 1596 2283 Quare
1625 2233 1729 2274 haec
1760 2234 1907 2274 eadem

147 2295 225 2335 erit
257 2294 559 2349 quadripartita
590 2296 828 2336 distributio
859 2296 989 2336 totius
1020 2296 1302 2336 accusationis
1333 2309 1463 2337 meae.

258 2358 370 2398 XIII.
413 2357 621 2406 Quaestor
651 2371 703 2398 ex
733 2363 901 2399 senatus
925 2359 1117 2399 consulto
1149 2359 1409 2412 provinciam
1440 2360 1610 2400 sortitus
1642 2372 1714 2399 es:
1758 2359 1909 2412 obtigit

146 2420 221 2461 tibi
251 2421 504 2468 consularis,
544 2425 591 2461 ut
621 2435 715 2461 cum
745 2422 918 2462 consule
951 2421 1024 2461 Cn.
1054 2421 1242 2461 Carbone
1281 2435 1394 2462 esses
1433 2435 1611 2476 eamque
1647 2422 1908 2475 provinciam

148 2484 370 2524 obtineres.
429 2484 529 2524 Erat
558 2488 645 2524 tum
676 2484 883 2525 dissensio
916 2484 1092 2532 civium3
1125 2485 1175 2524 de
1208 2499 1291 2539 qua
1320 2485 1427 2525 nihil
1453 2500 1545 2526 sum
1567 2486 1774 2535 dicturus,
1806 2487 1908 2541 quid
1921 2490 1959 2520 35

149 2546 302 2586 sentire
334 2545 549 2586 debueris:
580 2560 710 2586 unum
740 2546 821 2587 hoe
853 2546 969 2594 dico,
1001 2547 1044 2586 in
1075 2547 1282 2587 eiusmodi
1314 2552 1501 2601 tempore
1522 2562 1569 2589 ae
1592 2554 1703 2590 sorte
1726 2555 1908 2590 statuere

147 2613 189 2648 te
219 2608 436 2656 debuisse,
466 2613 607 2649 utrum
638 2610 783 2649 malles
815 2610 970 2649 sentire
1001 2615 1127 2663 atque
1158 2610 1395 2651 defendere.
1440 2611 1573 2652 Carbo
1605 2613 1785 2665 graviter
1803 2612 1909 2652 fere-

147 2670 218 2711 bat
247 2671 326 2712 sibi
357 2676 624 2726 quaestorem
665 2673 863 2726 obtigisse
900 2672 1114 2712 hominem
1145 2673 1346 2727 singulari
1378 2674 1546 2714 luxuria
1575 2680 1702 2729 atque
1733 2675 1908 2723 inertia3

148 2746 293 2774 verum
314 2738 454 2774 tamen
485 2735 660 2775 ornabat
689 2749 785 2775 eum
814 2732 1030 2775 beneficiis
1062 2732 1297 2790 officiisque
1329 2737 1537 2777 omnibus.
1577 2738 1637 2777 Ne
1669 2736 1826 2777 diutius
1849 2742 1910 2776 te-

235 2883 265 2915 4.
290 2884 370 2915 haec
392 2884 419 2915 si
442 2883 504 2916 dtt.
530 2893 636 2917 nonn.
666 2903 701 2908 -
734 2885 767 2917 3.
791 2886 826 2917 in
849 2894 885 2917 eo
908 2884 1075 2916 elaborari
1098 2885 1201 2925 G3g:
1238 2886 1272 2917 in
1295 2895 1331 2918 eo
1354 2886 1505 2918 laborari
1528 2885 1590 2918 dtt.
1617 2886 1655 2918 Ο.
1688 2886 1740 2926 (id
1762 2885 1912 2917 laborari

148 2931 207 2973 Lg.
226 2931 300 2973 4⁶2.;
325 2934 359 2965 id
382 2933 548 2966 elaborari
571 2936 628 2976 Lg.
647 2935 700 2967 ⁶29.
736 2936 778 2967 At
802 2935 843 2967 et.
870 2935 900 2975 g.
927 2936 958 2967 ⁶2.
984 2935 1131 2967 Divinat.
1159 2935 1190 2976 g.
1216 2935 1282 2975 39.)
1310 2954 1345 2958 —
1378 2937 1410 2968 5.
1435 2945 1475 2968 ne
1504 2945 1556 2968 me
1578 2945 1645 2968 vox
1667 2937 1703 2968 L.
1739 2938 1783 2969 At
1806 2936 1848 2968 cf.
1873 2945 1908 2977 p.

153 2983 289 3021 Quinct.
316 2983 346 3024 S.
366 2983 398 3016 4.
426 3001 461 3006 ·—
489 2985 519 3016 6.
539 2985 655 3024 priore
678 2985 804 3017 actione
825 2987 864 3016 A.
887 3002 921 3006 —
949 2984 979 3015 7.
1005 2993 1078 3016 cum
1101 2985 1168 3016 iud.
1196 2986 1297 3024 G23:
1324 2985 1484 3016 iudicibus
1507 2986 1548 3016 Gl
1580 2985 1641 3017 dtt.
1661 2987 1698 3018 Ο.
1724 3004 1760 3009 -
1786 2986 1817 3018 9.
1843 2986 1911 3027 qui]

147 3031 223 3072 isti,
249 3033 305 3073 qui
327 3034 366 3065 A.
394 3051 430 3055 -
457 3034 509 3066 46.
535 3035 673 3076 flagitiis
696 3035 796 3074 G3g:
821 3034 958 3076 flagitiis
977 3034 1181 3074 peccatisque
1206 3034 1268 3066 dtt.
1295 3035 1333 3065 Ο.
1372 3034 1457 3066 «Est
1479 3034 1547 3066 hoe
1571 3043 1681 3066 unum
1706 3044 1748 3066 ex
1769 3034 1911 3067 infinitis

151 3081 318 3123 exemplis
352 3083 656 3125 interpretamenti
689 3093 754 3126 per
787 3083 993 3125 particulam
1024 3083 1198 3123 adiuncti;
1236 3084 1338 3116 nimis
1370 3084 1465 3116 enim
1488 3083 1576 3117 lenis
1600 3086 1653 3117 est
1674 3085 1764 3116 haec
1786 3092 1854 3115 vox
1877 3085 1912 3116 et

148 3131 300 3173 vulgaris
333 3135 414 3174 post
446 3142 550 3174 grave
582 3135 617 3166 et
646 3135 828 3176 proprium
862 3134 1072 3174 flagitiorum
1095 3143 1258 3166 nomen.»
1304 3134 1418 3167 Madv.
1445 3135 1488 3167 de
1512 3136 1591 3168 Asc.
1617 3136 1704 3175 App.
1730 3143 1764 3175 p.
1792 3133 1845 3165 33.
1872 3151 1908 3156 —

152 3181 203 3213 ⁴7.
229 3190 272 3213 ea:
294 3182 355 3214 isco
376 3184 416 3214 A.
438 3201 474 3206 —
499 3182 553 3216 24.
573 3185 782 3224 perditorum
803 3183 854 3216 Ld
866 3183 990 3224 Lg42.;
1010 3185 1251 3223 productorum
1266 3184 1302 3216 L.
1324 3203 1359 3207 —
1385 3185 1438 3217 ¹26.
1463 3186 1609 3225 patietur
1631 3185 1720 3217 coni.
1746 3183 1908 3223 Schuetz,

147 3231 277 3270 patitur
306 3231 464 3265 orellius.
492 3250 525 3255 -—
563 3233 616 3266 27.
647 3235 772 3267 consuli
796 3235 843 3266 Gi).
871 3233 938 3266 al.:
968 3234 1096 3266 consule
1119 3235 1178 3267 Gt.
1215 3236 1408 3276 Utrumque
1436 3236 1612 3268 memorat
1633 3236 1672 3266 A.
1699 3234 1769 3267 Cos.
1795 3234 1842 3265 St.
1872 3251 1908 3256 —-

152 3278 204 3311 32.
229 3281 471 3321 quadripertita
493 3292 527 3322 ς.
555 3301 590 3305 -
616 3283 668 3315 33.
694 3287 740 3315 est
763 3284 821 3315 Ga.
851 3301 886 3306 —
913 3283 965 3314 39.
992 3283 1141 3326 ornabat]
1165 3284 1350 3316 honorabat
1372 3286 1464 3317 612.
1494 3304 1530 3309 —
1555 3285 1733 3326 officiisque
1756 3293 1826 3316 om.
1846 3283 1908 3316 dtt.

153 3328 191 3360 O.
218 3346 255 3353 -
279 3340 337 3364 vos
358 3334 485 3366 teneam
507 3333 597 3365 coni.
615 3333 805 3366 Lambinus
829 3333 904 3365 sine
928 3341 1052 3372 causa3
1078 3333 1121 3366 cf.
1148 3342 1199 3367 or.
1224 3343 1259 3377 p.
1281 3336 1384 3368 Rosc.
1401 3336 1479 3368 Am.
1505 3334 1608 3376 5:20.
1633 3334 1753 3377 ibique
1776 3334 1912 3367 Buech-

153 3385 289 3412 nerum.
