2143 3713
623 217 718 257 en.
749 216 1123 258 xxvl-xxvn.
1160 214 1233 270 §§.
1264 214 1453 257 67—73.
1827 213 1909 257 6⁶29

169 344 243 371 nos
273 330 465 384 periculi,
501 330 643 384 quanti
672 328 751 381 ipsi
782 329 932 376 velint,
972 329 1216 370 decemviris
1248 328 1423 368 tradant.
1473 330 1608 383 Atque
1638 329 1718 370 hoc
1748 342 1910 370 carmen

165 393 233 432 hic
261 393 449 432 tribunus
479 392 610 446 plebis
640 404 722 430 non
753 391 890 438 vobis,
922 392 994 431 sed
1027 392 1104 431 sibi
1134 392 1244 430 intus
1275 391 1399 429 canit.
1449 390 1514 430 69.
1546 392 1680 432 Habet
1709 405 1912 439 socerum,

166 455 294 493 virum
327 455 551 506 optimum,
582 452 653 506 qui
685 457 840 491 tantum
871 454 955 503 agri
987 454 1027 492 in
1060 452 1142 492 illis
1173 453 1230 491 rei
1263 452 1454 505 publicae
1478 454 1659 493 tenebris
1682 454 1911 506 occupavit,

165 520 364 568 quantum
404 514 648 567 concupivit.
707 514 813 552 Huic
856 515 1077 554 subvenire
1118 514 1206 553 vult
1242 515 1528 554 succumbenti
1569 515 1649 554 iam
1689 520 1729 554 et
1767 529 1912 568 presso

166 576 348 615 Sullanis
379 576 571 616 oneribus
602 575 833 627 gratissima
873 576 985 627 lege,
1025 581 1067 615 ut
1098 576 1218 614 liceat
1248 575 1307 615 illi
1339 576 1536 616 invidiam
1569 576 1801 629 deponere,
1842 585 1945 630 pe-5

165 639 327 677 cuniam
358 638 547 677 condere.
606 637 658 675 Et
688 650 760 675 vos
792 650 875 676 non
908 638 1126 684 dubitatis,
1167 637 1270 690 quin
1301 637 1517 689 vectigalia
1548 643 1685 677 vestra
1713 639 1914 687 vendatis,

165 700 339 753 plurimo
376 700 575 739 maiorum
618 703 845 738 vestrorum
887 700 1086 751 sanguine
1130 703 1171 737 et
1209 698 1359 737 sudore
1393 699 1605 751 quaesita,
1647 705 1691 739 ut
1722 700 1914 741 Sullanos

163 773 420 815 possessores
442 759 597 799 divitiis
620 761 804 812 augeatis
819 791 828 806 ‚
862 760 1048 813 periculo
1071 760 1283 800 liberetis?
1326 759 1391 799 70.
1413 761 1516 799 Nam
1538 760 1589 800 ad
1612 761 1719 801 hanc
1742 763 1916 815 emptio-

164 838 257 864 nem
290 821 602 862 decemviralem
634 822 715 860 duo
738 836 888 874 genera
910 836 1102 873 agrorum
1132 827 1342 875 spectant,
1375 822 1573 870 Quirites.
1615 823 1767 863 Eorum
1789 837 1915 863 unum

163 890 329 939 propter
365 883 563 924 invidiam
607 884 764 924 domini
796 884 982 935 fugiunt,
1027 884 1200 923 alterum
1232 889 1399 938 propter
1428 885 1674 923 vastitatem.
1723 884 1966 925 Sullanusto

162 960 259 999 ager
295 959 319 985 a
357 945 478 984 certis
513 944 750 984 hominibus
795 946 993 985 latissime
1036 946 1300 986 continuatus
1352 951 1505 985 tantam
1543 946 1669 986 habet
1705 946 1917 994 invidiam,

161 1016 206 1049 ut
234 1008 320 1048 veri
351 1020 397 1047 ac
427 1007 546 1046 fortis
578 1007 729 1046 tribuni
763 1008 895 1060 plebis
928 1007 1149 1047 stridorem
1180 1022 1308 1047 unum
1341 1007 1522 1061 perferre
1544 1021 1628 1047 non
1650 1009 1792 1062 possit.
1841 1008 1917 1047 Hic

160 1083 257 1123 ager
287 1069 441 1117 omnis,
473 1082 644 1123 quoquo
676 1071 809 1121 pretio
842 1074 1057 1121 coemptus
1089 1070 1188 1117 erit,
1237 1075 1372 1109 tamen
1404 1071 1560 1122 ingenti
1590 1071 1768 1124 pecunia
1799 1071 1918 1110 nobis

160 1132 391 1172 inducetur.
422 1131 607 1171 Alterum
629 1144 759 1183 genus
781 1144 994 1183 agrorum,
1026 1138 1194 1185 propter
1216 1133 1473 1172 sterilitatem
1496 1132 1720 1180 incultum,
1751 1137 1919 1186 propter

160 1194 441 1248 pestilentiam
471 1199 633 1233 vastum
664 1200 787 1247 atque
820 1194 1052 1241 desertum,
1084 1200 1243 1233 emetur
1273 1194 1323 1233 ab
1355 1195 1430 1241 iis,
1463 1194 1533 1247 qui
1566 1207 1637 1234 eos
1667 1194 1811 1234 vident
1840 1194 1968 1234 sibim

161 1270 276 1304 esse,
308 1256 342 1296 si
374 1269 456 1295 non
487 1255 773 1302 vendiderint,
805 1256 1117 1309 relinquendos.
1167 1256 1218 1294 Et
1238 1255 1432 1295 nimirum
1455 1256 1497 1295 id
1519 1261 1601 1303 cst,
1634 1256 1747 1310 quod
1768 1257 1818 1296 ab
1838 1257 1920 1297 hoe

161 1319 325 1358 tribuno
362 1318 495 1371 plebis
527 1317 682 1357 dictum
715 1323 777 1357 est
807 1318 848 1356 in
882 1323 1051 1365 senatu,
1082 1317 1280 1357 urbanam
1313 1317 1474 1370 plebem
1504 1318 1677 1358 nimium
1700 1319 1743 1357 in
1770 1331 1813 1358 re
1845 1332 1921 1372 pu-

160 1380 267 1421 blica
288 1392 436 1432 posse,
469 1378 883 1419 exhauriendam
916 1393 1056 1419 esse:
1086 1379 1166 1418 hoc
1190 1379 1300 1418 enim
1321 1379 1447 1419 verbo
1471 1385 1534 1419 est
1562 1393 1683 1428 usus,
1715 1381 1834 1434 quasi
1866 1380 1918 1420 de

161 1442 299 1496 aliqua
329 1442 493 1481 sentina
523 1454 569 1481 ac
600 1454 685 1480 non
717 1441 768 1481 de
801 1442 1051 1494 optimorum
1085 1442 1236 1480 civium
1268 1454 1419 1494 genere
1449 1441 1706 1494 loqueretur.
1747 1442 1918 1482 XXVII.

159 1501 225 1543 711.
256 1504 340 1543 Vos
371 1516 492 1550 vero,
524 1503 732 1551 Quirites,
764 1504 797 1543 si
830 1516 893 1542 me
924 1502 1069 1542 audire
1091 1503 1238 1551 vultis,
1269 1504 1444 1543 retinete
1471 1504 1591 1543 istam
1612 1504 1920 1558 possessionem
1933 1515 1970 1544 20

159 1566 334 1620 gratiae,
366 1565 592 1613 libertatis,
625 1565 937 1618 suffragiorum,
980 1565 1213 1617 dignitatis,
1244 1565 1380 1612 urhis,
1416 1565 1519 1613 fori,
1550 1566 1764 1614 ludorum,
1794 1566 1921 1606 festo-

157 1642 250 1668 rum
283 1627 467 1675 dierum,
500 1633 731 1667 ceterorum
754 1627 939 1666 omnium
962 1626 1294 1673 commodorum,
1326 1627 1402 1666 nisi
1423 1627 1528 1667 sorte
1549 1629 1742 1668 mavultis
1764 1628 1920 1668 relictis

159 1690 226 1730 his
257 1690 382 1730 rebus
413 1695 538 1742 atque
569 1690 645 1729 hac
676 1689 768 1728 luce
798 1690 859 1729 rei
890 1689 1082 1741 publicae
1114 1689 1156 1728 in
1190 1689 1405 1742 Sipontina
1438 1689 1623 1730 siccitate
1645 1697 1714 1731 aut
1742 1692 1785 1731 in
1808 1691 1921 1731 Sala-

159 1753 351 1807 pinorum
383 1751 644 1804 pestilentiae
673 1750 824 1791 finibus
856 1751 977 1791 Rullo
1010 1751 1114 1790 duce
1146 1751 1354 1790 collocari.
1404 1753 1456 1791 At
1495 1751 1625 1800 dieat,
1665 1767 1769 1807 quos
1801 1767 1921 1807 agros

161 1819 372 1867 empturus
411 1814 482 1860 sit;
522 1812 734 1860 ostendat,
775 1819 815 1853 et
856 1814 955 1866 quid
998 1819 1037 1853 et
1067 1814 1217 1867 quibus
1250 1813 1419 1853 daturus
1453 1814 1519 1854 sit.
1578 1815 1628 1854 Ut
1665 1830 1786 1864 vero,
1828 1829 1970 1859 cum25

160 1890 302 1917 omnes
333 1876 479 1922 urbes,
519 1888 661 1928 agros,
704 1876 941 1928 vectigalia,
985 1889 1110 1929 regna
1139 1875 1394 1923 vendiderit,
1426 1882 1512 1916 tum
1543 1890 1709 1918 arenam
1740 1879 1922 1932 aliquam

160 1944 230 1978 aut
260 1937 434 1992 paludes
467 1943 596 1985 emat,
627 1937 668 1976 id
691 1951 765 1977 vos
796 1939 994 1990 potestis,
1026 1951 1204 1991 quaeso,
1236 1938 1496 1978 concedere?
1529 1939 1791 1993 Quamquam
1817 1939 1921 1980 illud

160 2006 224 2040 est
253 1999 485 2053 egregium,
519 1999 631 2053 quod
664 1999 740 2039 hac
771 2000 862 2052 lege
892 2007 986 2040 ante
1018 2001 1156 2040 omnia
1187 2006 1391 2047 veneunt,
1423 2006 1516 2040 ante
1541 2002 1744 2054 pecuniae
1766 2015 1922 2055 cogun-

161 2067 226 2102 tur
257 2067 298 2102 et
330 2066 646 2109 coacervantur,
677 2075 799 2115 quam
833 2062 952 2114 gleba
983 2076 1065 2102 una
1096 2068 1270 2102 ematur.
1313 2063 1467 2102 Deinde
1500 2064 1579 2103 emi
1611 2064 1748 2112 iubet,
1779 2064 1830 2104 ab
1859 2064 1921 2103 in-

159 2126 242 2164 vito
262 2129 385 2165 vetat.
434 2122 499 2162 72.
525 2123 713 2171 Quaere,
754 2124 788 2163 si
820 2125 890 2177 qui
913 2125 1043 2165 velint
1075 2125 1253 2166 vendere
1286 2140 1369 2166 non
1401 2127 1576 2175 fuerint,
1614 2129 1712 2182 quid
1743 2129 1969 2182 pecunia30

164 2184 266 2227 fiet?
310 2186 479 2226 Referre
518 2186 559 2224 in
599 2186 803 2225 aerarium
844 2186 911 2225 lex
942 2192 1075 2233 vetat,
1118 2188 1228 2240 exigi
1269 2189 1474 2241 prohibet.
1534 2190 1662 2243 Igitur
1699 2191 1920 2244 pecuniam

166 2262 329 2289 omnem
361 2248 581 2288 decemviri
613 2249 832 2295 tenebunt,
864 2248 981 2288 vobis
1012 2261 1109 2301 ager
1138 2263 1222 2289 non
1250 2256 1421 2291 emetur.
1468 2253 1745 2306 Vectigalibus
1767 2252 1921 2292 abalie-

159 2311 290 2358 natis,
321 2311 443 2350 sociis
473 2311 652 2357 vexatis,
684 2311 851 2364 regibus
883 2317 1009 2365 atque
1040 2313 1234 2353 omnibus
1265 2315 1457 2366 gentibus
1480 2315 1726 2363 exinanitis,
1756 2314 1818 2354 illi
1848 2328 1921 2369 pe-

160 2373 303 2413 cunias
344 2371 576 2420 habebunt,
618 2386 690 2413 vos
732 2386 853 2426 agros
892 2387 977 2414 non
1007 2374 1224 2414 habebitis.
1275 2376 1430 2424 Facile,
1474 2377 1633 2430 inquit,
1665 2377 1922 2417 adducentur

159 2435 362 2490 pecuniae
404 2434 708 2487 magnitudine,
750 2440 797 2474 ut
826 2436 954 2476 velint
983 2436 1180 2477 vendere.
1228 2438 1338 2491 Ergo
1371 2452 1419 2479 ea
1448 2439 1517 2479 lex
1549 2444 1631 2487 est,
1671 2452 1753 2494 qua
1781 2444 1969 2481 nostra35

159 2497 389 2538 vendamus
421 2498 565 2549 quanti
594 2498 827 2551 possimus,
864 2498 1003 2538 aliena
1033 2512 1218 2540 emamus
1252 2502 1399 2554 quanti
1429 2514 1690 2555 possessores
1720 2501 1864 2541 velint.

271 2557 339 2599 73.
369 2560 506 2613 Atque
544 2559 586 2599 in
624 2560 700 2599 hos
744 2573 886 2613 agros,
929 2560 1002 2614 qui
1034 2561 1109 2601 hac
1140 2561 1231 2613 lege
1263 2563 1389 2615 empti
1421 2564 1524 2610 sint,
1563 2563 1744 2603 colonias
1775 2563 1825 2603 ab
1854 2563 1919 2602 his

251 2775 282 2808 4.
308 2779 337 2808 et
355 2785 468 2816 presso
492 2776 666 2809 Halmius:
693 2786 844 2817 expresso
867 2778 979 2814 EFP3
1006 2787 1157 2818 oppresso
1180 2781 1205 2810 A
1221 2778 1243 2812 ΣΞ
1257 2780 1299 2817 Ο;
1326 2783 1424 2819 atque
1446 2788 1596 2819 oppresso
1620 2780 1656 2811 L.
1678 2796 1710 2802 —
1739 2780 1771 2810 5.
1796 2779 1922 2819 matis-

160 2835 257 2858 suma
280 2825 454 2858 Halmius:
479 2827 577 2867 gravi
599 2836 659 2858 sua
683 2827 707 2858 E
722 2829 781 2859 ΕΑ
797 2825 815 2859 Q
831 2829 874 2858 0:
903 2828 1059 2867 grat-ibus
1081 2837 1141 2859 sua
1165 2829 1206 2860 L:
1240 2832 1341 2869 grata
1363 2838 1426 2860 sua
1450 2828 1629 2861 Gebhardt
1650 2828 1671 2861 l.
1698 2827 1719 2860 1.
1745 2829 1799 2859 ΙΙΙ.
1824 2836 1859 2869 p.
1879 2829 1919 2859 40

164 2885 241 2916 sqq.
270 2894 305 2898 -—
332 2876 364 2907 6.
389 2878 419 2906 et
440 2884 496 2906 vos
520 2875 674 2906 dubitatis
698 2877 753 2916 qui
775 2886 806 2908 υ.
832 2886 862 2907 v.
888 2878 1036 2909 vendatis
1059 2879 1099 2915 F}
1136 2879 1178 2909 Ec
1200 2887 1256 2909 ros
1279 2879 1449 2918 dubitatis,
1475 2880 1552 2919 quin
1575 2888 1606 2909 v.
1632 2888 1663 2910 v.
1687 2887 1753 2909 non
1774 2878 1922 2909 vendatis

160 2926 197 2957 L.
226 2944 261 2948 -
287 2926 318 2957 7.
344 2926 539 2964 vestrorum]
562 2929 708 2957 uestrum
724 2927 748 2957 E
764 2927 796 2957 F.
820 2944 854 2948 -—
882 2928 933 2959 2¹2.
958 2932 1063 2967 posset
1079 2929 1104 2959 E
1122 2930 1195 2960 FA.
1222 2929 1429 2960 Emendavit
1445 2930 1636 2970 Naugerius
1660 2930 1694 2960 in
1712 2928 1766 2959 ed.
1785 2926 1916 2959 Aldina.

163 2992 198 2997 —
225 2975 278 3007 43.
305 2978 430 3014 emptus
454 2975 490 3006 E.
519 2992 552 2996 —
580 2975 670 3007 nobis
693 2977 717 3007 E
735 2977 754 3007 1³
767 2978 813 3007 A:
840 2976 926 3007 vobis
950 2985 1028 3007 cum
1055 2977 1110 3008 ed.
1133 2978 1268 3009 Iuntina
1292 2976 1399 3009 LQO.
1427 2996 1462 3000 —-
1489 2980 1541 3010 45.
1567 2988 1619 3010 eos
1641 2979 1748 3009 vident
1771 2977 1840 3018 sibi]
1865 2978 1920 3008 ui-

163 3025 236 3055 stent
257 3033 309 3056 eos
329 3025 389 3056 sibi
413 3033 464 3056 eos
487 3024 524 3055 E.
547 3042 580 3046 —
608 3026 661 3056 46.
687 3026 902 3057 uendiderunt
926 3027 997 3057 FP.
1018 3044 1052 3048 -—
1077 3027 1111 3057 id
1134 3026 1284 3058 Klotzius
1310 3027 1377 3065 (ed.
1396 3028 1480 3068 pr.):
1506 3029 1590 3060 idem
1613 3029 1637 3059 E
1653 3029 1731 3065 FP3
1757 3028 1791 3058 id
1812 3027 1920 3066 ipsum

162 3073 202 3109 T;
227 3073 312 3104 istud
333 3073 484 3107 ALssO.
507 3091 541 3095 —-
569 3074 621 3105 118.
645 3075 741 3106 verbo
765 3085 833 3107 om.
854 3077 878 3107 E
894 3077 951 3107 FP
966 3079 1003 3107 Α.
1030 3076 1169 3108 Addidit
1186 3078 1389 3118 Hem-agius.
1411 3096 1446 3101 -
1473 3079 1526 3110 49.
1553 3078 1604 3119 ac]
1628 3082 1657 3109 et
1682 3079 1714 3109 F.
1737 3095 1772 3100 -
1798 3078 1850 3109 ⁶20.
1868 3087 1919 3110 re-

162 3122 264 3154 linere
284 3123 321 3154 E.
343 3141 377 3145 —
405 3124 459 3155 22.
485 3123 545 3154 hiis
566 3124 687 3155 relictis
708 3125 802 3157 rebus
826 3127 866 3163 F;
903 3126 951 3156 his
973 3125 1067 3157 rebus
1090 3126 1212 3157 relictis
1234 3128 1269 3158 T.
1299 3145 1333 3148 —
1360 3128 1412 3158 ¹23.
1438 3128 1609 3167 sepontina
1631 3128 1747 3165 EFP;
1781 3127 1919 3167 pontina

163 3172 200 3203 T.
220 3189 254 3193 —
280 3173 485 3213 salpinorum
509 3172 651 3206 EFLQ.
681 3192 715 3196 —
754 3175 806 3207 ⁶24.
831 3175 881 3215 At]
907 3179 941 3206 at
963 3176 990 3206 si
1007 3176 1048 3207 F:
1085 3179 1143 3206 aut
1167 3176 1361 3208 Turnebus.
1396 3195 1430 3198 —
1468 3177 1521 3208 ⁵26.
1546 3178 1705 3209 harenam
1729 3178 1841 3209 EFA.
1879 3195 1914 3199 —

164 3220 216 3252 28.
246 3223 392 3264 veneunt]
423 3224 595 3255 uenierunt
623 3226 660 3256 G.
689 3242 725 3247 -
751 3226 803 3257 30.
831 3225 974 3265 pec-unta
1005 3224 1160 3259 GALss:
1194 3227 1354 3265 pecuniae
1382 3226 1500 3264 EFO;
1533 3228 1671 3267 pecunie
1706 3227 1775 3267 (sic)
1808 3229 1844 3259 P.
1879 3245 1914 3250 —

165 3269 216 3301 3sl.
235 3271 288 3311 fiet
310 3275 340 3304 et
360 3273 483 3313 referre
498 3273 523 3304 E
537 3274 558 3304 F
573 3275 595 3304 P
608 3274 647 3304 A.
673 3274 879 3306 Emendavit
895 3275 966 3306 Nic.
985 3274 1158 3314 Angelius.
1181 3292 1216 3296 ἡ
1243 3274 1294 3306 33.
1321 3276 1467 3307 omnibus
1482 3284 1552 3308 om.
1571 3277 1604 3308 F.
1627 3294 1661 3298 —
1680 3275 1732 3309 34.
1751 3276 1918 3309 adducun-

165 3322 219 3350 tur
241 3321 313 3353 EF.
340 3339 375 3344 —
402 3322 454 3354 37.
480 3326 554 3355 sunt
576 3323 613 3355 E.
634 3341 669 3346 —
694 3324 742 3356 Itis
764 3325 806 3355 F:
832 3325 872 3356 iis
896 3324 1015 3356 ceteri.
1049 3324 1098 3356 Cf.
1124 3332 1157 3365 p.
1184 3325 1257 3357 630.
1284 3333 1317 3358 V.
1343 3325 1372 3356 7.
