2143 3713
561 237 651 277 Lm.
681 235 729 275 V.
772 233 867 274 Cn.
898 233 1154 272 VII—VIII.
1196 230 1269 285 §§.
1301 227 1504 271 43—218.
1821 226 1901 270 385

160 348 422 389 insimulatus
453 351 580 394 esset,
611 345 688 386 Hs
720 345 772 386 Vi
803 357 824 383 a
856 343 1025 384 domino
1056 344 1277 396 accepisti,
1319 342 1431 395 quod
1463 355 1596 395 nuper
1625 342 1711 395 ipse
1743 343 1901 382 iuratus

161 411 310 457 docuit,
341 424 463 463 quem
492 409 542 450 ad
573 406 739 447 modum
770 410 930 457 gestum
962 412 1082 445 esset.
1141 406 1202 444 Ab
1243 406 1386 458 equite
1416 405 1601 443 Romano
1634 405 1676 443 C.
1709 405 1901 443 Matrinio

160 473 342 519 absente,
374 486 464 512 cum
495 473 528 510 is
559 473 667 509 esset
696 468 865 512 Romae,
897 468 1011 519 quod
1042 468 1130 507 eius
1161 467 1307 505 vilicos
1347 471 1620 518 pastoresque
1662 466 1733 505 tihi
1765 468 1805 506 in
1837 481 1903 505 su-

160 536 388 588 spicionem
418 533 579 573 venisse
611 531 788 575 dixeras,
820 529 898 568 {fs
930 528 983 571 ff:
1016 529 1236 569 abstulisti.
1290 528 1406 566 Dixit
1434 528 1514 567 hoc
1544 529 1588 566 L.
1620 528 1798 574 Flavius,
1831 529 1902 580 qui

160 597 233 636 tibi
266 610 354 636 eam
385 593 600 649 pecuniam
630 590 879 637 numeravit,
918 596 1159 643 procurator
1190 590 1232 629 C.
1263 590 1469 628 Matrinii:
1511 589 1617 628 dixit
1647 588 1736 641 ipse
1766 590 1935 628 Matri-5

160 659 276 698 nius:
322 658 430 697 dicet
459 655 520 693 vir
550 653 826 698 clarissimus,
874 652 944 691 Cn.
977 651 1176 691 Lentulus
1208 665 1378 698 censor,
1419 652 1490 703 qui
1521 650 1703 690 Matrinii
1734 650 1904 689 honoris

160 734 283 760 causa
310 718 466 759 recenti
496 715 660 768 negotio
691 714 741 753 ad
765 720 803 753 te
826 714 982 754 litteras
1005 715 1117 753 misit
1138 715 1446 766 mittendasque
1467 713 1635 752 curavit.
1679 709 1742 751 lss.
1767 713 1875 760 Quid
1888 714 1905 751 ‘l

160 783 210 821 de
232 781 466 834 Apollonio,
496 777 649 817 Dioclis
680 776 778 822 silio,
811 777 1113 823 Panormitano,
1144 778 1209 816 cui
1232 776 1406 815 Gemino
1428 788 1660 827 cognomen
1683 781 1758 822 est,
1789 788 1908 828 prae-

162 843 274 882 teriri
305 843 469 895 potest?
523 838 683 891 Ecquid
713 839 791 877 hoc
823 844 908 878 tota
940 839 1081 878 Sicilia
1112 839 1275 885 clarius,
1308 837 1458 890 ecquid
1489 836 1726 888 indignius,
1757 836 1907 889 ecquid

160 904 416 944 manifestius
444 900 618 955 proferri
648 902 814 953 potest?
875 900 1030 948 Quem,
1076 905 1121 939 ut
1150 901 1399 939 Panormum
1438 899 1572 945 venit,
1613 898 1663 937 ad
1694 911 1738 938 se
1769 897 1908 937 vocari
1923 901 1957 929 ⁴0

160 972 200 1005 et
239 965 288 1005 de
328 963 518 1004 tribunali
559 962 674 1002 citari
716 962 836 1002 iussit
873 976 1076 1002 concursu
1116 974 1264 1014 magno
1305 961 1622 1013 frequentiaque
1667 964 1909 999 conventus.

160 1027 358 1067 Homines
396 1025 532 1065 statim
563 1024 701 1077 loqui:
749 1040 763 1058 (ι
780 1024 977 1071 mirabar,
1020 1024 1133 1077 quod
1171 1023 1441 1076 Apollonius,
1482 1022 1607 1062 homo
1648 1021 1910 1074 pecuniosus,

162 1094 242 1128 tam
273 1087 344 1127 diu
374 1087 424 1127 ab
455 1087 532 1126 isto
564 1091 750 1125 maneret
780 1087 963 1138 integer:
1003 1086 1255 1138 excogitavit
1285 1085 1423 1125 nescio
1457 1084 1577 1138 quid,
1616 1082 1776 1123 attulit:
1815 1095 1910 1134 pro-

160 1150 268 1191 fecto
298 1150 424 1190 homo
456 1148 570 1189 dives
600 1154 770 1201 repente
802 1162 825 1187 a
857 1149 982 1187 Verre
1014 1162 1096 1187 non
1128 1147 1218 1187 sine
1251 1160 1372 1186 causa
1403 1147 1589 1186 citatur.»
1642 1143 1909 1197 Exspectatio

161 1224 320 1251 summa
348 1211 575 1257 hominum,
607 1210 806 1262 quidnam
837 1210 875 1250 id
900 1217 1033 1249 esset:
1066 1224 1159 1249 cum
1182 1210 1440 1249 exanimatus
1463 1208 1597 1248 subito
1623 1207 1713 1260 ipse
1736 1206 1911 1245 accurrit
1929 1212 1961 1240 ¹5

161 1288 253 1313 cum
284 1273 547 1312 adolescente
576 1272 686 1319 fili03
731 1284 825 1311 nam
855 1277 972 1324 pater
1001 1272 1169 1324 grandis
1200 1278 1300 1311 natu
1330 1271 1411 1310 iam
1443 1270 1513 1309 diu
1543 1270 1650 1309 lecto
1681 1268 1912 1308 tenebatur.

161 1332 226 1374 117.
256 1336 449 1375 Nominat
486 1334 562 1373 iste
594 1347 780 1380 servum,
827 1348 951 1387 quem
989 1335 1229 1386 magistrum
1259 1333 1421 1387 pecoris
1462 1345 1554 1372 esse
1596 1331 1771 1371 diceret:
1818 1344 1912 1369 eum

161 1397 259 1437 dicit
297 1396 535 1437 coniurasse
586 1402 627 1435 et
668 1395 846 1435 familias
888 1395 1131 1435 concitasse.
1203 1396 1242 1435 Is
1284 1395 1453 1435 omnino
1495 1407 1637 1434 servus
1675 1394 1718 1432 in
1756 1392 1914 1433 familia

160 1472 244 1498 non
275 1463 374 1499 erat.
431 1458 537 1498 Eum
567 1458 706 1497 statim
749 1457 936 1497 exhiberi
968 1458 1094 1497 iubet.
1151 1457 1401 1510 Apollonius
1432 1454 1637 1496 affirmare
1669 1468 1712 1494 se
1744 1454 1912 1494 omnino

159 1521 325 1561 nomine
355 1520 427 1560 illo
459 1533 622 1560 servum
652 1519 805 1558 habere
836 1519 1058 1559 neminem.
1117 1519 1200 1559 Iste
1239 1519 1451 1558 hominem
1489 1517 1623 1570 abripi
1660 1530 1682 1557 a
1717 1516 1913 1557 tribunali
1927 1522 1962 1550 20

160 1588 199 1623 et
236 1583 277 1623 in
318 1595 524 1623 carcerem
563 1581 710 1621 coniici
755 1581 882 1620 iubet.
954 1581 1139 1621 Clamare
1177 1581 1269 1628 ille,
1316 1594 1408 1620 cum
1448 1585 1685 1632 raperetur,
1727 1578 1831 1619 nihil
1871 1590 1913 1617 se

160 1645 355 1686 miserum
392 1644 565 1691 fecisse,
605 1643 709 1682 nihil
747 1642 1026 1689 commisisse,
1067 1643 1289 1695 pecuniam
1329 1643 1405 1682 sibi
1447 1655 1537 1682 esse
1576 1641 1619 1680 in
1659 1641 1913 1688 nominibus,

159 1711 415 1747 numeratam
445 1707 486 1745 in
518 1707 753 1758 praesentia
783 1718 865 1745 non
896 1704 1064 1744 habere.
1114 1705 1226 1744 Haec
1258 1718 1350 1744 cum
1381 1705 1561 1744 maxime
1594 1717 1753 1743 summa
1782 1702 1916 1742 homi-

158 1783 257 1809 num
287 1769 521 1822 frequentia
561 1766 871 1814 testificaretur,
911 1772 957 1805 ut
999 1767 1136 1820 quivis
1179 1767 1414 1819 intelligere
1456 1771 1601 1819 posset
1642 1777 1760 1811 eum,
1803 1763 1915 1817 quod

159 1831 379 1884 pecuniam
400 1842 485 1869 non
509 1830 704 1876 dedisset,
726 1829 882 1869 idcirco
906 1829 976 1868 illa
999 1834 1081 1868 tam
1103 1829 1251 1868 acerba
1271 1828 1425 1868 iniuria
1445 1828 1579 1874 affici;
1605 1840 1699 1866 cum
1721 1827 1915 1873 maxime,
1929 1833 1964 1861 25

159 1899 206 1933 ut
228 1893 333 1939 dico,
363 1892 442 1932 hoc
465 1891 515 1931 de
537 1892 712 1945 pecunia
733 1891 938 1937 clamaret,
970 1891 1012 1929 in
1033 1890 1172 1930 vincla
1193 1890 1406 1929 coniectus
1429 1895 1503 1929 est.
1548 1889 1654 1928 VIII.
1680 1885 1693 1926 l
1705 1886 1743 1927 8.
1765 1888 1914 1928 Videte

160 1954 434 1995 constantiam
464 1954 681 2006 praetoris,
713 1958 754 1993 et
784 1954 874 1993 eius
905 1953 1121 2006 praetoris,
1157 1953 1229 2005 qui
1261 1952 1305 1990 in
1334 1952 1383 1991 iis
1414 1951 1539 1990 rebus
1570 1964 1654 1990 non
1684 1951 1742 1990 ita
1773 1951 1916 1991 defen-

160 2016 304 2063 datur,
343 2021 389 2055 ut
427 2015 648 2055 mediocris
688 2021 876 2069 praetor,
918 2014 990 2054 sed
1029 2015 1084 2054 ita
1125 2014 1338 2060 laudetur,
1377 2019 1423 2052 ut
1454 2013 1637 2065 optimus
1679 2013 1914 2065 imperator.

161 2079 262 2118 Cum
292 2091 503 2117 servorum
542 2077 695 2118 bellum
736 2083 1014 2123 metueretur,
1056 2090 1139 2129 quo
1180 2075 1384 2129 supplicio
1422 2074 1615 2114 dominos
1654 2074 1915 2114 indemnatos

159 2139 378 2186 afficiebat,
407 2139 488 2179 hoc
519 2153 659 2180 servos
690 2140 905 2179 damnatos
927 2138 1150 2179 liberabat:
1182 2136 1464 2191 Apollonium,
1495 2137 1709 2176 hominem
1730 2135 1915 2188 locuple·
1928 2146 1964 2174 30

160 2202 376 2249 tissimum,
409 2202 494 2255 qui,
526 2202 560 2241 si
590 2201 750 2255 fugitivi
780 2202 937 2241 bellum
968 2202 1011 2240 in
1037 2201 1178 2240 Sicilia
1198 2200 1397 2245 facerent,
1427 2198 1706 2251 amplissimas
1727 2197 1915 2238 fortunas

159 2265 387 2312 amitteret,
437 2264 536 2304 belli
578 2264 847 2317 fugitivorum
886 2264 1053 2303 nomine
1094 2262 1249 2302 indicta
1290 2272 1415 2301 causa
1454 2261 1497 2300 in
1542 2260 1677 2300 vincla
1717 2260 1915 2299 coniecit:

160 2340 315 2375 servos,
347 2340 452 2381 quos
483 2327 574 2380 ipse
606 2340 699 2367 cum
730 2326 905 2366 consilio
936 2326 1036 2365 belli
1066 2323 1249 2364 faciendi
1274 2336 1397 2363 causa
1419 2323 1681 2363 consensisse
1703 2321 1916 2368 iudicavit,

246 2494 278 2526 4.
301 2482 359 2525 H·
378 2492 488 2533 Lga9:
514 2492 569 2524 LX
583 2491 656 2523 rell.
676 2492 712 2523 O.
732 2509 766 2512 —
786 2491 816 2523 4.
843 2481 902 2523 D-(J
916 2492 973 2529 R3,
1000 2490 1063 2523 sed
1079 2491 1153 2522 sine
1171 2488 1315 2521 lineola:
1342 2488 1461 2520 centies
1476 2489 1494 2520 7
1512 2489 1630 2528 Lagg.;
1655 2491 1783 2519 centum
1799 2486 1913 2526 alii‚O.

160 2544 191 2575 ὅ.
216 2543 357 2576 Matrini
379 2544 416 2575 R.
437 2543 530 2582 (item
548 2551 579 2573 v.
600 2542 643 2580 6.)
671 2558 705 2562 —
731 2541 799 2580 ipse
821 2541 867 2572 M.
887 2540 932 2571 R3
950 2539 970 2570 λ
986 2540 1092 2579 Lgaa:
1119 2541 1186 2580 ipse
1210 2540 1244 2572 C.
1269 2539 1315 2570 M.
1337 2538 1420 2570 dett.
1440 2539 1477 2570 O.
1501 2557 1532 2561 —
1563 2538 1592 2569 6.
1619 2538 1701 2569 dicet
1724 2545 1794 2568 om.
1812 2537 1858 2567 R3
1875 2534 1913 2571 λ;

160 2593 238 2624 dicit
266 2593 369 2633 Lg29.
396 2609 432 2615 -
458 2592 698 2631 qui--causa
727 2589 876 2622 delenda
909 2592 1030 2621 censet
1060 2589 1139 2621 Ern.
1179 2592 1222 2621 At
1246 2590 1288 2620 cf.
1315 2587 1426 2620 Madv.
1459 2597 1493 2629 p.
1520 2589 1593 2619 400.
1630 2587 1710 2618 Bak.
1736 2595 1769 2627 p.
1796 2585 1848 2617 37.
1876 2602 1911 2607 —

159 2642 190 2674 8.
216 2643 340 2675 Dioclis
360 2641 424 2674 R3:
450 2642 558 2673 Diocli
575 2641 657 2672 dett.
677 2642 714 2672 Ο.
737 2659 770 2662 -
790 2640 1044 2671 Panhormitano
1060 2639 1085 2670 R
1102 2641 1136 2670 et
1153 2640 1202 2671 sic
1219 2639 1362 2679 ubique.
1391 2637 1457 2679 [Sic
1473 2638 1556 2669 item
1573 2637 1602 2667 V
1618 2640 1653 2668 et
1668 2637 1757 2676 Lg29
1774 2644 1917 2676 semper

159 2691 317 2733 habent]
343 2709 378 2714 —
406 2691 458 2723 40.
482 2691 674 2730 manifestus
699 2691 741 2727 R3
768 2689 939 2729 confeslius
963 2689 1000 2719 C.
1029 2706 1063 2710 »-
1090 2697 1183 2727 quem
1206 2692 1242 2720 ut
1264 2688 1331 2720 R3:
1357 2696 1453 2726 quem
1475 2688 1502 2718 is
1524 2687 1572 2717 uti
1596 2686 1680 2718 dett.
1702 2703 1737 2708 —
1765 2686 1816 2716 ll.
1842 2694 1916 2715 con-

157 2744 267 2773 veclus
287 2741 325 2773 R.
354 2758 389 2763 —
417 2740 467 2771 42.
499 2740 651 2772 ηιὶναὸαι·
680 2740 726 2771 R3
759 2738 882 2779 (Madv,
910 2748 942 2779 p.
969 2737 1051 2776 99.):
1088 2739 1209 2769 mirari
1239 2738 1324 2770 dett.
1351 2738 1387 2769 Ο.
1415 2754 1450 2759 -
1478 2736 1530 2768 43.
1557 2736 1774 2776 excogitavit:
1811 2734 1915 2765 nescio

159 2790 238 2830 quid
260 2789 370 2821 attulit
393 2788 545 2822 distinxit
561 2791 604 2828 O;
631 2790 739 2820 attulit
759 2790 905 2829 profeclo
929 2788 1129 2827 eat-cogitavit
1150 2788 1255 2819 neseio
1279 2788 1357 2827 quid
1379 2786 1482 2827 Lg29.
1503 2803 1537 2808 -—
1558 2787 1609 2817 2¹5.
1628 2786 1794 2816 hominum
1811 2783 1856 2814 113
1873 2781 1912 2813 λῑ

159 2840 304 2872 omnium
321 2839 407 2871 dett.
427 2839 463 2871 O.
485 2856 519 2860 ——
539 2839 591 2870 47.
619 2840 764 2870 nominat
781 2839 953 2875 hominem,
980 2846 1074 2876 quem
1094 2846 1137 2867 m.
1161 2847 1196 2877 p.
1215 2846 1242 2868 e.
1260 2837 1384 2868 dicebal
1408 2837 1505 2867 Serv.
1526 2835 1569 2867 ad
1585 2838 1671 2867 Aen.
1690 2836 1758 2866 vil.
1778 2834 1851 2865 485.
1878 2850 1911 2854 —-

159 2889 213 2921 48.
238 2892 267 2921 et
291 2889 376 2920 alias
397 2889 544 2929 familias
576 2888 658 2920 dett.
686 2890 723 2921 O.
755 2907 784 2912 -—
814 2889 928 2919 citasse
960 2888 1018 2918 (33.
1049 2905 1083 2908 —
1112 2887 1163 2918 ⁴9.
1193 2888 1374 2927 adfirmare
1398 2886 1440 2919 R:
1471 2885 1620 2926 affirmat
1651 2887 1750 2924 Lagg.
1776 2884 1916 2924 praeter

159 2938 200 2971 42
217 2938 269 2971 48.
295 2938 341 2980 (se
363 2939 511 2979 affirmat
532 2947 661 2970 serrum
684 2948 712 2970 ο.
740 2938 854 2978 nga.)
882 2954 918 2959 -
945 2937 996 2968 ΞΟ.
1023 2944 1152 2967 servum
1174 2945 1206 2967 se
1229 2945 1315 2966 omn.
1342 2936 1397 2966 illo
1420 2936 1551 2965 nomine
1574 2934 1657 2966 dett.
1685 2936 1720 2966 O.
1749 2951 1783 2955 —
1810 2932 1918 2971 arripi

159 2989 262 3029 Lagg.
291 3006 327 3010 -
352 2989 406 3020 24.
431 2989 512 3019 coici
535 2989 560 3020 R
585 2997 634 3029 pr.
663 2997 709 3020 m.
737 2992 770 3020 et
795 2988 905 3027 Lg29:
932 2986 1034 3017 conici
1058 2986 1084 3016 R
1108 2993 1199 3016 corr.
1220 3002 1256 3007 —
1277 2985 1328 3016 ille
1349 2985 1495 3016 clamare
1519 2983 1602 3015 dett.
1629 2985 1673 3020 03
1701 2992 1770 3014 om.
1796 2981 1856 3013 Ld.
1878 2998 1912 3002 —

159 3037 212 3068 23.
237 3038 390 3069 maxima
412 3047 603 3077 summaque
626 3037 726 3078 Lg42.
749 3056 783 3060 —
802 3038 854 3069 26.
880 3035 1012 3067 vincula
1036 3034 1082 3065 03
1100 3034 1188 3074 Lg·29
1205 3033 1257 3066 48.
1279 3051 1313 3055 -—
1334 3034 1387 3065 Ξῖ.
1405 3037 1436 3065 et
1450 3034 1518 3065 eius
1529 3033 1696 3073 praetoris
1712 3041 1781 3063 om.
1799 3031 1857 3062 R3.
1878 3047 1913 3051 —

159 3087 194 3118 in
216 3087 257 3118 iis
276 3087 372 3119 rebus
394 3089 439 3120 R:
475 3089 509 3120 in
532 3088 580 3119 his
603 3087 689 3128 (hiis)
721 3088 814 3120 rebus
839 3087 885 3118 (33
911 3086 1016 3125 Lg29:
1053 3085 1087 3114 in.
1111 3083 1205 3115 rebus
1228 3085 1308 3123 ng.
1335 3082 1428 3120 rell.;
1465 3091 1553 3114 mum
1574 3092 1650 3115 reus
1673 3081 1726 3113 alii
1752 3081 1788 3120 (Ὗ)
1814 3081 1851 3111 Ο.
1879 3096 1914 3100 —

160 3137 343 3178 defenditur
370 3138 480 3179 Lg42,
516 3139 562 3169 St.
589 3138 627 3169 L.
656 3136 765 3169 Halm.
794 3155 827 3159 —
856 3137 908 3168 28.
938 3135 1092 3166 laudetur
1121 3133 1224 3164 dett.:
1261 3133 1420 3164 laudatur
1448 3133 1507 3164 R3.
1532 3133 1569 3164 L.
1595 3134 1643 3164 St.
1670 3129 1780 3163 Halm.
1819 3128 1918 3160 Idem

162 3186 288 3219 modus
310 3189 460 3229 utroque
484 3187 561 3220 loco
586 3188 782 3220 necessario
800 3186 1007 3227 requiritur-3
1034 3186 1111 3214 utro
1128 3182 1248 3221 utaris,
1275 3191 1343 3213 non
1360 3180 1507 3213 multum
1525 3181 1643 3213 refert.
1671 3179 1918 3213 Coniunctivus

162 3237 280 3268 tamen
304 3245 322 3268 a
346 3236 526 3269 codicibus
549 3236 627 3277 plus
658 3236 871 3268 auctoritatis
900 3232 1019 3265 habet.
1049 3249 1083 3254 -
1110 3231 1163 3262 ⁶29.
1189 3232 1370 3263 idem-natos
1400 3231 1496 3272 adfic.
1521 3232 1559 3263 R.
1587 3248 1622 3252 —-
1649 3230 1701 3262 30.
1728 3227 1920 3268 apollinium

163 3285 200 3317 R.
228 3302 264 3307 —
291 3286 407 3327 locupz.
439 3288 524 3319 hom.
556 3286 640 3318 dett.
667 3286 704 3318 O.
733 3304 767 3307 —
795 3285 847 3318 32.
878 3284 1011 3316 vincula
1041 3284 1082 3314 Gl
1116 3281 1178 3314 Ld.
1206 3299 1240 3304 -
1269 3281 1320 3313 33.
1353 3281 1391 3313 de
1419 3280 1550 3313 consilio
1581 3280 1628 3312 R3
1653 3277 1691 3317 λ;
1728 3279 1765 3310 de
1795 3276 1922 3309 consilii

162 3336 320 3368 sententia
342 3345 385 3368 ex
407 3338 496 3370 coni.
521 3336 641 3370 Lamh.
668 3334 778 3370 Halm.

219 3396 338 3427 Cremo
358 3395 391 3427 T.
402 3396 439 3427 11.
1577 3390 1630 3433 25
