2127 3708
215 246 269 288 36
602 242 799 284 ORATIO
830 242 932 284 PRO
965 241 1082 283 SEX.
1111 240 1304 282 ROSCIO
1333 239 1573 280 AMERINO

215 356 383 411 gerendi
421 351 668 409 potestatem
708 355 820 395 solus
859 354 1029 400 habeat,
1068 367 1160 392 cum
1191 365 1333 392 omnes
1366 352 1406 391 in
1436 365 1564 391 unum
1595 353 1804 403 spectent,
1841 363 1949 389 unus

215 420 354 459 omnia
389 417 610 471 gubernet,
649 432 741 458 cum
783 422 842 456 tot
874 417 1082 468 tantisque
1114 414 1290 467 negotiis
1322 414 1524 453 distentus
1557 414 1628 460 sit,
1670 417 1716 451 ut
1744 411 1949 464 respirare

211 481 340 520 libere
370 493 454 520 non
475 480 625 533 possit,
658 480 691 519 si
712 478 872 531 aliquid
893 490 976 516 non
998 476 1318 521 animadvertat,
1351 489 1441 513 cum
1464 475 1707 528 praesertim
1728 479 1810 513 tam
1831 474 1949 513 multi

212 542 529 595 occupationem
560 542 648 580 eius
679 541 899 580 observent
930 544 1176 590 tempusque
1197 542 1475 588 aucupentur,
1506 541 1572 582 ut,
1604 536 1855 588 simulatque
1881 534 1951 573 ille

180 604 468 657 bdespexerit,
499 604 658 656 aliquid
689 601 977 642 huiuscemodi
1010 600 1244 639 moliantur.
1303 599 1393 637 Huc
1426 598 1608 644 accedit,
1641 598 1774 651 quod,
1807 608 1951 649 quam-

210 666 271 705 vis
302 666 372 705 ille
400 665 502 705 felix
532 666 606 711 sit,
638 665 746 704 sicut
776 669 856 710 est,
889 668 1025 702 tamen
1059 658 1130 714 [in]
1166 666 1278 700 tanta
1308 659 1505 699 felicitate
1535 673 1656 699 nemo
1688 663 1826 711 potest
1846 671 1950 705 esse,

209 729 253 768 in
283 741 431 781 magna
460 727 618 767 familia
649 727 719 779 qui
751 726 960 765 neminem
988 737 1125 777 neque
1157 735 1320 761 servum
1343 734 1479 773 neque
1502 722 1695 760 libertum
1717 719 1951 772 improbum

207 790 370 830 habeat.
420 787 486 828 23.
517 790 679 828 Interea
701 789 777 827 iste
800 789 844 825 T.
866 786 1061 833 Roscius,
1093 786 1155 824 vir
1177 784 1381 836 optimus,
1413 788 1656 835 procurator
1679 781 1950 835 Chrysogoni,

208 853 417 892 Ameriam
447 851 582 899 venit,
622 851 665 890 in
696 850 865 903 praedia
894 849 1017 888 huius
1048 847 1227 892 invadit,
1270 845 1381 883 hunc
1412 845 1628 891 miserum,
1670 844 1784 883 luctu
1815 843 1952 897 perdi-

160 919 315 961 lotum,
360 913 432 967 qui
470 914 655 952 nondum
696 912 819 951 etiam
863 911 1002 950 omnia
1031 914 1204 962 paterno
1235 906 1369 945 funeri
1402 906 1508 945 iusta
1539 906 1751 952 solvisset,
1795 905 1952 944 nudum

209 977 321 1016 eiicit
359 977 482 1015 domo
523 980 648 1028 atque
688 974 791 1012 focis
831 973 975 1026 patriis
1007 973 1153 1024 disque
1185 968 1403 1021 penatibus
1434 968 1727 1020 praecipitem,
1769 966 1951 1012 iudices,

209 1038 421 1084 exturbat,
452 1037 540 1089 ipse
571 1036 852 1089 amplissimae
882 1034 1086 1087 pecuniae.
1118 1032 1161 1071 lit
1191 1030 1397 1070 dominus.
1451 1030 1532 1077 Qui
1564 1030 1607 1068 in
1637 1042 1713 1068 sua
1742 1042 1784 1067 re
1805 1027 1953 1067 fuisset

209 1100 522 1154 egentissimus,
554 1102 662 1145 erat,
692 1103 738 1136 ut
768 1095 830 1143 lit,
863 1096 1047 1136 insolens
1078 1095 1119 1134 in
1151 1094 1298 1133 aliena.
1336 1092 1466 1131 Multa
1487 1092 1623 1144 palam
1646 1092 1814 1130 domum
1835 1102 1950 1129 suam

207 1162 440 1208 auferebat,
471 1161 591 1213 plura
622 1160 725 1199 elam
757 1159 807 1198 de
838 1159 976 1198 medio
1007 1157 1266 1201 removebat;
1300 1168 1382 1194 non
1413 1167 1546 1207 pauca
1577 1154 1661 1193 suis
1691 1152 1950 1192 adiutoribus

157 1225 318 1277 ⁴5large
350 1224 565 1275 effuseque
597 1222 796 1268 donabat,
836 1221 998 1273 reliqua
1029 1219 1251 1260 constituta
1282 1217 1477 1256 auctione
1508 1216 1723 1256 vendebat.
1782 1215 1853 1253 IX.
1884 1212 1949 1253 24.

207 1287 330 1335 Quod
358 1284 565 1326 Amerinis
596 1297 729 1337 usque
761 1296 809 1323 eo
840 1283 975 1322 visum
1007 1286 1068 1321 est
1098 1281 1333 1332 indignum,
1367 1283 1412 1317 ut
1440 1278 1541 1317 urbe
1574 1283 1659 1317 tota
1679 1277 1800 1315 fletus
1822 1275 1949 1328 gemi-

204 1353 356 1403 tusque
387 1346 514 1388 fieret.
564 1346 729 1386 Etenim
769 1345 899 1385 multa
944 1343 1065 1383 simul
1096 1347 1190 1382 ante
1222 1342 1365 1381 oculos
1399 1341 1690 1381 versabantur:
1734 1352 1844 1378 mors
1874 1338 1949 1378 ho-

204 1411 328 1450 minis
348 1408 654 1455 florentissimi,
686 1408 781 1447 Sex.
803 1406 956 1453 Roscii,
989 1405 1292 1452 crudelissima,
1325 1402 1397 1443 filii
1418 1409 1557 1443 autem
1579 1403 1668 1443 eius
1698 1406 1858 1455 egestas
1888 1401 1953 1440 in-

206 1472 470 1525 dignissima,
503 1471 569 1510 cui
601 1471 650 1510 de
682 1474 797 1509 tanto
829 1468 1079 1521 patrimonio
1111 1468 1264 1520 praedo
1297 1467 1373 1505 iste
1406 1465 1587 1505 nefarius
1609 1478 1661 1504 ne
1682 1464 1760 1503 iter
1781 1463 1950 1517 quidem

155 1541 192 1570 90
205 1536 256 1575 ad
288 1534 555 1588 sepulchrum
575 1533 755 1586 patrium
777 1531 1034 1584 reliquisset,
1064 1531 1270 1570 honorum
1291 1529 1446 1581 emptio
1469 1528 1695 1580 flagitiosa,
1726 1524 1951 1578 possessio,

204 1598 334 1645 furta,
366 1597 556 1650 rapinae,
589 1595 849 1635 donationes.
890 1595 1019 1632 Nemo
1052 1597 1149 1639 erat,
1182 1592 1253 1645 qui
1284 1605 1367 1630 non
1388 1591 1530 1630 ardere
1552 1590 1623 1629 illa
1650 1588 1790 1628 omnia
1810 1586 1952 1626 mallet

206 1674 330 1714 quam
359 1661 499 1700 videre
529 1660 571 1698 in
594 1659 688 1698 Sex.
712 1656 871 1703 Roscii,
902 1655 980 1694 viri
1003 1654 1148 1707 optimi
1170 1660 1294 1706 atque
1316 1652 1623 1698 honestissimi,
1655 1651 1776 1689 bonis
1799 1651 1954 1689 iactan-

205 1728 287 1762 tem
319 1735 362 1762 se
383 1735 430 1761 ae
453 1721 733 1760 dominantem
757 1720 802 1757 T.
825 1717 1035 1756 Roscium.
1082 1714 1146 1755 25.
1179 1717 1323 1769 ltaque
1346 1715 1617 1754 decurionum
1640 1715 1850 1753 decretum
1872 1717 1953 1752 sta-

206 1784 280 1823 tim
302 1782 367 1831 fit,
398 1788 444 1822 ut
465 1784 607 1823 decem
630 1781 753 1834 primi
775 1779 1092 1833 proficiscantur
1123 1775 1172 1817 ad
1196 1779 1240 1816 L.
1265 1778 1421 1817 Sullam
1444 1778 1706 1828 doceantque
1730 1789 1847 1822 eum,
1880 1774 1951 1827 qui

157 1847 268 1886 25vir
308 1846 402 1885 Sex.
432 1846 608 1885 Roscius
652 1843 800 1890 fuerit,
845 1844 1155 1893 conquerantur
1193 1840 1244 1879 de
1282 1840 1456 1878 istorum
1497 1838 1652 1877 scelere
1684 1843 1724 1878 et
1764 1837 1950 1883 iniuriis,

206 1912 344 1955 orent,
374 1912 421 1946 ut
451 1912 491 1946 et
521 1906 634 1945 illius
665 1904 818 1944 mortui
848 1903 1000 1942 samam
1033 1908 1072 1942 et
1102 1901 1174 1941 lilii
1206 1902 1439 1941 innocentis
1469 1901 1657 1940 fortunas
1688 1903 1950 1939 conservatas

204 1970 318 2010 velit.
367 1971 503 2022 Atque
534 1968 671 2020 ipsum
702 1967 934 2012 decretum,
975 1978 1156 2017 quaeso,
1196 1964 1448 2016 cognoscite.
1497 1964 1727 2003 DECRETCM
1756 1973 1953 2001 DEcumo-

204 2044 301 2070 mm.
351 2030 495 2083 Legati
526 2029 569 2068 in
600 2034 733 2069 castra
763 2029 947 2068 veniunt.
997 2027 1267 2079 Intelligitur,
1312 2027 1495 2072 iudices,
1526 2025 1568 2064 id
1600 2024 1825 2078 quodiam
1855 2027 1950 2062 ante

206 2092 316 2140 dixi,
346 2092 610 2145 imprudente
641 2093 686 2131 L.
710 2091 826 2130 Sulla
856 2090 1014 2130 scelera
1033 2090 1135 2128 haec
1157 2095 1198 2128 et
1217 2086 1372 2141 flagitia
1394 2087 1493 2127 [ieri.
1539 2088 1639 2126 Nam
1663 2086 1802 2126 statim
1824 2085 1952 2138 Chry-

292 2210 322 2240 4.
348 2208 442 2248 unus]
475 2208 559 2239 solus
583 2208 646 2239 Ml.
677 2225 710 2228 —
737 2207 767 2239 4„
793 2208 839 2248 ul]
866 2210 894 2238 el
919 2208 955 2237 G.
978 2224 1012 2228 —
1038 2207 1068 2237 5.
1096 2206 1272 2245 respexerit
1297 2206 1368 2242 ΜΞ,
1402 2204 1478 2235 coil.
1507 2205 1600 2235 lunii.
1628 2203 1735 2242 (simul
1762 2205 1859 2240 atque
1887 2200 1952 2232 alio

203 2259 383 2298 respuerit
407 2257 496 2289 coni.
523 2259 559 2288 R.
586 2258 845 2295 Boemoraeus.)
874 2274 907 2277 —
934 2256 1116 2286 huiusmodi
1141 2264 1171 2286 v.
1203 2273 1236 2277 —
1268 2253 1606 2285 m‹,·lianlw·--sicz‹e
1628 2256 1672 2284 est
1695 2260 1763 2283 0111.
1791 2253 1828 2283 G.
1857 2269 1892 2274 -
1918 2251 1949 2282 6.

204 2307 296 2348 sicut]
314 2310 348 2337 ut
366 2308 399 2338 L.
422 2322 457 2328 —
487 2307 519 2337 in
537 2305 725 2337 delendum
743 2314 820 2337 esse
839 2305 959 2336 Lamb.
980 2305 1164 2346 perspexit.
1188 2322 1221 2326 ——
1249 2303 1352 2344 totila]
1373 2303 1433 2333 isla
1450 2304 1527 2341 Lag-r.
1549 2303 1577 2333 l.
1600 2320 1633 2324 -
1660 2310 1741 2340 esse,
1768 2301 1801 2332 in
1816 2299 1950 2341 mayna]

205 2357 255 2388 sic
278 2357 411 2397 primus
435 2356 514 2387 Ern.
541 2356 762 2396 interpunxit.
783 2372 819 2377 —
846 2355 876 2385 7.
905 2355 959 2394 qui
984 2363 1052 2385 om.
1072 2357 1116 2387 (ἐς
1144 2355 1221 2393 quin
1245 2353 1263 2385 *la
1282 2354 1382 2393 Lagg.
1403 2370 1438 2375 —
1465 2361 1590 2383 servom
1614 2353 1692 2391 Lag.
1712 2351 1764 2383 24.
1786 2368 1820 2372 —
1846 2358 1950 2389 neque

206 2414 274 2437 om.
309 2407 388 2445 Lag.
414 2406 466 2437 26.
496 2423 530 2427 —
564 2406 700 2436 liberum
727 2406 791 2443 ΜΖ,
817 2414 852 2442 χ.
882 2423 916 2426 —
949 2404 978 2435 8.
1005 2405 1062 2434 istc
1086 2413 1153 2434 om.
1181 2404 1216 2434 T.
1245 2421 1278 2424 ᾔ
1315 2403 1358 2443 T.]
1388 2403 1429 2433 Ti.
1456 2403 1520 2439 Ml,
1547 2401 1640 2441 quod
1665 2401 1783 2432 titium
1808 2399 1948 2441 saepius

205 2454 322 2486 habet..
352 2472 386 2477 —-
412 2455 442 2486 9.
468 2455 598 2485 huiusce
622 2455 699 2493 Lag.
727 2455 777 2484 1l3.
808 2472 841 2475 —
866 2454 1029 2492 perditum
1053 2455 1076 2483 G
1096 2462 1134 2483 e:
1167 2454 1331 2492 preditum
1356 2453 1384 2483 M
1403 2462 1425 2489 χ
1442 2457 1476 2492 ψ
1493 2461 1511 2481 a
1529 2459 1547 2482 c
1572 2453 1605 2481 et
1629 2450 1758 2489 aliquot
1780 2449 1882 2489 Lagg.
1912 2466 1948 2471 —

206 2505 258 2536 40.
284 2504 394 2536 omnia
417 2513 486 2535 om.
513 2514 531 2535 c
555 2512 634 2535 cum
659 2502 789 2543 aliquot
812 2503 913 2534 codd.
941 2505 977 2534 ut
1002 2503 1154 2539 videtur,
1182 2503 1213 2533 id
1239 2502 1331 2542 quod
1356 2511 1462 2532 unuin
1479 2509 1599 2531 verum
1625 2508 1703 2531 esse
1720 2499 1949 2530 Buechnerus

206 2553 355 2594 probare
380 2555 524 2584 conatus
542 2556 612 2591 est;
639 2555 672 2584 at
690 2554 804 2584 lii-inat
820 2554 931 2584 munia
948 2554 1050 2584 etiam
1067 2551 1178 2583 Scliol.
1200 2552 1324 2583 Lucani
1344 2551 1395 2582 IX.
1413 2551 1463 2581 67.
1485 2559 1518 2590 p.
1539 2551 1600 2581 686
1617 2549 1734 2589 Web.,
1760 2549 1817 2590 qui
1834 2550 1951 2580 tamen

205 2603 304 2634 eciam
320 2611 388 2634 om.
415 2603 464 2634 Cf.
484 2604 539 2634 Os.
562 2621 596 2626 -
626 2603 676 2633 ll.
696 2603 785 2633 eiecit
806 2606 830 2633 G
844 2604 875 2634 M
889 2612 907 2633 a
921 2612 959 2639 e,
985 2602 1003 2634 li
1021 2604 1101 2633 Oxx.
1123 2604 1155 2632 et
1172 2601 1300 2641 aliquot
1317 2602 1416 2640 Lagg.
1438 2600 1562 2639 (ortum
1579 2608 1621 2630 ex
1636 2601 1755 2630 vetere
1779 2597 1951 2639 scriptura

205 2653 278 2684 eicit
300 2662 406 2693 prave
423 2653 565 2690 mutata,
592 2653 629 2683 ut
644 2652 794 2683 vicissim
815 2654 844 2692 g.
864 2652 915 2683 39.
940 2654 999 2682 Ox.
1020 2654 1043 2683 G
1061 2652 1154 2682 obicit
1179 2651 1283 2682 habet
1307 2659 1368 2690 pro
1387 2649 1519 2687 obiecit).
1543 2664 1575 2670 —
1596 2649 1680 2679 edicit
1696 2648 1735 2679 de
1750 2648 1843 2679 domo
1858 2655 1891 2679 v.
1912 2664 1948 2669 —-

206 2702 329 2741 diisque
352 2703 376 2733 G
394 2702 426 2733 M
442 2710 461 2732 v
478 2710 496 2732 a
513 2710 542 2732 c.
573 2719 607 2723 —
631 2702 843 2740 praecipitem
866 2702 985 2732 iudices
1000 2702 1031 2732 M
1046 2710 1065 2730 v
1082 2709 1099 2731 c
1116 2710 1121 2730 :
1149 2699 1280 2731 addunt
1295 2700 1371 2730 Ser.
1391 2697 1444 2729 vel
1468 2699 1604 2729 sepium
1627 2698 1705 2729 ante
1729 2698 1796 2728 iud.
1815 2696 1835 2729 4
1852 2697 1948 2737 Oxx.,

206 2752 225 2784 4
242 2753 343 2793 Lagg.
364 2753 397 2783 et
420 2760 451 2790 a,
478 2752 574 2783 cuius
600 2751 869 2792 interpolationis
894 2753 988 2791 origo
1006 2760 1046 2782 ex
1065 2752 1089 2781 G
1106 2752 1263 2791 apparet,
1291 2749 1348 2789 qui
1373 2747 1498 2779 habet:
1521 2747 1735 2786 praecipitem
1750 2747 1870 2778 iudices
1884 2746 1952 2778 Sex

206 2802 328 2833 tur-bac.
356 2801 404 2833 Cf.
425 2801 454 2842 ἓ..
474 2802 504 2833 8.
523 2818 558 2824 -
587 2802 636 2832 43.
656 2802 689 2832 in
706 2802 815 2832 aliena
831 2810 847 2832 a
864 2810 898 2840 e,
925 2804 1024 2832 Arus.
1044 2801 1145 2832 Mess.
1163 2810 1195 2840 p.
1215 2799 1270 2830 241
1294 2797 1404 2828 l.ind.:
1432 2798 1463 2827 in
1480 2797 1621 2827 alienam
1639 2799 1664 2827 G
1678 2796 1709 2827 M
1720 2804 1760 2835 v,
1786 2796 1806 2827 6
1823 2795 1948 2827 On.—

205 2851 239 2881 in
262 2852 393 2881 domum
416 2852 452 2881 G.
482 2867 516 2871 -—
550 2849 599 2882 44.
627 2851 781 2890 afferebat
805 2851 868 2881 ΜΞ.
899 2868 933 2872 -
961 2851 1011 2881 45.
1038 2851 1134 2890 effuse
1155 2853 1228 2880 siml
1252 2847 1393 2879 donabat
1417 2849 1453 2877 G.
1483 2863 1516 2867 .-
1552 2846 1602 2877 47.
1627 2847 1740 2886 fierent
1763 2846 1800 2877 G.
1830 2861 1865 2866 —
1892 2844 1946 2876 20.

206 2901 322 2939 emptio
349 2900 530 2941 flagitiosa,
556 2900 722 2941 possessio]
753 2901 870 2939 emptio
897 2900 1083 2941 flagitiosa,
1111 2900 1276 2940 [lapillosa
1295 2896 1449 2936 possessio
1474 2896 1702 2926 Memmianus
1731 2893 1888 2926 Lambini
1916 2893 1951 2924 et

206 2949 351 2981 fortasse
383 2948 512 2989 aliquot
539 2950 654 2989 Lugg,
685 2950 729 2987 03
761 2951 878 2989 emptio
900 2950 1083 2990 flayitiosii,
1113 2949 1276 2980 maliliosa
1297 2954 1382 2985 poss.
1409 2945 1496 2975 coni.
1528 2944 1764 2975 Buechnerus.
1802 2941 1950 2981 Quidam

208 2998 323 3039 (etiam
340 2998 369 3037 a)
395 2997 607 3038 distinguere
624 2998 839 3030 maluerunt:
866 2999 1021 3030 bonorum
1038 3000 1169 3039 emptio.
1193 2997 1359 3039 flagitiosa
1378 3003 1462 3034 poss.
1479 3004 1484 3032 3
1511 2995 1545 3024 at
1561 3003 1591 3024 V.
1611 2992 1711 3025 Orell.
1731 2993 1770 3033 (Ξ)
1789 2994 1823 3024 et
1844 2993 1946 3032 impr.

207 3046 335 3079 Osenb.
362 3056 395 3088 p.
423 3048 463 3078 49
486 3056 563 3088 sqq.
593 3066 626 3069 —
658 3048 710 3079 2l.
737 3049 926 3079 donationes
949 3057 1017 3079 om.
1045 3049 1118 3079 HS.
1148 3067 1182 3070 —
1214 3047 1330 3078 ardere
1353 3045 1411 3075 illa
1435 3044 1545 3075 omnia
1567 3043 1766 3075 Rufinianus
1791 3041 1834 3081 (g.
1860 3040 1945 3080 36.):

208 3105 276 3127 om.
303 3096 360 3127 illa
384 3096 486 3128 codd.
512 3096 653 3128 Tulliani
678 3099 711 3129 et
735 3098 771 3129 O.
811 3099 959 3130 «Rursus
984 3107 1024 3128 ex
1049 3098 1239 3137 archetypo
1268 3094 1368 3126 codd.
1395 3096 1595 3125 nostrorum
1619 3091 1746 3124 excidit
1766 3098 1864 3131 pron.
1890 3096 1949 3120 ne-

208 3147 417 3186 cessarium,
452 3155 520 3187 quo
550 3146 679 3177 omisso
703 3145 906 3186 ambiguum
930 3146 982 3185 fit,
1013 3148 1128 3178 utrum
1151 3147 1218 3178 hoe
1241 3146 1356 3185 ipsum
1380 3143 1496 3174 dicere
1522 3141 1689 3173 voluerit:
1725 3140 1842 3171 ardere
1863 3138 1948 3170 bona

206 3195 241 3226 S.
266 3196 390 3234 Roscii,
416 3204 460 3227 an
483 3195 586 3226 nimia
603 3194 819 3236 hyperbole:
846 3196 953 3226 omnia
977 3197 1104 3227 misceri
1126 3200 1222 3235 alque
1239 3193 1464 3234 perturbari.»
1483 3193 1539 3223 On.
1559 3192 1589 3223 2.
1612 3208 1647 3213 -
1672 3190 1726 3223 22.
1744 3189 1837 3221 Sexti
1854 3189 1890 3220 G.
1908 3204 1943 3209 -

206 3244 259 3276 23.
284 3244 327 3285 se]
359 3253 424 3277 sese
446 3246 525 3284 Lag.
554 3244 605 3275 ⁴0.
634 3261 670 3266 —
695 3244 748 3276 24.
774 3245 913 3284 Sullam]
938 3246 987 3276 sic
1011 3245 1044 3276 h.
1070 3245 1091 3276 l.
1119 3246 1202 3276 GMl
1233 3246 1267 3276 et
1289 3242 1389 3284 paulo
1413 3241 1552 3273 inferius
1575 3241 1679 3273 Sulla.
1707 3255 1744 3262 —
1769 3238 1821 3271 26.
1846 3240 1883 3269 ut
1904 3236 1945 3277 ec]

207 3297 236 3326 et
262 3297 299 3325 ut
322 3295 390 3325 Ga.
420 3312 455 3317 -
488 3294 542 3326 27.
573 3294 735 3325 decretum
763 3294 972 3325 decurionum
1004 3303 1072 3325 om.
1100 3294 1145 3332 C;
1182 3295 1342 3325 decretum
1369 3291 1448 3323 decii
1471 3291 1508 3322 G.
1536 3308 1572 3313 —
1596 3289 1648 3322 28.
1674 3288 1709 3320 id
1730 3287 1815 3329 quod
1837 3295 1876 3321 cr
1910 3288 1947 3318 ut

208 3343 294 3383 quod
318 3344 343 3375 G
358 3344 382 3375 C
397 3343 514 3381 HTv;
538 3343 588 3375 vel
610 3343 695 3383 quod
717 3352 760 3383 κς
787 3344 872 3384 quod
894 3344 927 3377 M
940 3352 969 3375 a.
1009 3343 1057 3376 Cf.
1082 3353 1118 3385 p.
1142 3344 1238 3377 Font.
1265 3342 1294 3383 ἓ.
1320 3341 1383 3375 46ς
1409 3341 1443 3374 iel
1465 3340 1550 3381 quod
1571 3339 1643 3372 dcxvi
1664 3340 1773 3372 antea.
