2143 3713
741 202 836 243 cn».
872 204 976 244 viu.
1013 203 1087 257 §§·
1126 202 1311 245 15—17.
1830 203 1900 245 τιι

162 313 378 366 adspectus
421 313 553 359 urhis,
599 314 807 365 possessio
849 314 1070 361 libertatis,
1117 315 1187 354 lux
1229 315 1409 368 denique
1447 316 1548 355 haec
1590 318 1675 370 ipsa
1717 322 1756 355 et
1796 314 1904 370 [hoc]

162 386 379 414 commune
411 375 567 427 patriae
598 375 730 414 solum
764 389 856 415 cuin
878 377 931 415 sit
951 390 1104 423 carum,
1138 381 1221 415 tum
1244 390 1340 415 vero
1363 376 1483 416 dulce
1504 382 1629 431 atque
1651 378 1906 417 iucundum?

162 435 267 474 VIII.
300 435 460 488 Operae
492 438 668 490 pretium
699 443 783 483 cst,
815 443 952 490 patres
983 437 1229 490 conscripti,
1260 437 1544 477 libertinorum
1575 439 1791 478 hominum
1823 445 1907 479 stu-

162 496 230 535 dia
260 509 529 549 cognoscere,
571 498 642 551 qui
673 512 748 538 sua
779 501 925 539 virtute
956 499 1163 538 fortunam
1194 498 1318 537 huius
1349 499 1527 539 civitatis
1559 500 1769 541 consecuti
1800 500 1905 540 hanc

159 570 274 597 suam
305 559 478 610 patriam
509 560 714 606 iudicant,
751 574 873 613 quan]
907 561 1075 614 quidam
1105 560 1171 599 hic
1202 560 1287 599 nati
1319 565 1359 598 et
1389 574 1550 600 summo
1583 562 1674 602 loco
1706 562 1791 602 nati
1822 572 1936 601 nonis

160 619 332 671 patriam
363 634 499 668 suam,
531 621 602 661 sed
635 623 776 661 urbem
802 622 982 663 hostium
1006 634 1096 661 esse
1121 621 1419 661 iudicaverunt.
1453 623 1533 661 Sed
1558 623 1660 676 quid
1682 636 1758 675 ego
1780 622 1905 662 hosce

156 681 346 721 homines
368 682 618 736 ordinesque
640 697 939 731 commemoro,
972 696 1078 737 quos
1099 682 1282 735 privatae
1304 682 1516 730 fortunae,
1549 698 1653 736 quos
1675 683 1904 723 communis

157 755 221 782 res
252 743 434 795 publica,
467 758 570 797 quos
601 744 780 798 denique
814 746 1002 792 libertas,
1043 758 1089 784 ea
1121 757 1227 798 quae
1259 744 1496 784 dulcissima
1527 751 1609 792 est,
1648 745 1699 785 ad
1732 745 1903 785 salutem

155 805 311 857 patriae
342 804 641 845 defendendam
674 808 892 848 excitavit?
951 808 1102 847 Servus
1143 811 1205 846 est
1243 820 1389 853 nemo,
1436 807 1506 860 qui
1537 807 1659 847 modo
1702 806 1902 846 tolerabili

155 867 392 907 conditione
422 867 476 907 sit
504 868 731 916 servitutis,
764 870 834 921 qui
866 884 947 909 non
978 869 1192 909 audaciam
1222 869 1369 908 civium
1390 869 1696 922 perhorrescat,
1729 869 1798 921 qui
1821 882 1901 907 uon
1919 882 1951 909 10

154 929 254 968 baec
285 933 392 968 stare
423 929 580 982 cupiat,
629 931 698 983 qui
730 944 812 970 non
852 936 1052 984 quantum
1083 930 1206 970 audet
1237 937 1277 971 et
1308 936 1507 983 quantum
1547 937 1681 984 potest
1720 928 1902 969 conferat

153 990 203 1030 ad
235 990 410 1031 salutem
441 991 677 1031 voluntatis.
724 989 787 1031 117.
821 993 959 1041 Quare
989 993 1023 1032 si
1056 1006 1179 1045 quem
1210 998 1391 1033 vestrum
1423 991 1528 1032 forte
1559 996 1792 1032 commovet
1809 990 1902 1037 hoc,

155 1052 267 1106 quod
299 1052 484 1093 auditum
517 1057 598 1100 est,
639 1053 828 1093 lenonem
871 1053 1078 1107 quendam
1110 1055 1271 1094 Lentuli
1304 1067 1553 1094 concursare
1585 1055 1736 1095 clrcum
1771 1055 1901 1095 taber-

153 1128 249 1161 nas,
280 1115 412 1167 pretio
444 1127 610 1167 sperare
641 1115 855 1155 sollicitari
885 1130 1007 1169 posse
1039 1117 1196 1156 animos
1227 1117 1437 1169 egentium
1459 1121 1583 1170 atque
1605 1117 1901 1169 imperitorum,

152 1182 214 1217 est
242 1177 283 1217 id
315 1177 482 1229 quidem
513 1182 702 1231 coeptum
735 1184 860 1230 atque
891 1183 1111 1224 tentatum,
1152 1178 1225 1217 sed
1256 1179 1357 1219 nulli
1389 1183 1484 1218 sunt
1523 1179 1680 1218 inventi
1722 1184 1802 1219 tam
1833 1185 1950 1220 antio

151 1239 315 1279 fortuna
345 1239 481 1278 miseri
513 1243 583 1278 aut
613 1240 824 1279 voluntate
856 1240 1028 1292 perditi,
1074 1242 1145 1293 qui
1178 1255 1260 1280 non
1299 1241 1414 1280 illum
1454 1241 1587 1294 ipsum
1620 1241 1747 1281 sellae
1777 1246 1900 1294 atque

151 1302 288 1354 operis
320 1306 361 1340 et
391 1306 588 1354 quaestus
621 1301 851 1354 quotidiani
884 1301 1042 1348 locum,
1076 1302 1147 1354 qui
1180 1315 1264 1341 non
1296 1303 1432 1342 cubile
1462 1316 1509 1342 ac
1539 1302 1734 1343 lectulum
1766 1317 1900 1349 suum,

150 1363 222 1416 qui
251 1362 433 1416 denique
463 1376 545 1403 non
576 1377 738 1403 cursum
778 1362 887 1402 hunc
929 1363 1107 1403 otiosum
1149 1364 1253 1403 vitae
1294 1378 1391 1404 suae
1431 1365 1589 1404 salvum
1628 1379 1720 1405 esse
1759 1366 1899 1406 velint.

149 1424 279 1465 Multo
309 1437 407 1464 vero
439 1425 618 1464 maxima
647 1438 740 1478 pars
772 1438 933 1472 eorum,
965 1425 1038 1478 qui
1070 1426 1110 1464 in
1144 1426 1322 1466 tabernis
1353 1431 1466 1473 sunt,
1497 1426 1620 1466 immo
1652 1441 1748 1467 vero
1774 1449 1826 1456 —
1858 1428 1899 1467 id

149 1487 257 1526 enim
296 1488 432 1539 potius
472 1492 534 1527 est
574 1487 794 1527 dicendum
824 1509 877 1515 —
907 1500 1037 1540 genus
1077 1487 1155 1527 hoc
1195 1488 1433 1528 universum
1471 1488 1799 1529 amantissimum
1840 1495 1947 1531 est20

236 1722 264 1752 l.
292 1720 428 1759 denique
450 1721 510 1751 tua.-
534 1721 590 1760 Lg.
613 1720 665 1751 53.
688 1738 721 1742 -—
743 1721 811 1760 ipsa
835 1721 913 1753 haee
936 1721 957 1753 d
972 1731 999 1752 κ.
1023 1739 1054 1742 —
1076 1721 1134 1753 hoc
1157 1730 1226 1753 om.
1255 1723 1278 1753 C
1294 1730 1312 1752 a
1327 1730 1344 1753 e
1360 1730 1392 1753 m
1408 1723 1472 1761 tu,
1500 1722 1557 1762 [ς.
1578 1721 1629 1753 46.
1649 1721 1701 1754 53.
1723 1740 1756 1744 —
1776 1724 1806 1755 2.
1826 1733 1900 1755 cum

147 1781 214 1803 om.
249 1770 624 1808 BCabceimstu,
657 1771 713 1810 Lg.
741 1772 791 1801 «¹6.
819 1771 870 1802 43.
899 1771 949 1803 lo.
977 1772 1027 1802 53.
1058 1790 1091 1794 —-
1119 1772 1149 1803 3.
1176 1772 1284 1803 studia
1308 1780 1376 1803 om.
1404 1780 1443 1807 u;
1476 1772 1620 1803 studium
1642 1772 1676 1804 b.
1702 1790 1745 1795 »-
1773 1773 1804 1805 4.
1830 1775 1897 1813 qui]

145 1823 225 1860 quia
248 1821 270 1852 B
288 1829 357 1857 az,
393 1820 450 1859 lg.
478 1821 538 1857 653
566 1830 632 1859 qua
656 1829 694 1851 w.
728 1839 769 1842 —--
797 1831 857 1852 sua
887 1822 1004 1852 virtute
1034 1830 1103 1852 oni.
1139 1822 1210 1852 Vx:
1244 1822 1360 1852 virtute
1392 1829 1460 1851 om.
1487 1819 1507 1851 l.
1544 1839 1577 1842 —
1607 1823 1777 1861 fortunam
1806 1824 1899 1854 liuius

144 1871 295 1912 civitatis]
320 1870 370 1901 sic
396 1870 463 1900 mei
491 1870 642 1910 (praeter
665 1869 706 1909 l).
733 1879 839 1910 cpg.
866 1871 923 1909 Lg.
950 1871 1117 1911 akpxz,
1144 1870 1215 1902 alii:
1244 1871 1345 1902 codd.
1372 1869 1444 1901 rell.
1464 1869 1597 1903 habent
1612 1874 1689 1904 aut:
1714 1873 1791 1912 fort.
1817 1874 1897 1905 civi-

144 1921 220 1952 tatis
242 1920 337 1950 huius
361 1918 413 1958 (l),
445 1922 520 1951 aut:
555 1920 725 1959 fortunam
747 1921 888 1952 civitatis
910 1922 960 1952 ius
988 1922 1056 1961 (ις.
1082 1921 1134 1951 50.
1161 1921 1232 1960 57),
1267 1922 1345 1952 aut:
1378 1921 1549 1959 fortunam
1570 1921 1665 1952 huius
1685 1922 1827 1954 civitatis
1848 1923 1898 1954 ius

144 1971 200 2009 (c).
235 1972 311 2009 (sua
332 1970 452 2001 virtute
480 1979 520 2001 ac
544 1970 679 2009 fortuna.
704 1970 754 2000 ius
775 1970 916 2001 civitatis
937 1971 986 2009 L.)
1016 1988 1049 1991 -—
1075 1970 1158 2001 hunc
1181 1970 1276 2001 bis:
1307 1978 1382 2001 rere
1403 1969 1487 2000 hanc
1512 1970 1535 2001 C
1551 1972 1760 2010 aemrtu,
1785 1972 1845 2012 Lg.
1865 1973 1895 2003 3.

144 2022 173 2052 6.
201 2021 258 2057 (553
290 2020 474 2050 hanovere
498 2018 524 2056 13
558 2020 640 2050 lianc
673 2029 745 2051 rere
775 2020 841 2051 ium
865 2019 904 2057 d;
938 2020 1022 2051 lianc
1046 2028 1118 2051 rere
1145 2020 1256 2051 RLO.
1291 2038 1325 2042 —
1356 2021 1386 2051 5.
1408 2020 1560 2059 patriam
1589 2029 1685 2052 suam
1707 2020 1796 2059 bm;
1830 2022 1898 2053 iam

142 2079 236 2101 suam
256 2072 349 2109 patr.
375 2067 419 2109 lq
434 2078 460 2098 w
475 2078 510 2105 x,
537 2069 556 2099 3
573 2068 627 2100 alii
644 2070 745 2109 Lagg.
766 2087 800 2091 —
822 2070 966 2100 iudicant
989 2068 1084 2100 blm
1099 2078 1114 2101 s
1129 2078 1166 2100 u:
1192 2070 1260 2100 iud.
1287 2078 1350 2100 esse
1375 2071 1403 2105 t;
1431 2078 1495 2100 esse
1518 2070 1585 2101 iud.
1612 2069 1684 2102 rell.
1704 2071 1792 2106 mei.
1819 2072 1842 2102 t.
1858 2073 1893 2103 O.

145 2120 284 2159 Lagom.
311 2118 353 2150 de
378 2127 410 2150 v.
436 2127 500 2150 esse
525 2120 626 2150 tacet.
649 2136 683 2141 —
710 2128 809 2159 quam
833 2118 978 2160 quidam]
1005 2128 1104 2158 quam
1128 2120 1182 2158 qui
1207 2121 1373 2157 Gaetu,
1400 2119 1753 2159 1.g.46.50.53.57;
1779 2129 1897 2158 quam-

143 2177 242 2208 quam
265 2176 297 2205 ς.
325 2185 359 2189 -
394 2167 455 2208 hic]
480 2169 530 2200 sic
555 2169 644 2206 mei,
670 2178 700 2205 c,
727 2170 785 2209 Lg.
812 2169 928 2199 ackx
962 2169 997 2200 et
1019 2169 1036 2199 Ἴ
1063 2168 1117 2200 alii
1143 2169 1217 2207 (sed
1243 2169 1280 2200 d:
1315 2170 1385 2200 nati
1407 2169 1485 2209 1ιί(·);
1520 2169 1594 2200 hinc
1617 2178 1638 2208 ς·
1661 2170 1772 2200 RLO.
1800 2187 1835 2192 —
1869 2175 1897 2201 et

141 2226 266 2249 summo
290 2218 358 2249 loco
383 2218 454 2248 nati
476 2217 498 2248 b
514 2227 532 2249 c
549 2217 653 2249 disz
683 2220 740 2258 Lg.
767 2218 824 2250 ⁶20:
859 2218 959 2249 deest
983 2217 1081 2249 colon
1107 2218 1137 2248 in
1163 2216 1231 2254 lxv.
1265 2222 1294 2250 et
1322 2227 1446 2249 summo
1474 2219 1546 2249 nati
1568 2218 1637 2250 loco
1660 2219 1772 2250 RLO.
1802 2238 1835 2242 —
1864 2222 1894 2251 6.

140 2267 280 2298 hostium
310 2266 422 2298 urbem
452 2276 497 2298 m.
527 2285 561 2289 —
587 2268 678 2300 hosce
706 2269 848 2300 homines
871 2269 1062 2307 ordinesque
1084 2267 1167 2299 hes
1193 2268 1250 2308 Lg.
1277 2268 1329 2298 50.
1356 2268 1396 2299 57
1422 2268 1518 2308 (item
1543 2276 1579 2305 a,
1607 2268 1643 2298 ut
1666 2267 1820 2306 videtur,
1855 2278 1894 2300 ex

142 2325 210 2357 quo
235 2314 361 2348 saltem
384 2317 572 2356 ordinisque
594 2318 765 2357 alferium:
790 2318 882 2349 hosce
904 2317 1032 2348 ordines
1054 2317 1260 2355 hominesque
1284 2317 1310 2348 i:
1337 2318 1426 2348 hosce
1449 2317 1592 2348 homines
1613 2326 1654 2358 p;
1679 2317 1735 2348 hos
1757 2318 1898 2350 homines

140 2366 332 2405 ordinesque
355 2367 383 2396 V
396 2376 417 2406 q
430 2376 492 2398 wx
517 2367 590 2407 (sed
614 2377 642 2399 w
665 2368 748 2399 hom.
774 2368 859 2407 hos);
893 2368 1035 2399 homines
1057 2368 1187 2399 huiusce
1211 2368 1397 2407 ordinisque
1419 2368 1460 2404 133
1492 2367 1548 2398 hos
1570 2370 1599 2398 et
1620 2367 1751 2399 huiusce
1774 2369 1897 2400 ordinis

139 2415 282 2447 homines
305 2415 349 2446 dl
379 2416 452 2455 (sed
477 2416 516 2447 d:
551 2417 802 2459 huiuscemodi);
832 2417 926 2448 huius
948 2418 1072 2448 ordinis
1093 2417 1236 2449 homines
1260 2426 1296 2448 e:
1327 2417 1459 2447 huiusce
1482 2416 1606 2447 ordinis
1626 2416 1770 2449 homines
1793 2419 1816 2450 C
1833 2428 1865 2450 m
1881 2429 1895 2450 r

141 2466 186 2495 tu
199 2474 233 2502 z,
259 2463 279 2495 8
296 2463 350 2496 alii
366 2465 483 2506 Lagg.‚
510 2467 544 2497 L.
563 2466 640 2507 (sed
657 2475 679 2497 u
695 2475 764 2498 om.
783 2466 937 2505 homines)
955 2483 989 2488 —
1009 2467 1039 2498 7.
1058 2475 1304 2498 commemorem
1326 2467 1355 2497 V
1369 2475 1390 2506 q
1404 2475 1481 2502 wx,
1508 2465 1528 2497 4
1545 2464 1599 2497 alii
1615 2467 1737 2507 Lagg..
1764 2468 1787 2498 L
1802 2469 1839 2499 Ο.
1858 2487 1891 2490 -

135 2514 270 2553 privato
294 2523 328 2544 u.
349 2532 383 2536 —-
403 2515 433 2546 8.
456 2515 558 2557 publ]
583 2517 616 2547 P.
634 2517 668 2547 R.
696 2515 729 2547 h.
751 2533 784 2538 —
811 2525 850 2547 ea
865 2535 913 2540 --
929 2521 974 2549 est
997 2526 1066 2549 om.
1086 2517 1107 2549 l.
1128 2535 1163 2540 —
1182 2519 1212 2548 9.
1239 2518 1478 2558 defendundum
1502 2516 1523 2547 l)
1538 2518 1628 2556 gtu.
1646 2535 1689 2539 —-
1704 2518 1810 2557 modo]
1831 2529 1894 2549 non.

138 2564 233 2595 modo
257 2572 275 2594 a
289 2572 312 2604 q
325 2573 361 2602 z,
388 2565 405 2595 7
424 2564 478 2596 alii
495 2567 596 2606 Lagg.
617 2584 650 2588 —
676 2566 841 2598 tolerabile
858 2567 885 2605 ις
911 2568 949 2599 de
964 2568 1125 2599 tolerabili
1141 2577 1174 2599 e.
1192 2585 1226 2590 —
1254 2568 1305 2598 40.
1325 2568 1445 2599 cii-ium
1463 2567 1671 2606 perditorum
1688 2569 1721 2599 L.
1741 2586 1775 2590 —
1798 2570 1890 2608 perh.

139 2612 259 2643 civium
275 2621 303 2644 z.
322 2630 357 2634 —
384 2614 435 2645 ll.
454 2615 532 2646 haec
549 2624 618 2647 om.
637 2616 665 2645 V
681 2617 715 2647 et
733 2617 789 2656 Lg.
806 2616 862 2648 65:
887 2617 948 2648 hac
971 2618 1043 2658 gh;
1073 2618 1123 2648 liic
1139 2617 1160 2647 d
1175 2615 1183 2647 l
1198 2626 1219 2657 p
1237 2616 1360 2656 Lg.1t6.
1380 2633 1412 2638 —
1441 2616 1570 2647 obstare
1585 2616 1624 2646 V.
1643 2634 1678 2638 —-
1704 2626 1770 2648 non
1786 2626 1893 2656 quan-

139 2664 207 2692 tum
231 2662 498 2695 BCaemrtu
529 2665 587 2705 Lg.
614 2664 665 2696 46.
692 2665 746 2696 53.
772 2666 831 2697 65:
867 2676 927 2697 non
954 2667 986 2698 in
1011 2670 1169 2706 qnantum
1193 2666 1233 2697 d:
1268 2675 1333 2697 non>
1355 2669 1482 2697 tantum
1507 2669 1668 2705 quantum
1692 2666 1804 2698 RLO.
1843 2666 1892 2697 CI.

140 2711 183 2742 de
202 2711 298 2743 Offic.
317 2712 358 2743 11.
378 2712 408 2753 g.
428 2712 485 2745 34:
512 2714 741 2755 intelligentiae
766 2715 889 2747 iustitia
911 2717 1084 2748 coniuncta
1100 2719 1259 2756 quantum
1273 2717 1356 2747 volet
1378 2715 1504 2748 habebit
1527 2717 1571 2747 ad
1591 2716 1779 2756 faciendam
1800 2717 1895 2757 fidem.

140 2761 271 2792 virium.
299 2778 334 2782 —
363 2763 484 2794 audeat
507 2763 647 2796 abeis
676 2765 734 2804 Lg.
761 2765 812 2795 46.
840 2764 891 2796 43.
918 2765 970 2797 53
999 2784 1033 2788 —
1065 2769 1093 2798 et
1119 2766 1148 2797 in
1174 2769 1335 2805 quantum
1358 2765 1572 2797 adimtuz
1595 2766 1653 2805 Lg.
1682 2765 1733 2795 46.
1760 2764 1812 2797 43.
1838 2766 1890 2796 53.

141 2828 174 2832 —
207 2810 354 2851 conferat
381 2814 510 2844 laticum
539 2814 582 2844 od
612 2814 653 2850 d;
687 2817 816 2845 tontum
843 2815 989 2855 conserat
1017 2816 1061 2846 ad
1093 2824 1160 2853 er,
1188 2815 1244 2855 Lg.
1271 2816 1322 2847 53.
1349 2833 1392 2837 ——
1421 2815 1473 2846 42.
1499 2816 1544 2846 ad
1565 2815 1703 2846 salutem
1726 2815 1750 2846 C
1766 2823 1783 2845 a
1799 2816 1892 2845 mtu

138 2861 197 2900 Lg.
216 2858 268 2891 46.
287 2860 327 2890 53
353 2860 426 2899 (sed
450 2870 485 2893 m
510 2864 651 2895 vitiose:
679 2865 723 2895 ad
747 2865 922 2895 voluntatis
943 2865 1107 2904 salutem):
1136 2865 1170 2895 in
1195 2873 1213 2895 e
1238 2873 1439 2896 communem
1461 2866 1540 2905 post
1562 2865 1622 2896 sal.
1649 2873 1725 2905 sup.
1745 2863 1801 2895 lin.
1822 2865 1890 2895 est:

137 2910 181 2940 ad
210 2917 413 2942 communem
443 2912 580 2944 salutem
606 2914 656 2945 rei
681 2923 715 2953 p.
749 2923 770 2954 q
801 2915 836 2945 et
859 2915 916 2955 Lg.
943 2913 1001 2946 43:
1035 2916 1078 2946 ad
1107 2923 1309 2946 communem
1339 2915 1476 2946 salutem
1499 2916 1523 2946 R
1540 2916 1613 2946 LO.
1646 2932 1689 2937 —-
1717 2913 1893 2944 voluntatis

138 2957 328 2990 delendum
354 2961 489 2992 censuit
514 2962 755 2995 Heumannus:
786 2965 817 2994 at
843 2973 874 2994 v.
900 2964 1018 2996 Mattb.
1049 2982 1082 2986 —
1114 2965 1199 3003 forte
1222 2972 1291 2995 om.
1320 2963 1397 3002 ilr,
1429 2965 1488 3004 Lg.
1515 2965 1567 2996 53.
1593 2982 1636 2986 —
1662 2966 1767 2995 movet
1790 2963 1824 2994 B.
1853 2979 1886 2984 —

143 3008 193 3040 ¹3.
219 3011 264 3040 esi
287 3010 436 3041 auditum
459 3019 506 3042 m.
534 3029 569 3034 —
596 3014 687 3044 circa
712 3014 732 3044 i.
751 3032 792 3036 ——
815 3013 867 3044 44„
894 3014 1021 3053 sperari
1047 3022 1079 3045 m
1094 3023 1126 3049 r·,
1158 3017 1343 3053 sperantem
1367 3015 1401 3045 L.
1420 3031 1462 3037 —-
1482 3023 1575 3054 posse
1597 3013 1766 3045 sollicitari
1789 3011 1888 3045 hcs;

136 3058 311 3090 sollicitare
343 3068 438 3098 posse
466 3068 540 3091 uw.
566 3080 609 3084 —
640 3063 876 3102 imperatorum
900 3071 928 3093 r.
960 3080 994 3084 —-
1034 3063 1080 3094 15.
1107 3066 1151 3094 est
1174 3064 1303 3101 quidem
1326 3064 1359 3094 id
1382 3063 1420 3100 d;
1455 3064 1582 3103 quidem
1607 3072 1676 3095 0111.
1701 3063 1737 3093 B.
1762 3080 1805 3084 ——
1836 3062 1887 3092 ⁴6.

137 3108 227 3139 illum
251 3108 358 3148 ipsum
385 3108 440 3140 ab
455 3118 474 3140 e
491 3118 508 3141 e
524 3110 764 3149 hikrstuz‚
792 3113 809 3141 5·
833 3111 885 3143 alii
911 3113 1033 3152 I.agg.:
1062 3112 1152 3143 illum
1175 3120 1245 3143 om.
1271 3121 1309 3152 g3
1335 3115 1441 3152 ipsum
1465 3113 1555 3144 illum
1578 3114 1602 3144 R
1617 3112 1690 3144 LO.
1710 3128 1751 3133 —
1768 3110 1819 3141 47.
1838 3112 1889 3151 ac]

137 3160 234 3196 atque
263 3156 371 3189 bcis
407 3159 466 3199 Lg.
501 3159 553 3191 lG.
584 3160 638 3194 43.
671 3179 704 3183 —
739 3162 854 3194 lectum
887 3160 1114 3202 dlthxz:
1153 3163 1258 3194 locum
1287 3164 1345 3203 Lg.
1379 3165 1430 3195 65.
1463 3182 1505 3187 —-
1539 3163 1645 3205 suum]
1676 3163 1767 3194 illum
1795 3171 1889 3193 suum

136 3206 158 3237 b
173 3207 406 3247 ciqswxz3
433 3217 527 3240 suum
552 3210 641 3243 illam
665 3210 686 3242 l.
711 3230 754 3234 -—
779 3212 830 3243 118.
858 3211 953 3242 relint
976 3212 1104 3242 salvum
1127 3221 1192 3244 esse
1214 3221 1261 3244 111.
1290 3230 1323 3234 —
1353 3214 1425 3245 relit
1448 3213 1470 3243 b
1489 3214 1525 3245 is
1549 3214 1578 3243 V
1594 3215 1637 3250 L;
1669 3212 1784 3243 vellent
1808 3211 1885 3243 Ern.

136 3273 179 3277 —-
204 3255 254 3286 lt).
279 3257 378 3288 immo
400 3257 488 3298 vero]
514 3258 562 3289 sic
585 3260 643 3299 Lg.
671 3260 731 3291 65:
767 3261 801 3291 ni
822 3269 898 3292 vero
923 3260 965 3297 V;
1000 3261 1062 3291 nisi·
1085 3270 1161 3293 vero
1186 3263 1220 3293 R.
1248 3280 1290 3284 —
1314 3263 1365 3295 ἐι).
1393 3263 1476 3294 enim
1500 3271 1569 3295 om.
1596 3263 1629 3294 h.
1659 3281 1693 3286 -
1719 3263 1887 3295 dicendum

136 3309 180 3336 est
203 3304 236 3337 d.
262 3324 304 3329 -—
326 3307 558 3339 amicissimum
580 3309 604 3341 B
621 3308 666 3340 Vl
682 3319 702 3350 q
715 3318 817 3341 wxz.
