2143 3713
245 215 326 257 512
781 215 980 256 ORATIO
1010 215 1113 256 PRO
1143 216 1192 255 A.
1225 215 1450 257 CAECINA

245 327 510 368 defenderem
542 331 582 366 et
603 326 720 366 Cotta
749 326 995 366 decemviris
1026 326 1271 378 religionem
1293 328 1523 373 iniecisset,
1555 339 1639 365 non
1660 339 1783 379 posse
1806 334 1992 368 nostrum

244 394 545 429 sacramentum
595 388 749 427 iustum
791 388 989 435 iudicari,
1033 389 1146 441 quod
1190 389 1391 428 Arretinis
1438 389 1633 441 adempta
1679 388 1822 428 civitas
1871 395 1991 437 esset,

244 456 284 490 et
315 464 391 503 ego
422 450 710 490 vehementius
741 449 1063 497 contendissem,
1096 450 1300 490 civitatem
1332 451 1458 490 adimi
1491 463 1573 489 non
1596 449 1797 501 potuisse,
1831 450 1994 489 decem-

242 513 319 553 viri
350 513 483 566 prima
513 513 675 553 actione
714 526 795 552 non
834 512 1142 559 iudicaverunt3
1190 517 1334 565 postea
1372 527 1415 552 re
1456 513 1646 565 quaesita
1687 517 1728 551 et
1768 512 1994 551 deliberata

212 581 545 616 &sacramentum
576 581 762 615 nostrum
794 575 947 614 iustum
980 575 1282 614 iudicaverunt.
1331 576 1467 627 Atque
1498 575 1574 613 hoc
1606 579 1645 613 et
1666 579 1809 613 contra
1834 574 1994 613 dicente

244 640 364 679 Cotta
403 645 443 678 et
473 638 588 678 Sulla
619 638 712 677 vivo
742 637 971 676 iudicatum
1003 642 1077 676 est.
1137 637 1222 675 Iam
1253 650 1350 675 vero
1383 637 1424 675 in
1458 637 1605 676 ceteris
1643 636 1786 682 rebus,
1826 643 1870 676 ut
1909 650 1994 675 om-

242 715 337 748 nes,
370 702 441 755 qui
474 702 516 740 in
547 699 692 740 eadem
724 712 848 738 causa
879 705 996 746 sunt,
1028 705 1067 738 et
1100 699 1189 751 lege
1221 704 1344 748 agant
1375 706 1414 738 et
1445 713 1564 738 suum
1596 699 1660 738 ius
1691 703 1995 751 persequantur

243 770 283 803 et
313 764 425 803 omni
458 763 547 801 iure
579 761 689 800 civili
722 761 810 800 sine
843 761 1088 813 cuiusquam
1119 766 1190 799 aut
1220 762 1480 812 magistratus
1513 767 1583 801 aut
1611 761 1759 800 iudicis
1782 765 1852 799 aut
1873 759 1994 812 periti

241 826 424 866 hominis
455 830 526 864 aut
557 823 736 875 imperiti
769 822 1026 861 dubitatione
1059 826 1242 868 utantur,
1274 822 1374 874 quid
1406 836 1482 875 ego
1515 824 1862 862 connnemorem‘?
1910 822 1996 860 Du-

192 896 228 925 ⁴0
241 889 353 928 bium
387 901 478 927 esse
509 885 665 926 nemini
696 890 878 923 vestrum
910 888 1022 922 certo
1053 885 1148 922 scio.

353 950 419 990 98.
452 947 606 997 Quaeri
636 947 715 985 hoc
747 946 881 985 solere
912 958 976 984 me
1007 959 1091 984 non
1122 945 1319 998 praeterit
1347 967 1401 974 -
1431 952 1475 986 ut
1505 961 1557 986 ex
1589 961 1652 986 me
1685 960 1753 993 ea,
1786 958 1892 999 quae
1922 944 1993 983 tibi

239 1015 280 1055 iu
313 1018 491 1053 mentem
522 1024 605 1050 non
636 1008 830 1054 veniunt,
866 1007 1012 1046 audias
1042 1029 1116 1054 —‚
1161 1021 1285 1060 quem
1317 1008 1367 1046 ad
1400 1009 1589 1055 modum,
1630 1010 1663 1048 si
1695 1008 1837 1047 civitas
1869 1007 1993 1047 adimi

240 1091 321 1118 non
354 1075 498 1128 possit,
529 1074 571 1112 in
604 1071 789 1110 colonias
819 1070 987 1109 Latinas
1019 1082 1142 1121 saepe
1174 1070 1302 1109 nostri
1335 1071 1444 1110 rives
1475 1072 1767 1124 proseeti'sint.
1820 1071 1900 1109 Aut
1921 1083 1994 1108 sua

240 1139 453 1180 voluntate
484 1139 555 1175 aut
586 1134 686 1185 legis
719 1132 847 1171 multa
877 1131 1049 1184 profecti
1082 1136 1198 1170 sunt:
1233 1145 1354 1184 quam
1387 1133 1556 1172 multam
1589 1134 1621 1172 si
1649 1133 1820 1171 sufferre
1842 1131 1994 1170 voluis-

191 1207 226 1237 45
241 1205 344 1247 sent,
375 1210 541 1238 manere
571 1189 614 1235 in
644 1195 809 1235 civitate
841 1195 1089 1247 potuissent.
1148 1194 1340 1232 XXXIV.
1379 1195 1518 1242 Quid?
1560 1209 1681 1248 quein
1714 1199 1830 1246 pater
1860 1197 1996 1245 patra-

242 1269 307 1303 tus
339 1260 498 1301 dedidit
527 1264 598 1299 aut
629 1271 727 1297 suus
758 1262 885 1310 pater
903 1256 1137 1309 populusve
1168 1254 1377 1301 vendidit,
1417 1270 1498 1309 quo
1531 1257 1564 1295 is
1597 1257 1684 1295 iure
1716 1256 1866 1295 amittit
1897 1255 1996 1294 eivi-

240 1325 397 1366 tatem?
458 1323 509 1362 Ut
536 1320 739 1373 religione
770 1320 912 1359 civitas
944 1318 1149 1365 solvatur,
1191 1317 1290 1356 civis
1322 1319 1531 1357 Romanus
1565 1318 1749 1365 deditum
1795 1317 1865 1371 qui
1904 1331 1995 1356 eum

241 1394 303 1429 est
333 1390 550 1439 acceptus,
583 1388 644 1423 est
676 1395 844 1428 eorum,
878 1381 1029 1434 quibus
1061 1384 1121 1420 est
1152 1379 1340 1427 deditus;
1373 1380 1406 1419 si
1438 1393 1521 1419 non
1553 1380 1776 1433 accipiunt,
1808 1386 1852 1419 ut
1881 1381 1996 1419 Man-

240 1451 377 1490 cinum
416 1445 679 1492 Numantini,
723 1444 871 1483 retinet
911 1444 1111 1495 integram
1146 1454 1311 1481 causam
1353 1447 1392 1480 et
1432 1441 1497 1481 ius
1537 1442 1727 1481 civitatis.
1799 1443 1840 1482 si
1878 1446 1996 1494 pater

189 1521 226 1550 20
240 1511 428 1553 vendidit
457 1522 564 1556 eum,
596 1521 720 1561 quem
749 1507 792 1546 in
823 1519 939 1546 suam
964 1508 1209 1558 potestatem
1232 1510 1483 1555 susceperat,
1516 1518 1567 1543 ex
1588 1509 1791 1556 potestate
1814 1504 1993 1543 dimittit.

240 1573 306 1613 99.
336 1575 421 1613 Iam
451 1571 632 1625 populus
664 1584 755 1609 cum
787 1582 881 1608 eum
914 1567 1067 1614 vendit,
1098 1567 1172 1620 qui
1204 1566 1323 1606 miles
1354 1567 1484 1607 sactus
1515 1581 1598 1606 non
1631 1575 1704 1613 est,
1736 1580 1817 1606 non
1849 1565 1996 1605 adimit.

240 1638 278 1678 ei
311 1637 554 1680 libertatem,
585 1631 657 1671 sed
690 1632 846 1671 iudicat
876 1643 960 1669 non
991 1642 1081 1669 esse
1112 1642 1205 1668 eum
1237 1629 1425 1676 liberum,
1457 1630 1541 1682 qui,
1572 1635 1618 1669 ut
1648 1630 1753 1669 liber
1783 1630 1849 1676 sit,
1880 1628 1994 1667 adire

240 1699 471 1753 periculum
502 1695 656 1741 noluit3
689 1708 781 1733 cum
812 1698 950 1732 autem
983 1692 1197 1731 incensum
1228 1691 1384 1738 vendit,
1414 1691 1492 1731 hoo
1526 1691 1691 1738 iudicat,
1724 1704 1816 1730 cum
1838 1690 1889 1736 ei,
1922 1689 1992 1742 qui

240 1762 282 1801 in
314 1761 514 1801 servitute
545 1758 653 1796 iusta
682 1756 862 1802 fuerunt,
895 1768 1022 1794 censu
1054 1754 1303 1801 liberentur,
1337 1767 1453 1799 eum,
1485 1753 1582 1806 qui,
1615 1767 1706 1792 eum
1738 1752 1842 1791 liber
1872 1757 1992 1797 esset,

189 1830 226 1861 25
241 1822 400 1864 censeri
432 1820 625 1866 noluerit,
656 1819 791 1871 ipsum
823 1817 902 1857 sibi
934 1817 1165 1855 libertatem
1196 1815 1514 1856 abiudicavisse.
1576 1815 1697 1863 Quod
1740 1814 1774 1854 si
1813 1813 1992 1853 maxime

244 1929 1994 1948 ,μμ-Μ-

327 2010 357 2041 ιΙ.
383 2010 475 2039 coela
498 2004 563 2037 Mb
580 2012 648 2044 mp
664 2004 732 2044 qt3
758 2005 884 2034 coelam
906 2003 942 2033 T.
970 2019 1004 2023 —
1032 2002 1065 2032 in
1089 2001 1279 2032 decemuiris
1302 2000 1324 2031 l)
1351 2002 1432 2040 (see.
1457 2001 1516 2039 m.)
1543 2010 1576 2032 m
1592 2010 1611 2041 p
1627 1999 1712 2041 (Ῑίβ
1736 2001 1770 2032 et
1795 2002 1830 2032 A.
1860 2016 1894 2021 -
1921 2000 1995 2031 reli-

239 2059 345 2101 gionis
368 2058 392 2089 11:
406 2057 429 2088 T
444 2058 467 2087 G
482 2065 500 2087 a
516 2054 536 2086 b
552 2064 584 2086 m
601 2062 620 2094 p
636 2062 655 2093 q
672 2056 718 2084 ta
730 2052 757 2091 β
781 2054 815 2084 et
831 2054 855 2084 A
869 2062 875 2090 ;
901 2052 1068 2092 religionis
1090 2060 1204 2082 nomen
1221 2052 1240 2082 k
1254 2061 1259 2089 ;
1285 2051 1453 2091 religionis
1475 2051 1616 2089 aliquem
1639 2050 1828 2090 scrupulum
1844 2048 1994 2080 Klotzius

240 2112 272 2142 in
300 2112 457 2141 prooem.
484 2105 540 2137 ed.
567 2104 623 2136 alt.
651 2112 683 2145 p.
710 2103 794 2134 XIV.
827 2102 876 2134 Cf.
903 2101 1013 2133 simile
1038 2101 1207 2132 mendum
1232 2101 1264 2131 in
1289 2100 1427 2141 optimis
1452 2099 1547 2131 libris
1572 2101 1603 2140 g.
1626 2100 1677 2132 98.
1706 2118 1741 2121 -
1768 2103 1915 2130 nostrum
1937 2108 1993 2130 sa-

239 2161 442 2192 cramentum
458 2156 535 2186 ET:
560 2163 646 2185 sacr.
663 2156 810 2184 nostrum
827 2153 851 2183 R
862 2154 884 2182 A
896 2152 1036 2184 1.5„²O.—
1053 2152 1083 2182 Q.
1102 2151 1221 2181 ciuitas
1238 2151 1391 2189 adempta
1407 2151 1442 2181 T.
1464 2151 1589 2181 Deerat
1606 2152 1639 2181 et
1659 2150 1745 2181 haee
1760 2151 1793 2181 et
1809 2157 1898 2190 quae
1917 2158 1995 2189 pro·

240 2211 331 2242 xime
349 2204 530 2249 praeeedit
551 2203 651 2235 lectio
676 2203 708 2233 in
726 2202 943 2234 Mommsenii
967 2199 1118 2231 schedis.
1133 2216 1167 2220 —-
1195 2199 1226 2229 3.
1245 2202 1274 2229 ec
1296 2208 1370 2229 enm
1394 2208 1450 2239 090
1468 2199 1487 2229 k
1505 2201 1539 2229 et.
1555 2201 1592 2230 A.
1615 2216 1649 2220 —
1675 2200 1826 2240 potuisse]
1849 2208 1939 2238 posse
1955 2199 1991 2229 T.

242 2278 275 2281 —
296 2258 327 2290 4.
346 2266 381 2288 re
398 2254 556 2295 quaesita]
580 2253 739 2292 requisita
762 2253 797 2283 T.
819 2269 852 2272 —
881 2251 911 2282 6.
939 2251 1021 2281 Silla
1038 2250 1070 2281 li.
1090 2248 1110 2280 l.
1138 2250 1162 2280 E
1181 2250 1268 2280 teste
1295 2247 1476 2279 Freundio.
1499 2265 1534 2270 —-
1560 2249 1672 2279 celeris
1694 2249 1790 2280 rebus
1811 2247 1852 2279 T:
1882 2248 1995 2278 ceteris

240 2310 320 2349 (om.
338 2306 441 2343 rebus)
467 2306 489 2335 R
504 2304 529 2335 A
544 2305 567 2335 L
582 2302 602 2336 ἓ
617 2303 653 2334 O.
683 2320 717 2324 —-
744 2303 774 2333 7.
801 2310 895 2332 suum
918 2300 978 2341 ius]
1003 2309 1063 2331 sua
1087 2299 1153 2339 1696
1175 2299 1211 2329 T.
1250 2299 1284 2329 ln
1311 2299 1335 2329 Ε
1359 2299 1410 2329 ius
1433 2299 1709 2339 superscriptum
1733 2301 1797 2331 est.
1825 2316 1859 2320 —
1885 2306 1995 2338 perse-

239 2355 396 2399 quantur]
431 2356 465 2386 ln
492 2354 516 2385 E
540 2352 651 2384 littera
675 2362 696 2383 n
720 2352 957 2392 superscripta
983 2351 1045 2381 est.
1068 2366 1101 2370 -«
1129 2349 1158 2379 S.
1186 2348 1273 2379 omni
1298 2348 1375 2379 ET:
1402 2356 1510 2379 omnes
1533 2346 1719 2381 RALQO.
1742 2367 1775 2372 ——
1802 2349 1832 2380 9.
1850 2348 1992 2380 Dubium

239 2417 304 2441 esse
330 2406 450 2438 nemini
472 2407 614 2436 vestrum
637 2405 723 2434 certo
747 2402 822 2433 scio.
863 2400 984 2439 Quaeri
1014 2399 1180 2430 lor-danus
1207 2399 1253 2438 (in
1280 2399 1556 2436 Commentario,
1586 2397 1663 2429 coli.
1690 2398 1719 2438 g.
1746 2399 1829 2438 55.):
1861 2398 1993 2429 dubium

238 2468 302 2491 esse
326 2456 446 2488 nemini
469 2457 614 2486 uestrum
636 2456 733 2484 cerlo.
767 2451 887 2491 Quaeri
911 2451 953 2487 T;
987 2449 1118 2480 dubium
1150 2457 1214 2480 esse
1242 2448 1362 2479 nemini
1392 2447 1562 2478 restrum?
1597 2447 1690 2479 Certo
1713 2449 1828 2487 quaeri
1852 2448 1893 2484 132
1929 2449 1992 2479 du-

239 2509 326 2540 bium
348 2505 469 2537 nemini
492 2504 636 2544 (memini
660 2511 700 2543 p,
724 2510 832 2533 meum
854 2501 888 2531 m*
911 2509 946 2531 m
961 2509 982 2539 q
996 2502 1029 2537 t,
1055 2508 1163 2530 meum
1186 2499 1247 2529 nisi
1271 2498 1303 2537 a)
1326 2501 1471 2529 uestrum
1487 2501 1573 2528 certe
1590 2497 1708 2538 (cellae
1722 2498 1753 2536 k)
1772 2497 1886 2537 quaeri
1904 2497 1927 2528 R
1942 2498 1988 2534 A3

239 2558 371 2590 dubium
399 2554 520 2586 nemini
550 2556 694 2584 uestrum
718 2554 772 2583 est.
811 2552 901 2582 Certe
924 2549 1038 2589 quaeri
1063 2557 1143 2579 eum
1168 2547 1286 2580 Aldina
1313 2547 1369 2580 1,ss
1385 2548 1421 2578 0.
1454 2547 1599 2588 (dubium
1622 2547 1741 2577 mmzini
1763 2550 1904 2578 vestrum
1928 2554 1993 2577 esse

237 2608 344 2640 credo.
384 2603 505 2644 Quaeri
529 2601 756 2640 Garatonius.)
784 2618 817 2621 —
850 2600 900 2631 413.
927 2599 1000 2638 sint]
1024 2601 1097 2629 suat
1120 2598 1156 2629 T.
1185 2615 1219 2619 ἡ
1255 2596 1306 2628 44.
1332 2597 1453 2628 mulcta
1469 2614 1486 2619 -
1503 2597 1690 2627 —mzilclam
1714 2598 1752 2628 Α.
1782 2615 1815 2619 -
1841 2595 1990 2636 mullum]

236 2657 344 2689 ‘inulta
359 2656 395 2687 T.
415 2672 449 2676 —
468 2652 660 2690 voluissent,
684 2659 818 2681 mamre
841 2658 903 2681 uos
921 2659 926 2679 :
953 2649 1127 2679 uoluissent
1151 2651 1218 2678 lam
1234 2655 1273 2678 η6
1289 2657 1325 2678 re
1341 2648 1383 2680 T}
1409 2647 1581 2678 voluissent
1605 2650 1714 2678 lamen
1738 2644 1786 2686 (tn
1806 2646 1842 2684 E)
1859 2654 1992 2677 vennere

238 2709 263 2739 R
289 2705 446 2746 (excepto
470 2702 500 2741 k)
526 2703 551 2733 A
567 2700 642 2738 L&
668 2700 839 2731 voluissent
863 2703 930 2730 lum
954 2707 1085 2729 manere
1109 2698 1128 2728 k
1155 2699 1188 2728 et
1212 2705 1290 2728 cum
1314 2695 1431 2727 Aldina
1459 2698 1493 2727 O.
1517 2714 1550 2717 —
1580 2697 1630 2727 45.
1653 2695 1840 2735 potuissent]
1863 2695 1991 2726 ualuis-

237 2760 306 2788 sent
328 2756 366 2791 k;
391 2752 567 2784 uoluissent
589 2761 630 2786 ας
658 2750 796 2781 uoluisse
821 2750 843 2780 R
871 2749 943 2788 (nisi
969 2747 1062 2787 quod
1087 2747 1228 2778 ualuisse
1252 2755 1322 2778 sec.
1343 2755 1388 2777 m.
1410 2746 1462 2786 l›);
1487 2747 1627 2785 potuisse
1650 2748 1687 2777 A.
1714 2745 1901 2786 (potuissent
1925 2745 1990 2785 pri-

238 2814 336 2838 mum
361 2803 540 2843 comparet
564 2801 597 2832 iu
621 2801 833 2832 Ascensiana
858 2808 887 2829 a.
916 2798 1024 2838 4522.)
1051 2816 1084 2820 —
1114 2799 1164 2829 46.
1191 2798 1276 2829 dedit
1299 2796 1326 2829 Ἣ
1353 2798 1502 2837 (praeter
1518 2798 1546 2828 M
1562 2797 1590 2836 k)
1616 2799 1661 2833 Α;
1688 2796 1758 2827 decli
1776 2796 1823 2832 M;
1851 2795 1935 2825 dedit
1953 2795 1986 2825 1..

238 2853 470 2887 Emendatum
495 2851 548 2881 est
571 2851 603 2881 in
629 2850 774 2881 Iuntina.
803 2867 837 2870 ψ
864 2849 973 2879 uendit
999 2850 1032 2879 L.
1063 2866 1096 2870 —
1126 2848 1175 2878 17.
1201 2847 1325 2887 civitas]
1352 2848 1483 2878 circitello
1509 2848 1530 2877 κ]
1545 2847 1579 2878 T.
1611 2846 1659 2878 Cf.
1686 2844 1796 2877 simile
1822 2844 1986 2876 mendum

240 2906 269 2943 ξ.
296 2904 348 2935 97.
376 2921 411 2925 —
438 2901 565 2932 deditur
589 2908 670 2931 nos:
708 2899 892 2929 (leirmlizur
923 2898 947 2929 13
962 2898 984 2928 T
1000 2898 1029 2929 M
1044 2907 1061 2928 a
1076 2897 1097 2927 h
1113 2906 1132 2937 p
1148 2906 1168 2937 q
1184 2896 1248 2935 ίβς
1287 2898 1471 2927 detruditur
1502 2897 1525 2927 G
1541 2905 1558 2927 e
1572 2896 1591 2927 k
1608 2905 1640 2927 iu
1656 2906 1696 2932 α;
1733 2895 1920 2926 relrodalm·
1943 2896 1965 2925 Α
1980 2903 1985 2929 ;

239 2954 382 2985 traditur
411 2959 492 2982 eum
521 2948 640 2981 Aldina
671 2948 727 2981 [Ε
744 2950 780 2979 O.
818 2947 980 2980 Mentlum
1014 2947 1224 2988 optimorum
1256 2946 1415 2977 codicum
1441 2948 1553 2977 ortum
1578 2945 1714 2976 videtur
1737 2954 1755 2975 e
1779 2943 1987 2984 glossemate

238 3001 383 3077 iiaaurur‚
419 3037 508 3069 sicut
537 3044 570 3076 p.
597 3034 719 3066 Milone
750 3034 780 3073 g.
807 3034 859 3065 38.
886 3034 1130 3074 adcoqnom'sset
1162 3033 1193 3064 in
1219 3033 1243 3063 E
1267 3035 1381 3064 ortum
1407 3035 1458 3064 est
1483 3043 1523 3063 ex
1547 2999 1761 3072 ‹ig-‹mouissea
1791 3048 1825 3052 —
1863 3030 1914 3062 48.
1942 3033 1987 3061 est

238 3090 360 3131 eorum]
385 3091 414 3120 et
437 3094 549 3119 eorum
573 3085 596 3116 1⁴1
608 3086 632 3116 T
647 3086 672 3115 G
686 3085 735 3121 213
759 3086 795 3125 fit
818 3093 929 3115 eorum
945 3084 1019 3114 k.—
1045 3087 1081 3114 ut
1097 3083 1286 3114 Mancinum
1303 3084 1340 3119 k,
1368 3083 1512 3121 Iuntina,
1538 3083 1560 3113 L
1577 3083 1595 3115 8
1611 3082 1654 3112 0:
1680 3084 1716 3111 uc
1737 3080 1894 3119 mancipii
1917 3087 1983 3114 ae:

238 3139 380 3179 mancipi
399 3139 478 3179 (om.
495 3138 541 3177 ut)
560 3138 582 3167 R
598 3137 635 3168 A.
656 3153 690 3158 -—
719 3136 769 3166 49.
789 3136 903 3167 relinet
926 3136 949 3166 1⁴]
962 3136 987 3166 T
1000 3136 1019 3166 k
1037 3138 1071 3166 et
1089 3134 1139 3166 Li„¹
1151 3136 1193 3165 0:
1219 3133 1355 3165 retinent
1377 3133 1398 3163 li
1413 3134 1450 3163 A.
1469 3149 1503 3154 —-
1530 3132 1692 3171 initiarum
1709 3130 1786 3161 T.——
1805 3130 1857 3160 20.
1874 3129 1984 3160 vendit

239 3191 274 3221 L.
296 3207 330 3211 —-
356 3189 409 3220 “Zst.
426 3187 570 3220 uendidit
594 3188 617 3216 G
644 3188 678 3217 et
695 3184 726 3219 [².
744 3203 778 3206 —
805 3186 858 3217 ⁶2¹2.
884 3185 967 3225 eum]
992 3189 1060 3216 tum
1084 3185 1108 3215 E
1122 3185 1158 3215 T.
1179 3199 1214 3205 ——
1240 3183 1292 3214 23.
1318 3183 1352 3212 in
1375 3190 1504 3212 censum
1519 3182 1552 3215 Q.
1570 3198 1603 3202 ——
1630 3179 1775 3210 uendidit
1799 3179 1828 3209 k.
1852 3196 1885 3200 -
1913 3186 1986 3208 cum

239 3239 267 3268 ei
292 3238 327 3277 (ii
349 3236 375 3276 β
398 3239 432 3269 et
456 3239 479 3269 A
495 3237 535 3277 L)
572 3237 626 3275 qui
649 3253 666 3258 -
682 3253 701 3259 —-
721 3236 853 3276 fuerunt
881 3235 998 3276 (fuerit
1022 3243 1073 3275 pr.
1100 3243 1134 3271 e,
1165 3234 1287 3273 fuerin!
1312 3239 1399 3262 corr.
1427 3232 1476 3269 e),
1503 3240 1598 3263 censu
1621 3229 1795 3260 liberentur
1819 3228 1984 3267 (liberetur

240 3297 291 3328 pr.
318 3288 346 3326 e)
371 3286 398 3319 ⁸21
413 3289 436 3319 A
452 3288 493 3319 L:
531 3295 604 3318 cum
627 3286 673 3323 is.
710 3287 764 3325 qui
781 3285 953 3325 --fueric,
988 3293 1086 3316 censu
1113 3283 1266 3314 liberetur
1293 3289 1372 3312 cum
1404 3280 1482 3312 edd.
1509 3280 1648 3313 Venetis
1678 3277 1924 3318 antiquissimis
1949 3276 1982 3307 et

241 3337 375 3369 Iuntina
399 3336 419 3371 ξ’
435 3338 471 3370 0.
499 3354 534 3359 —-
567 3336 620 3369 25.
647 3336 881 3368 abiudicavisse
903 3335 928 3367 E
942 3334 989 3366 T:
1020 3334 1222 3366 abiudieasso
1243 3333 1308 3365 RA
1323 3332 1345 3363 L
1359 3330 1378 3365 ἕ
1394 3331 1430 3363 Ο.
