2143 3713
718 248 812 289 ομ».
843 249 1018 290 1v—v.
1058 247 1130 302 §§.
1161 246 1331 288 9—‹15.
1812 234 1892 277 649

158 364 537 409 mansuetudinem,
577 365 829 401 commutare
860 361 1119 415 disciplinam
1150 364 1320 400 conatus
1351 362 1422 399 es?
1458 359 1643 412 Namque
1674 359 1776 398 haec
1809 361 1892 401 tua,

157 439 261 478 quae
292 431 330 465 te
360 426 567 464 bominem
597 423 839 462 clementem
870 423 1191 476 popularemque
1216 421 1439 467 delectant,
1471 435 1483 460 1
1515 434 1682 468 moron,
1715 430 1888 460 comAGA

156 501 308 534 imsvs,
347 501 428 526 non
467 485 587 525 modo
625 485 748 524 huius
789 485 989 524 libertatis
1022 483 1433 535 mansuetudinisque
1464 496 1545 521 non
1577 489 1692 530 sunt,
1733 481 1805 521 sed
1837 494 1888 520 ne

156 549 318 588 Romuli
349 548 513 602 quidem
543 551 614 586 aut
644 547 799 585 Numae
821 547 1031 599 Pompilii:
1063 545 1298 599 Tarquinii,
1329 544 1613 597 superbissimi
1644 550 1769 597 atque
1800 556 1891 583 cru-

155 611 352 650 delissimi
392 609 519 661 regis,
560 608 636 647 ista
675 613 770 646 sunt
808 609 1013 648 cruciatus
1055 608 1256 654 carmina,
1306 619 1412 659 quae
1453 612 1515 652 tu,
1557 607 1679 646 homo
1710 606 1813 645 lenis
1845 618 1892 644 ac

155 672 385 725 popularis,
425 669 692 709 libentissime
733 683 1052 709 commemoras:
1098 670 1234 709 CArv'r
1269 681 1490 715 οΒΝνΒιτο,
1531 682 1681 709 Aunom
1712 680 1892 709 lsrssuci

154 746 394 773 svsrssxniro
416 762 424 771 .
447 762 455 771 .
479 761 488 770 .
548 731 665 778 Quae
696 732 841 778 verba,
875 732 1074 779 Quirites,
1106 732 1185 770 iam
1218 731 1375 783 pridem
1399 731 1440 769 in
1462 730 1538 769 hac
1559 744 1602 769 re
1623 730 1785 783 publica
1807 742 1891 769 non

153 796 283 835 solum
324 794 503 835 tenebris
549 795 789 840 vetustatis,
833 807 974 833 verum
1018 793 1139 832 ctiam
1185 793 1276 832 luce
1315 792 1515 831 libertatis
1555 805 1753 845 oppressa
1784 796 1889 831 sunt.

154 859 198 897 V.
238 855 294 896 tt.
325 858 387 896 An
417 868 534 902 vero,
577 855 609 894 si
647 857 752 894 actio
783 856 860 895 ista
889 854 1102 908 popularis
1133 859 1242 893 esset
1273 860 1311 893 et
1343 855 1376 893 si
1406 854 1531 893 ullam
1562 860 1718 907 partem
1749 852 1892 906 aequi-

153 920 245 959 tatis
275 919 445 959 haberet
474 922 544 956 aut
573 917 695 964 iuris,
729 918 770 955 ll.
794 917 1002 956 Gracchus
1024 930 1111 956 eam
1144 916 1407 970 reliquisset?
1440 917 1607 956 Scilicet
1636 916 1708 955 tibi
1730 915 1942 968 gravio-⁴0

151 995 234 1021 rem
274 980 459 1020 dolorem
501 980 636 1031 patrui
676 980 732 1018 tui
773 992 880 1018 mors
921 979 1057 1018 attulit
1095 991 1216 1032 quam
1262 978 1303 1017 C.
1337 978 1520 1018 Graccho
1549 978 1708 1026 fratris,
1748 983 1788 1017 et
1819 976 1894 1016 tihi

150 1043 334 1083 acerbior
372 1041 460 1080 eius
498 1041 631 1093 patrui
673 1054 782 1079 mors
823 1046 904 1087 est,
947 1055 1070 1094 quem
1102 1054 1324 1093 numquam
1358 1041 1517 1088 vidisti,
1559 1053 1682 1094 quam
1713 1040 1771 1080 illi
1803 1039 1895 1079 eius

149 1105 303 1151 fratris,
335 1104 499 1158 quicum
531 1102 852 1142 concordissime
881 1103 1061 1142 vixerat:
1094 1108 1135 1142 et
1165 1102 1310 1142 similis
1333 1103 1409 1142 viri
1441 1108 1484 1142 tu
1515 1102 1726 1142 ulcisceris
1756 1101 1892 1155 patrui

150 1172 341 1213 mortem,
373 1170 497 1217 atque
528 1164 597 1203 ille
628 1170 949 1217 persequeretur
977 1164 1136 1211 fratris,
1169 1165 1201 1203 si
1234 1164 1312 1203 ista
1342 1165 1502 1204 ratione
1533 1178 1653 1217 agere
1673 1164 1891 1204 voluisset:

149 1234 189 1268 et
227 1242 300 1281 par
339 1226 587 1267 desiderium
628 1227 691 1265 sui
733 1227 899 1279 reliquit
929 1227 1036 1279 apud
1069 1226 1268 1280 populum
1300 1227 1531 1266 Romanum
1562 1226 1770 1266 Labienus
1799 1226 1940 1272 iste,l5

146 1296 314 1342 patruus
345 1294 498 1335 vester,
530 1288 722 1341 quisquis
752 1288 848 1335 fuit,
880 1302 926 1327 ac
959 1289 1018 1327 Ti.
1042 1288 1250 1327 Gracchus
1283 1288 1540 1341 reliquerat?
1585 1290 1646 1327 An
1668 1289 1801 1341 pietas
1822 1293 1893 1327 tua

147 1353 276 1391 maior
307 1365 427 1404 quam
451 1349 652 1389 Gracchi?
683 1363 735 1389 an
756 1351 948 1389 animus?
979 1363 1030 1389 an
1053 1350 1301 1389 consilium?
1332 1362 1384 1389 an
1407 1351 1536 1403 opes?
1567 1364 1616 1390 an
1639 1349 1893 1389 auctoritas?

145 1427 195 1452 an
230 1411 498 1465 eloquentia?
540 1425 646 1465 quae
678 1412 711 1451 si
743 1413 784 1451 in
815 1412 888 1452 illo
920 1411 1089 1452 minima
1119 1411 1315 1459 fuissent,
1353 1417 1491 1451 tamen
1523 1425 1621 1464 prae
1653 1413 1733 1452 tuis
1762 1411 1892 1451 facul-

149 1473 299 1514 tatibus
331 1473 511 1513 maxima
548 1479 804 1527 putarentur.
865 1471 930 1514 lis.
964 1474 1064 1514 Cum
1095 1487 1192 1514 vero
1223 1474 1287 1513 his
1316 1474 1439 1514 rebus
1470 1474 1662 1514 omnibus
1694 1474 1736 1513 C.
1768 1474 1891 1513 Grac-

144 1536 245 1576 chus
289 1548 432 1575 omnes
471 1536 636 1583 vicerit,
677 1542 879 1589 quantum
919 1537 1179 1577 intervallum
1220 1536 1384 1576 tandem
1414 1537 1522 1576 inter
1552 1542 1590 1576 te
1620 1542 1744 1589 atque
1774 1536 1889 1575 illum
1905 1543 1940 1571 20

143 1597 402 1637 interiectum
448 1611 538 1637 esse
575 1600 725 1651 putas?
776 1598 855 1638 Sed
897 1604 1125 1638 moreretur
1159 1599 1274 1651 prius
1305 1599 1568 1638 acerbissima
1598 1604 1727 1639 morte
1757 1598 1893 1637 milies

143 1660 186 1699 C.
218 1659 446 1706 Gracchus,
479 1673 601 1713 quam
623 1661 664 1699 in
687 1661 776 1700 eius
799 1661 992 1700 contione
1015 1660 1200 1700 carnifex
1221 1661 1485 1701 consisteret:
1517 1674 1640 1714 quem
1662 1674 1746 1701 non
1766 1661 1893 1700 modo

143 1722 254 1768 foro,
297 1721 368 1760 sed
412 1722 533 1760 etiam
567 1722 680 1761 caelo
711 1722 790 1762 hoc
821 1735 866 1761 ac
899 1722 1045 1775 spiritu
1077 1723 1289 1762 censoriae
1320 1723 1431 1775 leges
1463 1728 1588 1777 atque
1617 1723 1730 1763 urbis
1762 1722 1892 1763 domi-

142 1783 235 1823 cilio
278 1795 417 1822 carere
459 1783 694 1822 voluerunt.
752 1784 828 1823 Hic
860 1798 902 1824 se
934 1784 1178 1837 popularem
1209 1785 1346 1824 dicere
1376 1784 1522 1832 audet,
1560 1799 1625 1825 me
1655 1786 1835 1826 alienum
1867 1798 1890 1824 a

143 1845 368 1884 commodis
399 1846 568 1885 vestris:
607 1859 699 1885 cum
730 1846 807 1885 iste
839 1860 983 1886 omnes
1015 1852 1055 1886 et
1085 1847 1385 1899 suppliciorum
1417 1852 1456 1886 et
1486 1847 1702 1887 verborum
1733 1847 1890 1887 acerbi·
1903 1855 1938 1883 95

142 1912 243 1946 tates
275 1920 357 1947 non
389 1920 440 1946 ex
470 1908 667 1947 memoria
697 1913 833 1948 vestra
854 1921 900 1948 ac
922 1913 1084 1961 patrum
1106 1914 1348 1956 vestrorum,
1381 1909 1454 1949 sed
1485 1923 1536 1949 ex
1561 1908 1770 1949 annalium
1802 1922 1889 1947 mo-

1923 608 1941 636 5

226 2062 255 2091 st.
282 2069 422 2100 namque
445 2061 512 2092 mei
538 2063 677 2101 practer
700 2062 739 2098 k,
767 2063 823 2102 qui
848 2061 952 2093 babet
971 2071 1065 2099 nam,
1093 2062 1170 2093 fort.
1190 2063 1335 2099 rectius;
1363 2071 1503 2101 namque
1521 2063 1600 2094 haec
1616 2066 1673 2094 lua
1690 2067 1782 2094 sunl:
1810 2063 1889 2094 haec

139 2113 167 2140 le
190 2111 348 2141 hominem
373 2112 406 2142 L.
447 2129 480 2132 —-
519 2110 548 2141 3.
579 2120 641 2141 mm
674 2111 767 2141 mollo
797 2111 851 2142 cd.
885 2113 1037 2142 Iuntina:
1075 2120 1159 2150 quae
1188 2122 1250 2143 non
1281 2112 1375 2143 modo
1400 2112 1501 2143 codd.
1528 2113 1563 2143 L.
1600 2113 1724 2144 Ravius
1748 2113 1781 2144 in
1808 2113 1885 2143 l'ar.

139 2160 235 2190 Lecll.
262 2161 285 2191 l.
313 2169 345 2200 1¹.
372 2160 424 2191 151.
451 2159 564 2191 locum
590 2161 638 2191 sic
663 2162 858 2192 constituit:
884 2162 969 2192 Nam
996 2171 1078 2200 qnae
1101 2162 1178 2192 haec
1202 2166 1257 2192 lua
1284 2171 1366 2200 quae
1389 2166 1418 2193 le
1443 2187 1449 2192 .
1472 2186 1479 2193 .
1501 2188 1506 2192 .
1534 2163 1714 2194 delectant?
1732 2180 1766 2184 ——
1792 2164 1810 2194 I
1829 2164 1887 2194 LI—

139 2209 255 2247 (''I'()ll,
283 2208 456 2240 COLLIGA
482 2210 637 2240 MANV&
667 2228 700 2231 —
731 2213 821 2250 Quae
844 2220 907 2242 ηοη
929 2212 1024 2242 modo
1047 2212 1141 2241 huius
1164 2211 1321 2241 libcrlalis
1345 2220 1385 2242 m.
1411 2221 1474 2242 non
1498 2216 1590 2250 sunl,
1619 2213 1672 2243 sed
1695 2221 1734 2243 ne
1759 2214 1793 2243 lt.
1813 2213 1888 2251 qui-

138 2259 209 2288 clcm
232 2261 289 2288 aut
312 2258 353 2289 N.
378 2259 543 2298 Pompilii,-
587 2260 754 2299 Tarquinii
780 2285 786 2291 .
808 2284 814 2291 .
837 2286 842 2291 .
868 2262 932 2292 *isla
953 2265 1026 2292 sunl
1048 2261 1213 2291 crzlcialus
1235 2261 1397 2291 carmina.
1425 2262 1515 2300 Quae
1537 2265 1572 2292 lu
1599 2285 1604 2291 .
1627 2287 1633 2292 .
1654 2285 1662 2292 .
1687 2262 1890 2293 libentissime

140 2307 398 2338 commemoras?
416 2325 449 2329 —
471 2310 600 2340 0er
622 2310 847 2349 (JBNI'BITOJ
873 2311 1028 2342 Alfflom
1047 2311 1234 2342 INFELICI
1254 2311 1525 2342 SI'SPENDITO.
1544 2328 1577 2332 —
1600 2312 1689 2351 Quae
1702 2311 1803 2343 verba
1820 2314 1886 2343 cet.

137 2358 282 2387 Secutus
307 2358 357 2387 est
383 2356 527 2388 Orcllius
553 2358 583 2389 in
609 2359 663 2389 ed.
690 2360 734 2392 2..
762 2360 823 2391 sed
849 2369 891 2391 ne
916 2361 964 2391 sic
989 2360 1131 2400 quidem
1156 2358 1251 2391 locus
1275 2361 1454 2391 restitutus
1478 2360 1630 2392 videtur.
1650 2377 1682 2383 —
1704 2360 1733 2392 4.
1753 2362 1888 2400 Pompili

137 2404 328 2445 egilmn.
359 2424 393 2428 —-
422 2406 578 2444 Tarquini
605 2409 670 2438 mei
696 2411 835 2448 praeter
858 2409 913 2440 Sb
929 2410 981 2441 ef.
1004 2428 1038 2432 -
1066 2411 1096 2440 5.
1123 2410 1185 2441 isla
1208 2409 1330 2449 Ssgl:
1357 2411 1404 2441 ila
1429 2410 1531 2442 codd.
1550 2410 1622 2442 rell.
1643 2428 1678 2433 —
1705 2411 1734 2442 7.
1754 2420 1888 2451 suspen-

135 2455 256 2485 ‹limino
281 2464 331 2490 [ης
359 2456 541 2494 suspendilo
564 2457 652 2486 mino
677 2457 775 2489 ilm:
812 2460 842 2489 in
875 2458 1002 2499 aliquot
1035 2459 1137 2490 codd.
1164 2462 1241 2500 post
1268 2461 1451 2498 suspendilo
1475 2463 1527 2492 est
1550 2462 1699 2502 spadum
1723 2470 1885 2498 vacuum,

136 2506 169 2534 ut
196 2504 226 2535 in
252 2503 305 2534 ab
322 2504 428 2541 edh,
455 2504 590 2543 Ambr.,
617 2502 721 2538 (lion.
743 2508 766 2537 (Ι
793 2509 826 2538 ct
850 2508 882 2538 S.
920 2507 1042 2539 Orellio
1068 2509 1110 2547 ¹22)
1134 2509 1303 2540 ¹cci-beredo
1329 2518 1367 2540 ex
1394 2509 1538 2542 formula
1565 2511 1701 2542 Lix‘iana
1727 2510 1889 2551 supplen-

135 2554 219 2585 dum
238 2553 386 2585 videtur.
409 2572 442 2576 -—
470 2563 554 2593 quae
576 2555 673 2586 rerba
693 2565 760 2587 cm.
781 2557 816 2587 T.
839 2573 872 2578 -
901 2557 931 2588 8.
958 2560 1035 2597 post
1057 2562 1130 2588 smil
1155 2561 1205 2589 est
1230 2559 1261 2589 in
1288 2558 1343 2589 Sb
1358 2559 1411 2590 cd
1426 2560 1511 2599 egli
1537 2561 1673 2600 signum
1689 2561 1735 2597 K,
1761 2563 1793 2591 et
1810 2559 1886 2591 loco

137 2604 210 2635 cius
226 2605 250 2634 R
269 2603 300 2634 in
318 2612 335 2633 a
355 2605 389 2634 et.
406 2613 459 2641 ως
487 2604 529 2635 cs.
545 2604 586 2635 ad
607 2614 640 2645 p.
661 2605 733 2636 646.
753 2615 784 2636 v.
804 2606 856 2637 ⁶29.
875 2625 917 2629 —
934 2609 984 2638 42.
1003 2608 1070 2638 eius
1086 2616 1154 2638 om.
1174 2609 1198 2639 T
1214 2609 1247 2639 L.
1268 2626 1303 2630 —
1325 2609 1375 2640 43.
1402 2610 1515 2640 similis
1529 2611 1592 2640 riri
1609 2610 1766 2641 codices:
1792 2609 1889 2640 simili

136 2654 204 2684 iure
228 2654 391 2690 Beckius;
419 2663 482 2693 ego
500 2654 637 2685 malim:
664 2656 760 2686 simili
784 2657 824 2686 ri.
847 2674 880 2678 —
910 2655 959 2688 'l·'1-.
987 2657 1038 2687 ille
1060 2658 1086 2688 si
1105 2662 1356 2697 persequerelzlr
1380 2660 1482 2690 codd.
1502 2661 1590 2698 mei,
1616 2666 1698 2699 χψ.
1721 2678 1750 2683 -
1773 2660 1889 2700 fralris

132 2703 159 2733 si
183 2703 382 2734 Schiitzius:
416 2705 532 2743 fralris
554 2706 603 2735 sui
629 2706 666 2741 S,
700 2705 802 2736 codd.
830 2707 930 2746 Lagg.
958 2708 991 2737 ct
1016 2707 1167 2742 Oxonn.;
1197 2709 1312 2747 fratris
1335 2710 1384 2739 sui
1408 2710 1434 2740 si
1458 2710 1537 2747 LO,
1569 2710 1631 2741 sed
1655 2710 1710 2741 hic
1735 2709 1820 2750 [sm]
1849 2725 1882 2730 —

133 2753 282 2783 noluisset
306 2752 407 2785 codd.
435 2754 503 2784 mei
534 2757 567 2785 et
601 2755 623 2785 C
639 2756 708 2792 Ξχ.
738 2773 770 2777 —
811 2756 856 2786 16.
880 2759 1021 2795 patruus
1044 2757 1155 2797 cester]
1188 2759 1375 2798 «Suspecta
1400 2758 1486 2789 haec
1510 2759 1667 2790 Ernestio
1692 2762 1724 2791 et
1748 2759 1884 2791 Beckio.

132 2801 198 2833 Sed
223 2803 336 2841 ipsum
361 2811 394 2832 v.
419 2807 523 2835 vesler
547 2805 577 2843 («
595 2813 698 2844 quem
725 2807 760 2835 tu
786 2806 905 2845 tuique
930 2814 1071 2846 semper
1095 2808 1292 2847 crepidis»,
1320 2807 1451 2838 dictum
1476 2816 1542 2838 non
1567 2809 1640 2839 sine
1667 2810 1886 2849 contemptu)

131 2852 243 2891 arguit
265 2860 389 2883 verum
414 2861 492 2884 esse
516 2862 581 2885 nec
605 2854 648 2885 ab
673 2854 919 2895 interpolatore
944 2856 1157 2895 profectum.
1190 2856 1245 2895 qui
1271 2857 1383 2896 potius
1409 2857 1615 2889 inculcasset
1637 2862 1777 2898 palruzls
1800 2863 1884 2889 mus.

130 2901 219 2932 lnsra
245 2901 275 2941 S.
302 2901 355 2932 ⁶23.
382 2902 487 2933 item:
513 2907 616 2934 resler
637 2908 794 2943 palrzczls,
834 2904 891 2935 ubi
918 2914 1038 2936 rursus
1061 2906 1173 2936 haesit
1198 2906 1411 2937 Schtitzius.»
1438 2907 1494 2937 On.
1514 2907 1543 2938 Ξ.
1573 2925 1608 2929 -
1635 2916 1674 2938 ac
1697 2908 1883 2938 Manutius:

132 2954 161 2982 el
185 2951 286 2981 codd.
315 2969 349 2972 —
377 2952 429 2982 20.
457 2953 560 2983 omnis
581 2954 694 2984 vicerit
719 2955 786 2985 mei
813 2956 950 2995 praeter
974 2955 994 2986 s.
1018 2973 1049 2977 —
1079 2956 1131 2986 ⁴211.
1159 2964 1222 2986 csse
1247 2954 1295 2986 fl:
1323 2959 1366 2986 est
1390 2957 1450 2986 in:
1480 2965 1545 2987 csse
1568 2965 1636 2987 om.
1655 2957 1723 2988 mei
1748 2956 1882 2996 reliqui.

133 3001 155 3031 L
169 3001 206 3031 O.
241 3019 274 3023 -
308 3002 404 3040 prius
433 3010 502 3033 om.
537 3003 614 3033 cod.
647 3004 812 3034 Torrentii
845 3006 878 3034 et
909 3003 1012 3034 babet
1042 3006 1119 3044 post
1149 3005 1263 3035 milies.
1301 3007 1350 3035 An
1370 3006 1508 3044 polius?
1534 3024 1568 3028 —
1603 3006 1706 3037 milies
1729 3007 1750 3037 S
1774 3015 1883 3037 corr.:

130 3050 219 3081 miles
241 3051 262 3081 S
286 3059 331 3082 n).
359 3060 411 3091 pr.
439 3053 473 3082 ct
497 3060 534 3091 (ἐς
561 3053 593 3082 in
618 3053 683 3083 (lies
707 3054 736 3091 lg
765 3053 816 3083 ille
838 3053 922 3084 enim
947 3053 992 3083 illi
1015 3054 1053 3084 k:
1080 3054 1126 3084 illi
1151 3063 1181 3084 es
1196 3053 1250 3085 vel
1268 3054 1347 3084 illics
1370 3055 1389 3085 4
1407 3055 1553 3092 Oxonn.,
1572 3054 1644 3086 rell.
1666 3056 1784 3094 Lagga
1810 3055 1886 3085 mil-

131 3099 186 3130 lies
209 3100 283 3131 [Ο.
312 3117 346 3122 -
385 3101 436 3132 ⁶2³2.
465 3102 497 3132 C.
526 3101 662 3141 addidi,
689 3112 769 3134 cum
795 3103 895 3133 codd.
925 3104 992 3133 mei
1018 3105 1168 3143 :praeter
1191 3104 1221 3143 k)
1248 3105 1282 3134 et
1305 3104 1322 3135 3
1348 3105 1477 3136 Oxonn.
1501 3106 1594 3144 prius
1617 3107 1695 3136 ante
1721 3105 1886 3136 Gracchus

131 3149 255 3180 iterum
278 3150 449 3189 habeant,
477 3160 568 3192 quae
591 3161 657 3183 vox
682 3162 723 3184 ex
747 3154 845 3194 yaius
869 3154 1029 3193 corrupta
1054 3153 1202 3184 videtur.
1232 3171 1267 3175 —
1294 3153 1346 3184 b23.
1375 3153 1437 3185 «al.
1458 3154 1517 3185 hoc
1538 3155 1646 3186 caelo»
1671 3163 1740 3195 mg.
1760 3154 1879 3186 Lamb.

132 3196 226 3229 ⁴584.
246 3215 281 3220 —
299 3199 352 3231 ⁶25.
379 3201 482 3232 omnis
506 3201 574 3232 mei
598 3204 738 3242 praeter
761 3212 794 3234 n.
818 3221 851 3225 —
870 3202 1039 3233 verberum
1056 3201 1074 3233 4-
1093 3203 1238 3241 Oxonn.⁷
1258 3204 1326 3234 mei
1347 3206 1488 3244 praeter
1503 3205 1524 3236 d
1538 3206 1546 3236 i
1560 3205 1580 3236 k
1595 3204 1601 3236 Ι
1617 3215 1650 3236 n.
1677 3205 1880 3243 «verborum,

131 3246 151 3276 i.
179 3255 208 3277 e.
235 3247 398 3280 horrendi
423 3250 598 3282 carminis,
637 3251 763 3283 firmat
793 3253 859 3284 hoc
890 3252 1159 3290 Ambrosianus,
1197 3261 1275 3284 cum
1304 3252 1357 3284 alii
1382 3253 1531 3285 habeant
1555 3254 1739 3291 verberum.
1777 3263 1882 3295 quam

131 3296 307 3378 notiolqerpd
323 3298 544 3339 amplectitur
559 3300 627 3331 iam
644 3309 677 3331 v.
700 3303 965 3342 suppliciorum.»
985 3302 1042 3333 On.
1057 3302 1088 3332 ⁶2.
1104 3320 1138 3324 -
1158 3303 1210 3334 ⁶26.
1228 3306 1409 3334 vestrorum
1433 3304 1454 3334 S
1468 3312 1485 3334 e
1499 3304 1529 3335 s:
1555 3307 1696 3335 ceslrum
1712 3303 1731 3336 4
1748 3304 1877 3336 Oxonn.

130 3346 163 3376 et
186 3353 222 3377 re
251 3370 258 3377 .
310 3356 385 3388 agg.
