2127 3708
572 223 667 264 CAP.
696 222 1040 263 xxxix-xi..
1078 220 1153 276 §§.
1184 218 1434 263 tle-118.
1649 259 1652 263 .
1819 220 1863 263 61¹

130 336 231 391 quid
259 338 303 377 in
331 350 418 377 rem
449 347 565 376 suam
595 336 819 383 convertit,
857 334 929 375 sed
959 334 1070 375 hunc
1100 334 1286 374 funditus
1318 334 1465 374 evertit
1492 334 1633 382 bonis,
1674 336 1763 388 ipse
1793 336 1873 375 tria

127 398 298 452 praedia
328 399 405 439 sihi
434 398 633 451 depectus
655 403 736 445 est,
767 397 1024 437 Voluntatem
1047 397 1318 437 decurionum
1340 409 1387 436 ac
1408 397 1665 449 municipum
1687 397 1871 437 omnium

129 461 328 501 tantidem
359 461 501 514 quanti
532 457 654 499 fidem
685 473 801 499 suam
832 459 942 499 fecit.

238 524 323 562 XL.
354 519 446 562 4216.
478 522 624 561 Videte
646 522 725 561 iam
748 536 873 574 porro
896 528 1050 569 cetera,
1081 522 1260 570 iudices,
1293 528 1337 562 ut
1363 521 1605 574 intelligatis
1626 520 1871 561 maleficium

126 586 285 625 nullum
315 584 412 637 fingi
442 598 587 638 posse,
621 598 704 637 quo
736 584 813 624 iste
845 598 935 624 sese
966 599 1051 624 non
1073 585 1374 624 contaminarit.
1422 585 1467 623 In
1499 583 1621 623 rebus
1644 584 1871 623 minoribus
1904 593 1922 622 5

127 647 283 687 socium
311 646 454 686 fallere
485 646 766 699 turpissimum
798 653 859 686 est
890 660 1112 700 aequeque
1144 653 1263 700 turpe
1285 653 1410 700 atque
1442 646 1567 693 illud,
1600 645 1650 685 de
1673 659 1755 699 quo
1778 652 1870 685 ante

127 709 237 749 dixi:
275 723 411 763 neque
442 709 612 755 iniuria,
654 714 875 761 propterca
907 709 1018 762 quod
1059 709 1258 748 auxilium
1291 708 1367 748 sihi
1398 721 1442 748 se
1472 713 1589 760 putat
1619 707 1872 755 adiunxisse,

127 772 197 825 qui
228 785 319 811 cum
349 771 478 811 altero
509 784 596 810 rem
632 772 960 811 communicavit.
1001 770 1063 811 Ad
1096 771 1211 809 cuius
1232 770 1355 821 igitur
1374 768 1497 809 fidem
1520 769 1749 822 confugiet,
1783 784 1874 810 cum

124 847 200 886 per
228 834 315 874 eius
343 830 468 872 fidem
499 832 698 880 laeditur,
729 833 794 872 cui
825 846 868 872 se
899 833 1182 873 commiserit?
1241 833 1377 885 Atque
1413 845 1462 872 ea
1492 838 1587 872 sunt
1617 832 1877 872 animadver-

123 895 247 935 tenda
275 900 444 948 peccata
473 895 671 941 maxime,
704 908 811 948 quae
834 893 1071 934 difficillime
1102 900 1414 947 praecaventur.
1458 894 1572 934 Tecti
1593 908 1684 935 esse
1704 895 1755 934 ad
1777 895 1926 934 alie-w

123 971 199 998 nos
229 970 470 1010 possumus3
514 957 644 997 intimi
681 957 810 996 multa
849 957 1056 1010 apertiora
1086 956 1254 996 Videant
1292 970 1463 996 necesse
1495 961 1579 996 est:
1622 956 1778 996 socium
1810 969 1876 996 ca-

122 1033 219 1060 vere
250 1020 321 1074 qui
351 1020 608 1073 possumus?
640 1032 764 1072 quem
798 1020 919 1059 etiam
942 1020 974 1059 si
995 1018 1237 1065 metuimus,
1268 1016 1476 1059 ius-officii
1498 1018 1713 1059 laedimus.
1751 1019 1876 1059 Recte

123 1082 246 1135 igitur
275 1082 451 1121 maiores
482 1094 598 1128 eum,
632 1081 702 1134 qui
734 1081 892 1120 socium
922 1080 1157 1127 fefellisset,
1189 1081 1230 1119 in
1260 1081 1443 1121 Virorum
1473 1081 1679 1121 bonorum
1700 1095 1874 1122 numero

123 1157 208 1183 nou
237 1149 434 1197 putarunt
462 1143 606 1183 haberi
636 1148 841 1196 oportere.
901 1140 994 1183 1117.
1033 1144 1086 1182 At
1122 1157 1220 1183 Vero
1260 1145 1304 1183 T.
1335 1144 1508 1184 Roscius
1540 1158 1626 1183 non
1655 1158 1785 1184 unum
1815 1142 1875 1184 rei

124 1206 386 1260 pecuniariae
430 1206 585 1246 socium
631 1204 776 1245 fefellit
826 1227 879 1234 —-
923 1206 1035 1259 quod
1077 1206 1239 1245 tametsi
1278 1220 1401 1259 grave
1440 1212 1523 1254 est,
1565 1213 1702 1246 tamen
1734 1206 1926 1260 aliquem

124 1268 245 1308 modo
276 1282 399 1322 posse
430 1268 527 1308 ferri
557 1267 719 1307 videtur
748 1289 824 1315 -—‚
856 1281 1000 1307 verum
1020 1281 1171 1307 novem
1191 1268 1381 1308 homines
1402 1269 1736 1317 honestissimos,
1768 1270 1877 1309 eius-

124 1330 218 1370 dem
247 1331 450 1378 muneris,
480 1330 717 1383 legationis,
764 1328 887 1370 officii
916 1330 1290 1384 mandatorumque
1320 1332 1454 1371 socios
1483 1331 1669 1380 induxit,
1701 1331 1876 1384 decepit,

124 1392 325 1441 destituit,
366 1392 612 1433 adversariis
652 1392 841 1440 tradidit,
887 1392 999 1433 omni
1034 1391 1181 1431 fraude
1213 1398 1251 1432 et
1290 1390 1463 1445 perfidia
1491 1393 1651 1433 fefellit.
1712 1393 1794 1442 Qui
1826 1393 1877 1433 de

123 1455 211 1495 eius
241 1455 396 1496 scelere
427 1455 629 1509 suspicari
658 1455 760 1495 nihil
790 1459 1034 1508 potuerunt,
1066 1454 1223 1494 socium
1255 1452 1378 1494 officii
1407 1461 1593 1496 metuere
1614 1468 1699 1495 non
1721 1455 1876 1495 dehue-

122 1522 236 1565 runt,
278 1517 366 1558 eius
405 1518 602 1558 malitiam
639 1531 723 1557 non
763 1517 977 1565 viderunt,
1023 1516 1200 1556 orationi
1228 1529 1360 1556 Vanae
1392 1517 1670 1558 crediderunt.
1730 1518 1875 1572 ltaque
1890 1529 1927 1558 20

122 1592 233 1619 nunc
274 1579 335 1619 illi
377 1580 565 1620 homines
608 1580 889 1620 honestissimi
926 1585 1098 1633 propter
1134 1579 1252 1619 istius
1291 1579 1461 1620 insidias
1501 1594 1649 1634 parum
1679 1586 1878 1634 putantur

125 1642 230 1682 cauti
269 1642 513 1696 providique
550 1642 702 1683 fuisse:
747 1643 849 1690 iste,
892 1643 963 1697 qui
992 1642 1106 1681 initio
1137 1641 1325 1694 proditor
1354 1641 1453 1689 fuit,
1499 1642 1649 1683 deinde
1679 1643 1875 1696 perfuga,

127 1705 197 1758 qui
237 1704 370 1757 primo
412 1698 618 1745 sociorum
656 1705 828 1745 consilia
866 1704 1111 1745 adversariis
1150 1704 1399 1752 enuntiavit,
1446 1704 1596 1745 deinde
1638 1705 1876 1746 societatem

128 1779 217 1806 cum
247 1767 346 1820 ipsis
376 1767 620 1806 adversariis
652 1767 765 1814 coiit,
802 1772 927 1807 terret
956 1766 1078 1805 etiam
1107 1779 1184 1805 nos
1215 1779 1261 1806 ac
1293 1767 1490 1815 minatur,
1520 1768 1651 1808 tribus
1681 1768 1875 1821 praediis,

126 1827 205 1868 hoc
234 1836 315 1876 est,
352 1829 544 1882 praemiis
589 1829 754 1869 sceleris
799 1835 981 1869 ornatus.
1038 1829 1086 1867 In
1127 1828 1331 1868 eiusmodi
1369 1830 1470 1877 vita,
1510 1830 1692 1879 iudices,
1732 1830 1775 1870 in
1811 1830 1875 1871 his
1890 1841 1928 1872 25

128 1894 187 1929 tot
215 1890 423 1943 tantisque
453 1887 615 1943 flagitiis
644 1890 723 1930 hoc
755 1904 924 1945 quoque
954 1887 1222 1938 maleficium,
1264 1890 1315 1930 de
1348 1905 1431 1944 quo
1461 1891 1660 1932 iudicium
1691 1899 1773 1942 est,
1812 1907 1877 1934 re-

127 1952 306 2004 perietis.
364 1949 457 1991 118.
487 1953 649 1992 Etenim
681 1966 880 2006 quaerere
910 1953 967 1993 ita
998 1951 1183 1991 debetis:
1213 1952 1284 1991 ubi
1313 1953 1444 1993 multa
1473 1966 1616 2002 avare,
1646 1956 1776 1996 multa
1805 1969 1879 1996 au-

129 2013 288 2062 dacter,
318 2014 447 2054 multa
475 2014 683 2068 improbe,
725 2015 854 2054 multa
883 2012 1105 2068 perfidiose
1133 2013 1242 2054 facta
1270 2014 1482 2064 videbitis,
1521 2016 1577 2056 ihi
1608 2017 1742 2058 scelus
1776 2031 1879 2072 quo-

129 2088 210 2129 que
249 2075 376 2116 latere
413 2076 520 2117 inter
554 2077 624 2117 illa
662 2082 722 2117 tot
751 2078 904 2130 flagitia
932 2082 1131 2130 putatote.
1191 2077 1371 2117 Tametsi
1399 2077 1480 2118 hoc
1511 2078 1679 2132 quidem
1709 2080 1878 2120 minime

126 2137 246 2185 latet,
278 2137 390 2192 quod
419 2138 475 2178 ita
503 2144 741 2192 promptum
772 2145 811 2178 et
840 2139 1100 2192 propositum
1132 2143 1215 2186 est,
1255 2145 1301 2179 ut
1341 2153 1426 2179 non
1458 2153 1510 2180 ex
1538 2141 1620 2181 illis
1650 2140 1876 2190 maleficiis,
1889 2153 1927 2184 30

126 2211 232 2253 quae
261 2200 304 2239 in
332 2199 403 2240 illo
434 2206 623 2241 constant
643 2214 756 2249 esse,
786 2201 865 2240 hoc
886 2200 1162 2253 intelligatur,
1192 2214 1337 2242 Verum
1359 2215 1412 2242 ex
1431 2202 1512 2243 hoc
1533 2203 1676 2252 etiam,
1708 2204 1742 2244 si
1763 2204 1878 2258 quod

126 2398 245 2430 contra
269 2398 405 2431 dicente
430 2399 533 2431 Ravio
556 2400 596 2431 ΙΙ.
622 2408 656 2440 p.
684 2399 772 2437 423..
799 2399 894 2440 quod
917 2399 1053 2433 adiecto
1077 2401 1217 2433 nomine
1238 2401 1367 2434 inVidia
1389 2402 1441 2434 rei
1457 2403 1575 2444 augeri
1591 2403 1770 2444 videatur,
1797 2413 1878 2438 cum

126 2456 169 2480 ne
194 2449 343 2481 nominis
367 2449 510 2490 quidem
535 2450 780 2481 communione
805 2451 840 2481 T.
867 2451 1012 2483 Roscius
1036 2453 1234 2483 commotus
1258 2452 1312 2483 sit.
1349 2452 1536 2491 Audirem,
1562 2453 1626 2486 nisi
1650 2463 1732 2486 mox
1748 2463 1880 2496 seque-

125 2501 222 2530 retur
246 2498 278 2529 T.
305 2499 436 2530 Roscius
459 2500 493 2531 et
516 2507 734 2540 praenomen
757 2499 911 2532 abesset.
949 2501 998 2540 (In
1021 2502 1045 2532 G
1069 2509 1124 2532 w.
1143 2502 1256 2533 Roscio
1272 2510 1385 2543 usque
1403 2502 1448 2534 ad
1463 2512 1506 2534 ex
1521 2512 1557 2535 eo
1575 2504 1608 2535 T.
1628 2506 1758 2539 omissa
1773 2510 1878 2548 sunt.)

128 2565 163 2569 —
184 2547 324 2586 paulum
349 2549 460 2580 Gac:
481 2549 657 2588 paululum
680 2551 712 2581 M
724 2559 757 2581 V.
777 2567 814 2572 —
842 2551 872 2581 l.
900 2551 972 2590 ipsa
988 2551 1024 2582 G.
1045 2568 1081 2572 —
1108 2551 1139 2582 2.
1165 2552 1314 2591 depectus
1333 2553 1424 2584 GM:
1452 2553 1643 2593 deprecatus
1657 2563 1699 2593 v;
1725 2557 1880 2598 depactus

126 2596 236 2635 0³03
261 2606 294 2629 V.
320 2596 365 2629 ad
388 2597 418 2639 g.
445 2598 517 2630 ΜΟ.
559 2617 595 2622 -
630 2599 685 2641 est]
720 2602 765 2631 est
794 2602 823 2631 et
852 2607 881 2631 c.
911 2618 946 2622 —-
979 2600 1123 2632 omnium
1155 2609 1224 2632 om.
1252 2602 1399 2634 CHSa.
1428 2620 1463 2624 —
1490 2602 1521 2635 4.
1547 2607 1654 2635 cetera
1677 2614 1747 2637 om.
1774 2608 1811 2638 G.
1842 2626 1878 2631 -—

124 2647 203 2678 mal.
228 2647 354 2678 nullum
375 2648 456 2688 fingi
478 2648 534 2680 M:
556 2649 638 2690 fingi
660 2658 704 2681 m.
729 2649 809 2680 null.
835 2649 925 2680 Ova
940 2658 959 2681 c
979 2660 984 2688 ;
1009 2659 1078 2682 om.
1101 2651 1183 2691 fingyi
1207 2651 1244 2682 G.
1265 2668 1300 2672 —
1327 2652 1358 2683 5.
1385 2652 1454 2693 iste]
1478 2652 1544 2692 ipse
1565 2654 1630 2685 ΜΞ.
1661 2671 1696 2676 -
1723 2656 1880 2687 contami-

124 2697 253 2728 naverit
276 2698 313 2728 G.
342 2714 377 2718 ——
404 2697 435 2729 6.
461 2701 506 2729 est
528 2706 606 2737 eque
629 2707 662 2730 V.
691 2717 726 2721 —
762 2699 791 2730 7.
818 2707 850 2730 se
869 2699 977 2740 putat]
1001 2701 1134 2739 deputat
1156 2700 1221 2732 ΜΞ.
1250 2719 1286 2723 -
1318 2701 1350 2733 8.
1376 2702 1432 2742 qui
1456 2710 1526 2734 om.
1551 2711 1584 2734 V.
1613 2720 1647 2726 —
1675 2704 1706 2736 9.
1727 2713 1790 2744 per
1813 2706 1881 2737 eius

123 2746 231 2788 fidem]
255 2745 346 2778 male
371 2746 513 2788 quidam
532 2756 594 2788 per
616 2748 684 2780 eius
705 2748 857 2789 fraudem
882 2747 936 2780 vel
955 2757 1018 2788 per
1039 2750 1108 2781 eius
1124 2750 1317 2791 perfidian23
1343 2760 1377 2783 V.
1403 2751 1526 2783 Handii
1551 2752 1576 2783 T
1577 2761 1642 2784 urs.
1668 2754 1722 2785 IV.
1748 2763 1782 2796 p.
1802 2754 1877 2787 446.

128 2796 163 2827 et
184 2796 371 2837 Nipperdei
396 2797 539 2836 Quaestt.
567 2798 699 2837 Caesar.
725 2807 760 2839 p.
787 2798 860 2830 423.
890 2815 926 2821 —
953 2798 1105 2840 laeditur]
1129 2801 1258 2832 deditur
1275 2801 1311 2833 C.
1333 2819 1369 2822 —-
1395 2805 1494 2841 atque
1513 2802 1639 2834 GMV:
1666 2804 1759 2842 atqui
1774 2804 1877 2836 codd.

125 2843 198 2876 rell.
223 2845 312 2884 noti,
337 2846 362 2878 O
377 2854 440 2878 ac.
477 2848 553 2879 Non
576 2848 765 2880 assumitur
788 2848 822 2878 h.
848 2846 869 2879 l.
896 2847 1127 2881 conclusionis
1155 2851 1345 2891 propositio
1370 2851 1502 2890 minor,
1533 2851 1598 2883 sed
1621 2861 1752 2885 novum
1775 2863 1880 2895 argu-

126 2896 284 2927 mentum
312 2895 530 2934 adnectitur;
565 2906 598 2929 V.
622 2896 867 2937 Wesenbergii
897 2898 1081 2930 Emendate.
1118 2899 1242 2931 Tuscul.
1269 2901 1309 2932 ΙΙ.
1345 2909 1379 2941 p.
1407 2900 1459 2933 4⁵..
1489 2917 1522 2923 —
1555 2901 1608 2933 Η.
1633 2902 1750 2933 intumi
1774 2904 1811 2934 G.
1839 2920 1876 2926 —

128 2943 179 2975 43.
204 2945 326 2976 socium
349 2946 419 2978 GM
431 2954 501 2985 Va,
527 2947 645 2987 Parr.,
670 2948 689 2978 5
714 2947 815 2979 Oxx.:
842 2947 964 2978 socium
986 2956 1062 2979 vero
1086 2949 1154 2980 Oc.
1183 2967 1220 2972 —
1251 2950 1302 2981 46.
1326 2950 1400 2991 fieri
1422 2950 1578 2988 MCxV.
1607 2969 1643 2973 —
1668 2961 1782 2984 novem
1806 2962 1877 2985 om.

127 2993 275 3034 CHSu)
290 3003 320 3026 a.
348 3012 385 3018 —
411 2996 646 3028 honestissimos
669 2998 825 3029 GMac:
849 2997 1044 3037 fortissimos
1066 2999 1135 3030 Tv.
1157 3017 1192 3021 —
1220 3000 1271 3031 47.
1298 2999 1397 3040 officii
1418 3001 1653 3032 mandatorum
1676 3010 1771 3043 susp.
1797 3001 1821 3037 ἓ
1844 3003 1880 3035 in

126 3050 235 3084 marg.
264 3061 297 3068 —
327 3044 378 3077 48.
405 3046 517 3077 omnia
538 3054 572 3078 V.
601 3065 636 3069 —
662 3047 715 3078 49.
735 3046 925 3088 potuerunt]
950 3047 1027 3079 fort.
1047 3049 1226 3088 potuerint.
1255 3066 1291 3071 -
1324 3049 1377 3080 ⁶20.
1402 3058 1486 3082 vane
1508 3059 1542 3082 V.
1571 3067 1606 3073 —
1640 3050 1687 3081 ita
1712 3060 1798 3082 nunc
1819 3052 1880 3084 ho—

125 3093 228 3124 mines
250 3094 287 3125 G.
315 3109 351 3116 —
376 3094 429 3127 22.
454 3095 547 3127 initio
576 3104 646 3128 om.
673 3097 710 3128 G.
739 3115 774 3119 —
802 3096 950 3137 profuga
977 3097 1014 3128 G.
1042 3113 1078 3120 —
1111 3098 1165 3130 23.
1191 3099 1549 3131 adversariis--cum
1576 3100 1655 3140 ipsis
1677 3110 1747 3133 om.
1774 3103 1812 3134 G.
1840 3121 1876 3126 —-

126 3140 179 3174 24.
204 3143 280 3174 coiit
302 3152 375 3175 ac:
400 3145 464 3176 coit
487 3145 682 3177 GMHTV.
704 3164 738 3168 -
765 3147 866 3178 etiam
888 3147 957 3178 iam
979 3155 1037 3179 nos
1057 3151 1104 3189 ψ.
1126 3164 1160 3170 -
1187 3148 1240 3180 ⁶25.
1259 3152 1398 3180 ornatus
1419 3150 1547 3181 sceleris
1561 3158 1594 3181 V.
1617 3168 1652 3172 —-
1677 3151 1730 3182 27.
1749 3153 1878 3195 etenim]

128 3194 158 3222 et
178 3199 212 3223 V.
240 3210 276 3215 —
301 3194 473 3226 audaciter
494 3195 532 3226 L.
560 3212 596 3218 —
621 3196 674 3227 28.
700 3196 847 3228 ridebitis
870 3197 1078 3236 GMCHx,
1116 3200 1228 3237 Parr.‚
1253 3207 1328 3229 va:
1360 3199 1475 3231 videtis
1497 3200 1522 3231 O
1537 3208 1567 3232 c.
1595 3218 1631 3222 —
1655 3199 1701 3230 ibi
1722 3200 1756 3232 id
1777 3203 1880 3235 scelus

129 3248 254 3280 quoque
284 3242 372 3274 coni.
397 3244 539 3277 Ursinus
571 3246 606 3276 et
635 3247 800 3278 Graevius
830 3247 964 3279 vitiose.
994 3265 1029 3270 —
1066 3248 1118 3280 29.
1149 3248 1208 3280 illa
1231 3249 1268 3280 G.
1297 3266 1332 3271 —-
1366 3249 1495 3289 quidem
1519 3257 1589 3281 om.
1614 3250 1680 3281 ΜΞ.
1709 3268 1744 3273 -
1770 3251 1823 3284 30.
1849 3256 1879 3285 ει

130 3296 198 3321 om.
224 3291 268 3330 G;
294 3300 334 3323 ac
355 3301 388 3324 v.
416 3311 453 3316 -
479 3293 532 3326 31¹.
557 3298 706 3326 constant
729 3297 923 3334 Gano:
949 3299 1076 3329 constat
1099 3298 1174 3339 OV,
1202 3297 1305 3331 codd.
1330 3297 1473 3340 reliqui,
1497 3300 1537 3331 ut
1558 3297 1708 3331 Videtur.
1747 3300 1798 3334 Cf.
1825 3310 1876 3335 or.

125 3345 160 3379 Ρ.
187 3338 320 3373 Cluent.
347 3341 378 3383 S.
405 3342 481 3377 ⁴04.
504 3352 540 3386 p.
566 3343 671 3378 domo
695 3344 727 3386 S.
753 3345 829 3378 ⁴39.
857 3364 893 3369 —
917 3346 946 3378 si
968 3347 1046 3387 quid
1068 3355 1100 3380 a.
