<?xml version="1.0" encoding="UTF-8"?>
<!DOCTYPE html PUBLIC "-//W3C//DTD XHTML 1.0 Transitional//EN"
    "http://www.w3.org/TR/xhtml1/DTD/xhtml1-transitional.dtd">
<html xmlns="http://www.w3.org/1999/xhtml" xml:lang="en" lang="en">
 <head>
  <title>
</title>
<meta http-equiv="Content-Type" content="text/html;charset=utf-8" />
  <meta name='ocr-system' content='tesseract 3.04.00' />
  <meta name='ocr-capabilities' content='ocr_page ocr_carea ocr_par ocr_line ocrx_word'/>
</head>
<body>
  <div class='ocr_page' id='page_1' title='image "./p1operaquaesupersu02ciceuoft_0053.png"; bbox 0 0 2127 3708; ppageno 0'>
   <div class='ocr_carea' id='block_1_1' title="bbox 687 197 1916 253">
    <p class='ocr_par' dir='ltr' id='par_1_1' title="bbox 687 197 1916 253">
     <span class='ocr_line' id='line_1_1' title="bbox 687 197 1916 253; baseline -0.001 -13"><span class='ocrx_word' id='word_1_1' title='bbox 687 199 780 241; x_wconf 58' lang='grc' dir='ltr'>ομ».</span> <span class='ocrx_word' id='word_1_2' title='bbox 812 199 1056 241; x_wconf 76' lang='lat' dir='ltr'>xl—xm.</span> <span class='ocrx_word' id='word_1_3' title='bbox 1096 197 1169 253; x_wconf 60' lang='lat'>53.</span> <span class='ocrx_word' id='word_1_4' title='bbox 1200 198 1397 241; x_wconf 78' lang='lat'>29—36.</span> <span class='ocrx_word' id='word_1_5' title='bbox 1863 198 1916 240; x_wconf 85' lang='lat'>39</span> 
     </span>
    </p>
   </div>
   <div class='ocr_carea' id='block_1_2' title="bbox 171 311 1971 2113">
    <p class='ocr_par' dir='ltr' id='par_1_2' title="bbox 171 311 1969 1740">
     <span class='ocr_line' id='line_1_2' title="bbox 283 311 1915 365; baseline -0.001 -10"><span class='ocrx_word' id='word_1_6' title='bbox 283 315 374 355; x_wconf 88' lang='lat' dir='ltr'><strong>XII.</strong></span> <span class='ocrx_word' id='word_1_7' title='bbox 406 312 471 354; x_wconf 84' lang='lat'>33.</span> <span class='ocrx_word' id='word_1_8' title='bbox 502 313 721 354; x_wconf 86' lang='lat' dir='ltr'>Hominem</span> <span class='ocrx_word' id='word_1_9' title='bbox 752 312 875 365; x_wconf 88' lang='lat' dir='ltr'>longe</span> <span class='ocrx_word' id='word_1_10' title='bbox 906 311 1231 351; x_wconf 87' lang='lat' dir='ltr'>audacissimum</span> <span class='ocrx_word' id='word_1_11' title='bbox 1261 325 1396 364; x_wconf 88' lang='lat' dir='ltr'>nuper</span> <span class='ocrx_word' id='word_1_12' title='bbox 1424 311 1646 353; x_wconf 86' lang='lat' dir='ltr'><strong>habuimus</strong></span> <span class='ocrx_word' id='word_1_13' title='bbox 1676 314 1720 353; x_wconf 94' lang='lat' dir='ltr'>in</span> <span class='ocrx_word' id='word_1_14' title='bbox 1747 313 1915 354; x_wconf 79' lang='lat' dir='ltr'>civitate</span> 
     </span>
     <span class='ocr_line' id='line_1_3' title="bbox 175 374 1916 430; baseline -0.002 -12"><span class='ocrx_word' id='word_1_15' title='bbox 175 378 217 417; x_wconf 93' lang='lat' dir='ltr'>C.</span> <span class='ocrx_word' id='word_1_16' title='bbox 248 377 470 418; x_wconf 85' lang='lat' dir='ltr'>Fimbriam</span> <span class='ocrx_word' id='word_1_17' title='bbox 501 381 558 422; x_wconf 88' lang='lat' dir='ltr'>et,</span> <span class='ocrx_word' id='word_1_18' title='bbox 591 374 707 428; x_wconf 87' lang='lat' dir='ltr'>quod</span> <span class='ocrx_word' id='word_1_19' title='bbox 738 375 846 413; x_wconf 90' lang='lat' dir='ltr'>inter</span> <span class='ocrx_word' id='word_1_20' title='bbox 876 388 1020 414; x_wconf 88' lang='lat' dir='ltr'>omnes</span> <span class='ocrx_word' id='word_1_21' title='bbox 1044 379 1227 421; x_wconf 84' lang='lat' dir='ltr'>constat,</span> <span class='ocrx_word' id='word_1_22' title='bbox 1260 374 1338 413; x_wconf 90' lang='lat' dir='ltr'>nisi</span> <span class='ocrx_word' id='word_1_23' title='bbox 1361 375 1470 414; x_wconf 89' lang='lat' dir='ltr'>inter</span> <span class='ocrx_word' id='word_1_24' title='bbox 1490 387 1580 420; x_wconf 89' lang='lat' dir='ltr'>eos,</span> <span class='ocrx_word' id='word_1_25' title='bbox 1613 377 1683 427; x_wconf 88' lang='lat' dir='ltr'>qui</span> <span class='ocrx_word' id='word_1_26' title='bbox 1707 377 1786 429; x_wconf 93' lang='lat' dir='ltr'>ipsi</span> <span class='ocrx_word' id='word_1_27' title='bbox 1811 389 1916 430; x_wconf 92' lang='lat' dir='ltr'>quo-</span> 
     </span>
     <span class='ocr_line' id='line_1_4' title="bbox 174 437 1918 493; baseline -0.002 -13"><span class='ocrx_word' id='word_1_28' title='bbox 174 453 256 493; x_wconf 93' lang='lat' dir='ltr'>que</span> <span class='ocrx_word' id='word_1_29' title='bbox 286 439 521 485; x_wconf 91' lang='lat' dir='ltr'>insaniunt,</span> <span class='ocrx_word' id='word_1_30' title='bbox 561 437 885 476; x_wconf 88' lang='lat' dir='ltr'>insanissimum.</span> <span class='ocrx_word' id='word_1_31' title='bbox 945 437 983 475; x_wconf 93' lang='lat' dir='ltr'>Is</span> <span class='ocrx_word' id='word_1_32' title='bbox 1025 450 1117 475; x_wconf 88' lang='lat' dir='ltr'>cum</span> <span class='ocrx_word' id='word_1_33' title='bbox 1150 442 1336 476; x_wconf 83' lang='lat' dir='ltr'>curasset</span> <span class='ocrx_word' id='word_1_34' title='bbox 1366 437 1408 475; x_wconf 91' lang='lat' dir='ltr'>in</span> <span class='ocrx_word' id='word_1_35' title='bbox 1438 437 1584 476; x_wconf 89' lang='lat' dir='ltr'>funere</span> <span class='ocrx_word' id='word_1_36' title='bbox 1618 438 1659 476; x_wconf 85' lang='lat' dir='ltr'>C.</span> <span class='ocrx_word' id='word_1_37' title='bbox 1690 438 1830 485; x_wconf 87' lang='lat' dir='ltr'>Marii,</span> <span class='ocrx_word' id='word_1_38' title='bbox 1871 441 1918 477; x_wconf 88' lang='lat' dir='ltr'>ut</span> 
     </span>
     <span class='ocr_line' id='line_1_5' title="bbox 174 499 1916 552; baseline -0.002 -9"><span class='ocrx_word' id='word_1_39' title='bbox 174 504 224 552; x_wconf 90' lang='lat' dir='ltr'>Q.</span> <span class='ocrx_word' id='word_1_40' title='bbox 256 501 453 543; x_wconf 87' lang='lat' dir='ltr'>Scaevola</span> <span class='ocrx_word' id='word_1_41' title='bbox 491 500 804 547; x_wconf 78' lang='lat' dir='ltr'>vulneraretur,</span> <span class='ocrx_word' id='word_1_42' title='bbox 845 500 906 539; x_wconf 89' lang='lat' dir='ltr'>vir</span> <span class='ocrx_word' id='word_1_43' title='bbox 946 499 1231 538; x_wconf 89' lang='lat' dir='ltr'>sanctissimus</span> <span class='ocrx_word' id='word_1_44' title='bbox 1272 504 1398 552; x_wconf 90' lang='lat' dir='ltr'>atque</span> <span class='ocrx_word' id='word_1_45' title='bbox 1430 500 1720 538; x_wconf 90' lang='lat' dir='ltr'>ornatissimus</span> <span class='ocrx_word' id='word_1_46' title='bbox 1751 504 1916 539; x_wconf 89' lang='lat' dir='ltr'>nostrae</span> 
     </span>
     <span class='ocr_line' id='line_1_6' title="bbox 174 560 1966 614; baseline -0.002 -10"><span class='ocrx_word' id='word_1_47' title='bbox 174 565 372 612; x_wconf 84' lang='lat' dir='ltr'>civitatis,</span> <span class='ocrx_word' id='word_1_48' title='bbox 402 584 455 592; x_wconf 94' lang='lat'>—-</span> <span class='ocrx_word' id='word_1_49' title='bbox 486 562 536 601; x_wconf 90' lang='lat' dir='ltr'>de</span> <span class='ocrx_word' id='word_1_50' title='bbox 580 562 698 601; x_wconf 90' lang='lat' dir='ltr'>cuius</span> <span class='ocrx_word' id='word_1_51' title='bbox 739 562 863 601; x_wconf 85' lang='lat' dir='ltr'>laude</span> <span class='ocrx_word' id='word_1_52' title='bbox 902 574 1039 614; x_wconf 89' lang='lat' dir='ltr'>neque</span> <span class='ocrx_word' id='word_1_53' title='bbox 1079 560 1146 599; x_wconf 88' lang='lat' dir='ltr'>hic</span> <span class='ocrx_word' id='word_1_54' title='bbox 1188 561 1305 600; x_wconf 90' lang='lat' dir='ltr'>locus</span> <span class='ocrx_word' id='word_1_55' title='bbox 1344 566 1406 601; x_wconf 91' lang='lat' dir='ltr'>est</span> <span class='ocrx_word' id='word_1_56' title='bbox 1445 566 1493 601; x_wconf 91' lang='lat' dir='ltr'>ut</span> <span class='ocrx_word' id='word_1_57' title='bbox 1535 561 1665 600; x_wconf 91' lang='lat' dir='ltr'>multa</span> <span class='ocrx_word' id='word_1_58' title='bbox 1704 560 1916 610; x_wconf 89' lang='lat' dir='ltr'>dicantur,</span> <span class='ocrx_word' id='word_1_59' title='bbox 1948 571 1966 600; x_wconf 83' lang='lat'>5</span> 
     </span>
     <span class='ocr_line' id='line_1_7' title="bbox 173 623 1919 681; baseline -0.002 -13"><span class='ocrx_word' id='word_1_60' title='bbox 173 640 313 681; x_wconf 88' lang='lat' dir='ltr'>neque</span> <span class='ocrx_word' id='word_1_61' title='bbox 343 626 463 679; x_wconf 89' lang='lat' dir='ltr'>plura</span> <span class='ocrx_word' id='word_1_62' title='bbox 493 630 629 664; x_wconf 89' lang='lat' dir='ltr'>tamen</span> <span class='ocrx_word' id='word_1_63' title='bbox 663 624 744 664; x_wconf 86' lang='lat' dir='ltr'>dici</span> <span class='ocrx_word' id='word_1_64' title='bbox 775 629 972 677; x_wconf 84' lang='lat' dir='ltr'>possunt,</span> <span class='ocrx_word' id='word_1_65' title='bbox 1014 636 1139 677; x_wconf 89' lang='lat' dir='ltr'>quam</span> <span class='ocrx_word' id='word_1_66' title='bbox 1170 624 1354 676; x_wconf 90' lang='lat' dir='ltr'>populus</span> <span class='ocrx_word' id='word_1_67' title='bbox 1384 625 1597 664; x_wconf 88' lang='lat' dir='ltr'>Romanus</span> <span class='ocrx_word' id='word_1_68' title='bbox 1627 623 1827 662; x_wconf 88' lang='lat' dir='ltr'>memoria</span> <span class='ocrx_word' id='word_1_69' title='bbox 1855 638 1919 664; x_wconf 88' lang='lat' dir='ltr'>re-</span> 
     </span>
     <span class='ocr_line' id='line_1_8' title="bbox 174 686 1918 739; baseline -0.003 -9"><span class='ocrx_word' id='word_1_70' title='bbox 174 691 295 736; x_wconf 82' lang='lat' dir='ltr'>tinet3</span> <span class='ocrx_word' id='word_1_71' title='bbox 325 709 379 717; x_wconf 91' lang='lat'>—</span> <span class='ocrx_word' id='word_1_72' title='bbox 410 688 518 728; x_wconf 90' lang='lat' dir='ltr'>diem</span> <span class='ocrx_word' id='word_1_73' title='bbox 550 687 774 726; x_wconf 83' lang='lat' dir='ltr'>Scaevolae</span> <span class='ocrx_word' id='word_1_74' title='bbox 807 687 932 733; x_wconf 82' lang='lat' dir='ltr'>dixit,</span> <span class='ocrx_word' id='word_1_75' title='bbox 963 691 1237 739; x_wconf 85' lang='lat' dir='ltr'>posteaquam</span> <span class='ocrx_word' id='word_1_76' title='bbox 1270 687 1474 739; x_wconf 88' lang='lat' dir='ltr'>comperit</span> <span class='ocrx_word' id='word_1_77' title='bbox 1504 700 1599 727; x_wconf 90' lang='lat' dir='ltr'>eum</span> <span class='ocrx_word' id='word_1_78' title='bbox 1620 699 1744 739; x_wconf 89' lang='lat' dir='ltr'>posse</span> <span class='ocrx_word' id='word_1_79' title='bbox 1765 686 1918 725; x_wconf 85' lang='lat' dir='ltr'>vivere.</span> 
     </span>
     <span class='ocr_line' id='line_1_9' title="bbox 175 748 1917 803; baseline -0.003 -11"><span class='ocrx_word' id='word_1_80' title='bbox 175 753 278 793; x_wconf 90' lang='lat' dir='ltr'>Cum</span> <span class='ocrx_word' id='word_1_81' title='bbox 308 751 358 790; x_wconf 90' lang='lat' dir='ltr'>ab</span> <span class='ocrx_word' id='word_1_82' title='bbox 388 763 437 790; x_wconf 91' lang='lat' dir='ltr'>eo</span> <span class='ocrx_word' id='word_1_83' title='bbox 471 754 762 803; x_wconf 84' lang='lat' dir='ltr'>quaereretur,</span> <span class='ocrx_word' id='word_1_84' title='bbox 795 749 894 803; x_wconf 92' lang='lat' dir='ltr'>quid</span> <span class='ocrx_word' id='word_1_85' title='bbox 928 748 1094 788; x_wconf 90' lang='lat' dir='ltr'>tandem</span> <span class='ocrx_word' id='word_1_86' title='bbox 1125 753 1396 788; x_wconf 76' lang='lat' dir='ltr'>accusaturus</span> <span class='ocrx_word' id='word_1_87' title='bbox 1419 754 1529 788; x_wconf 90' lang='lat' dir='ltr'>esset</span> <span class='ocrx_word' id='word_1_88' title='bbox 1549 762 1663 795; x_wconf 92' lang='lat' dir='ltr'>eum,</span> <span class='ocrx_word' id='word_1_89' title='bbox 1696 761 1822 801; x_wconf 89' lang='lat' dir='ltr'>quem</span> <span class='ocrx_word' id='word_1_90' title='bbox 1842 761 1917 801; x_wconf 91' lang='lat' dir='ltr'>pro</span> 
     </span>
     <span class='ocr_line' id='line_1_10' title="bbox 173 810 1919 866; baseline -0.002 -13"><span class='ocrx_word' id='word_1_91' title='bbox 173 813 371 866; x_wconf 88' lang='lat' dir='ltr'>dignitate</span> <span class='ocrx_word' id='word_1_92' title='bbox 401 826 453 852; x_wconf 92' lang='lat' dir='ltr'>ne</span> <span class='ocrx_word' id='word_1_93' title='bbox 483 812 655 852; x_wconf 88' lang='lat' dir='ltr'>laudare</span> <span class='ocrx_word' id='word_1_94' title='bbox 687 812 857 865; x_wconf 90' lang='lat' dir='ltr'>quidem</span> <span class='ocrx_word' id='word_1_95' title='bbox 890 812 1115 865; x_wconf 89' lang='lat' dir='ltr'>quisquam</span> <span class='ocrx_word' id='word_1_96' title='bbox 1148 810 1245 849; x_wconf 89' lang='lat' dir='ltr'>satis</span> <span class='ocrx_word' id='word_1_97' title='bbox 1276 811 1492 850; x_wconf 86' lang='lat' dir='ltr'>commode</span> <span class='ocrx_word' id='word_1_98' title='bbox 1512 815 1677 864; x_wconf 89' lang='lat' dir='ltr'>posset:</span> <span class='ocrx_word' id='word_1_99' title='bbox 1708 810 1827 850; x_wconf 89' lang='lat' dir='ltr'>aiunt</span> <span class='ocrx_word' id='word_1_100' title='bbox 1844 810 1919 850; x_wconf 92' lang='lat' dir='ltr'>ho-</span> 
     </span>
     <span class='ocr_line' id='line_1_11' title="bbox 172 873 1967 927; baseline -0.003 -12"><span class='ocrx_word' id='word_1_101' title='bbox 172 876 343 922; x_wconf 88' lang='lat' dir='ltr'>minem,</span> <span class='ocrx_word' id='word_1_102' title='bbox 374 880 421 914; x_wconf 90' lang='lat' dir='ltr'>ut</span> <span class='ocrx_word' id='word_1_103' title='bbox 449 880 536 915; x_wconf 88' lang='lat' dir='ltr'>erat</span> <span class='ocrx_word' id='word_1_104' title='bbox 564 874 769 921; x_wconf 83' lang='lat' dir='ltr'>furiosus,</span> <span class='ocrx_word' id='word_1_105' title='bbox 807 873 1099 927; x_wconf 92' lang='lat' dir='ltr'>respondisse,</span> <span class='ocrx_word' id='word_1_106' title='bbox 1134 873 1275 925; x_wconf 92' lang='lat' dir='ltr'>«quod</span> <span class='ocrx_word' id='word_1_107' title='bbox 1305 886 1389 912; x_wconf 91' lang='lat' dir='ltr'>non</span> <span class='ocrx_word' id='word_1_108' title='bbox 1420 878 1554 913; x_wconf 87' lang='lat' dir='ltr'>totum</span> <span class='ocrx_word' id='word_1_109' title='bbox 1584 873 1714 912; x_wconf 89' lang='lat' dir='ltr'>telum</span> <span class='ocrx_word' id='word_1_110' title='bbox 1745 885 1919 924; x_wconf 91' lang='lat' dir='ltr'>corpore</span> <span class='ocrx_word' id='word_1_111' title='bbox 1933 882 1967 910; x_wconf 51' lang='grc' dir='ltr'>ἰο</span> 
     </span>
     <span class='ocr_line' id='line_1_12' title="bbox 171 934 1920 990; baseline -0.002 -13"><span class='ocrx_word' id='word_1_112' title='bbox 171 938 435 990; x_wconf 88' lang='lat' dir='ltr'>recepisset.»</span> <span class='ocrx_word' id='word_1_113' title='bbox 497 938 591 985; x_wconf 89' lang='lat' dir='ltr'>Quo</span> <span class='ocrx_word' id='word_1_114' title='bbox 623 937 806 990; x_wconf 90' lang='lat' dir='ltr'>populus</span> <span class='ocrx_word' id='word_1_115' title='bbox 837 938 1047 975; x_wconf 85' lang='lat' dir='ltr'>Romanus</span> <span class='ocrx_word' id='word_1_116' title='bbox 1077 935 1182 974; x_wconf 90' lang='lat' dir='ltr'>nihil</span> <span class='ocrx_word' id='word_1_117' title='bbox 1213 936 1316 975; x_wconf 85' lang='lat' dir='ltr'>vidit</span> <span class='ocrx_word' id='word_1_118' title='bbox 1346 935 1582 988; x_wconf 84' lang='lat' dir='ltr'>indignius,</span> <span class='ocrx_word' id='word_1_119' title='bbox 1618 934 1699 974; x_wconf 93' lang='lat' dir='ltr'>nisi</span> <span class='ocrx_word' id='word_1_120' title='bbox 1731 934 1920 974; x_wconf 87' lang='lat' dir='ltr'>eiusdem</span> 
     </span>
     <span class='ocr_line' id='line_1_13' title="bbox 172 995 1920 1053; baseline -0.003 -13"><span class='ocrx_word' id='word_1_121' title='bbox 172 1000 249 1041; x_wconf 89' lang='lat' dir='ltr'>viri</span> <span class='ocrx_word' id='word_1_122' title='bbox 272 1004 469 1047; x_wconf 89' lang='lat' dir='ltr'>mortem,</span> <span class='ocrx_word' id='word_1_123' title='bbox 502 1012 609 1053; x_wconf 89' lang='lat' dir='ltr'>quae</span> <span class='ocrx_word' id='word_1_124' title='bbox 634 997 808 1052; x_wconf 80' lang='lat' dir='ltr'>[tantum</span> <span class='ocrx_word' id='word_1_125' title='bbox 830 999 987 1051; x_wconf 71' lang='lat' dir='ltr'>potuit,</span> <span class='ocrx_word' id='word_1_126' title='bbox 1020 995 1079 1050; x_wconf 84' lang='lat' dir='ltr'>ut]</span> <span class='ocrx_word' id='word_1_127' title='bbox 1105 1011 1249 1037; x_wconf 90' lang='lat' dir='ltr'>omnes</span> <span class='ocrx_word' id='word_1_128' title='bbox 1272 998 1382 1037; x_wconf 89' lang='lat' dir='ltr'>cives</span> <span class='ocrx_word' id='word_1_129' title='bbox 1403 997 1633 1050; x_wconf 90' lang='lat' dir='ltr'>perdiderit</span> <span class='ocrx_word' id='word_1_130' title='bbox 1653 1001 1694 1036; x_wconf 88' lang='lat' dir='ltr'>et</span> <span class='ocrx_word' id='word_1_131' title='bbox 1713 996 1920 1043; x_wconf 81' lang='lat' dir='ltr'>afflixerit,</span> 
     </span>
     <span class='ocr_line' id='line_1_14' title="bbox 173 1059 1919 1117; baseline -0.003 -14"><span class='ocrx_word' id='word_1_132' title='bbox 173 1076 278 1117; x_wconf 92' lang='lat' dir='ltr'>quos</span> <span class='ocrx_word' id='word_1_133' title='bbox 310 1063 410 1116; x_wconf 91' lang='lat' dir='ltr'>quia</span> <span class='ocrx_word' id='word_1_134' title='bbox 440 1075 603 1102; x_wconf 86' lang='lat' dir='ltr'>servare</span> <span class='ocrx_word' id='word_1_135' title='bbox 636 1075 710 1114; x_wconf 90' lang='lat' dir='ltr'>per</span> <span class='ocrx_word' id='word_1_136' title='bbox 741 1061 1090 1113; x_wconf 86' lang='lat' dir='ltr'>compositionem</span> <span class='ocrx_word' id='word_1_137' title='bbox 1119 1060 1306 1107; x_wconf 86' lang='lat' dir='ltr'>volebat,</span> <span class='ocrx_word' id='word_1_138' title='bbox 1354 1061 1442 1113; x_wconf 91' lang='lat' dir='ltr'>ipse</span> <span class='ocrx_word' id='word_1_139' title='bbox 1482 1060 1532 1099; x_wconf 90' lang='lat' dir='ltr'>ab</span> <span class='ocrx_word' id='word_1_140' title='bbox 1563 1059 1614 1099; x_wconf 85' lang='lat' dir='ltr'>iis</span> <span class='ocrx_word' id='word_1_141' title='bbox 1645 1059 1919 1112; x_wconf 90' lang='lat' dir='ltr'>interemptus</span> 
     </span>
     <span class='ocr_line' id='line_1_15' title="bbox 172 1122 1920 1176; baseline -0.003 -10"><span class='ocrx_word' id='word_1_142' title='bbox 172 1130 246 1166; x_wconf 89' lang='lat' dir='ltr'>est.</span> <span class='ocrx_word' id='word_1_143' title='bbox 305 1122 371 1163; x_wconf 77' lang='lat'>34.</span> <span class='ocrx_word' id='word_1_144' title='bbox 401 1125 528 1164; x_wconf 89' lang='lat' dir='ltr'>Estne</span> <span class='ocrx_word' id='word_1_145' title='bbox 559 1125 639 1165; x_wconf 86' lang='lat' dir='ltr'>hoc</span> <span class='ocrx_word' id='word_1_146' title='bbox 671 1124 731 1162; x_wconf 92' lang='lat' dir='ltr'>illi</span> <span class='ocrx_word' id='word_1_147' title='bbox 764 1124 873 1163; x_wconf 87' lang='lat' dir='ltr'>dicto</span> <span class='ocrx_word' id='word_1_148' title='bbox 906 1129 1032 1176; x_wconf 89' lang='lat' dir='ltr'>atque</span> <span class='ocrx_word' id='word_1_149' title='bbox 1062 1123 1170 1162; x_wconf 88' lang='lat' dir='ltr'>facto</span> <span class='ocrx_word' id='word_1_150' title='bbox 1193 1122 1430 1162; x_wconf 89' lang='lat' dir='ltr'>Fimbriano</span> <span class='ocrx_word' id='word_1_151' title='bbox 1462 1122 1748 1162; x_wconf 76' lang='lat' dir='ltr'>simillimum?</span> <span class='ocrx_word' id='word_1_152' title='bbox 1786 1122 1920 1161; x_wconf 89' lang='lat' dir='ltr'>Accu-</span> 
     </span>
     <span class='ocr_line' id='line_1_16' title="bbox 172 1183 1969 1239; baseline -0.003 -11"><span class='ocrx_word' id='word_1_153' title='bbox 172 1188 270 1229; x_wconf 88' lang='lat' dir='ltr'>satis</span> <span class='ocrx_word' id='word_1_154' title='bbox 302 1187 396 1227; x_wconf 83' lang='lat' dir='ltr'>Sex.</span> <span class='ocrx_word' id='word_1_155' title='bbox 426 1186 638 1226; x_wconf 90' lang='lat' dir='ltr'>Roscium.</span> <span class='ocrx_word' id='word_1_156' title='bbox 689 1185 801 1233; x_wconf 91' lang='lat' dir='ltr'>Quid</span> <span class='ocrx_word' id='word_1_157' title='bbox 832 1185 918 1225; x_wconf 76' lang='lat' dir='ltr'>ita?</span> <span class='ocrx_word' id='word_1_158' title='bbox 950 1185 1050 1239; x_wconf 87' lang='lat' dir='ltr'>quia</span> <span class='ocrx_word' id='word_1_159' title='bbox 1081 1185 1131 1224; x_wconf 89' lang='lat' dir='ltr'>de</span> <span class='ocrx_word' id='word_1_160' title='bbox 1163 1184 1352 1224; x_wconf 88' lang='lat' dir='ltr'>manibus</span> <span class='ocrx_word' id='word_1_161' title='bbox 1373 1185 1521 1225; x_wconf 88' lang='lat' dir='ltr'>vestris</span> <span class='ocrx_word' id='word_1_162' title='bbox 1550 1183 1714 1237; x_wconf 81' lang='lat' dir='ltr'>effugit,</span> <span class='ocrx_word' id='word_1_163' title='bbox 1747 1183 1847 1237; x_wconf 86' lang='lat' dir='ltr'>quia</span> <span class='ocrx_word' id='word_1_164' title='bbox 1875 1193 1969 1223; x_wconf 77' lang='lat' dir='ltr'>se15</span> 
     </span>
     <span class='ocr_line' id='line_1_17' title="bbox 173 1245 1921 1303; baseline -0.003 -13"><span class='ocrx_word' id='word_1_165' title='bbox 173 1249 307 1291; x_wconf 87' lang='lat' dir='ltr'>occidi</span> <span class='ocrx_word' id='word_1_166' title='bbox 338 1263 486 1303; x_wconf 89' lang='lat' dir='ltr'>passus</span> <span class='ocrx_word' id='word_1_167' title='bbox 517 1263 601 1288; x_wconf 89' lang='lat' dir='ltr'>non</span> <span class='ocrx_word' id='word_1_168' title='bbox 633 1253 707 1288; x_wconf 90' lang='lat' dir='ltr'>est.</span> <span class='ocrx_word' id='word_1_169' title='bbox 766 1248 895 1295; x_wconf 90' lang='lat' dir='ltr'>Illud,</span> <span class='ocrx_word' id='word_1_170' title='bbox 938 1247 1035 1300; x_wconf 88' lang='lat' dir='ltr'>quia</span> <span class='ocrx_word' id='word_1_171' title='bbox 1077 1247 1121 1286; x_wconf 91' lang='lat' dir='ltr'>in</span> <span class='ocrx_word' id='word_1_172' title='bbox 1154 1247 1354 1287; x_wconf 87' lang='lat' dir='ltr'>Scaevola</span> <span class='ocrx_word' id='word_1_173' title='bbox 1383 1247 1539 1287; x_wconf 85' lang='lat' dir='ltr'>factum</span> <span class='ocrx_word' id='word_1_174' title='bbox 1570 1251 1651 1293; x_wconf 91' lang='lat' dir='ltr'>est,</span> <span class='ocrx_word' id='word_1_175' title='bbox 1696 1246 1827 1298; x_wconf 88' lang='lat' dir='ltr'>magis</span> <span class='ocrx_word' id='word_1_176' title='bbox 1857 1245 1921 1285; x_wconf 90' lang='lat' dir='ltr'>in-</span> 
     </span>
     <span class='ocr_line' id='line_1_18' title="bbox 173 1308 1920 1366; baseline -0.003 -14"><span class='ocrx_word' id='word_1_177' title='bbox 173 1313 344 1366; x_wconf 88' lang='lat' dir='ltr'>dignum</span> <span class='ocrx_word' id='word_1_178' title='bbox 374 1312 561 1352; x_wconf 89' lang='lat' dir='ltr'>videtur:</span> <span class='ocrx_word' id='word_1_179' title='bbox 592 1312 695 1358; x_wconf 88' lang='lat' dir='ltr'>hoc,</span> <span class='ocrx_word' id='word_1_180' title='bbox 728 1311 827 1364; x_wconf 89' lang='lat' dir='ltr'>quia</span> <span class='ocrx_word' id='word_1_181' title='bbox 857 1308 901 1349; x_wconf 86' lang='lat' dir='ltr'>fit</span> <span class='ocrx_word' id='word_1_182' title='bbox 930 1323 954 1349; x_wconf 86' lang='lat' dir='ltr'>a</span> <span class='ocrx_word' id='word_1_183' title='bbox 977 1309 1272 1363; x_wconf 72' lang='lat' dir='ltr'>Chrysogono,</span> <span class='ocrx_word' id='word_1_184' title='bbox 1303 1323 1403 1349; x_wconf 92' lang='lat' dir='ltr'>num</span> <span class='ocrx_word' id='word_1_185' title='bbox 1434 1314 1496 1349; x_wconf 88' lang='lat' dir='ltr'>est</span> <span class='ocrx_word' id='word_1_186' title='bbox 1524 1308 1772 1349; x_wconf 76' lang='lat' dir='ltr'>ferendum?</span> <span class='ocrx_word' id='word_1_187' title='bbox 1803 1309 1920 1355; x_wconf 88' lang='lat' dir='ltr'>Nam,</span> 
     </span>
     <span class='ocr_line' id='line_1_19' title="bbox 172 1369 1920 1427; baseline -0.002 -14"><span class='ocrx_word' id='word_1_188' title='bbox 172 1388 246 1427; x_wconf 91' lang='lat' dir='ltr'>per</span> <span class='ocrx_word' id='word_1_189' title='bbox 275 1373 375 1413; x_wconf 93' lang='lat' dir='ltr'>deos</span> <span class='ocrx_word' id='word_1_190' title='bbox 406 1373 686 1413; x_wconf 78' lang='lat' dir='ltr'>immortales!</span> <span class='ocrx_word' id='word_1_191' title='bbox 718 1372 820 1425; x_wconf 91' lang='lat' dir='ltr'>quid</span> <span class='ocrx_word' id='word_1_192' title='bbox 853 1377 914 1412; x_wconf 92' lang='lat' dir='ltr'>est</span> <span class='ocrx_word' id='word_1_193' title='bbox 943 1372 987 1410; x_wconf 89' lang='lat' dir='ltr'>in</span> <span class='ocrx_word' id='word_1_194' title='bbox 1016 1372 1093 1411; x_wconf 89' lang='lat' dir='ltr'>hac</span> <span class='ocrx_word' id='word_1_195' title='bbox 1116 1385 1262 1419; x_wconf 88' lang='lat' dir='ltr'>causa,</span> <span class='ocrx_word' id='word_1_196' title='bbox 1294 1373 1407 1426; x_wconf 90' lang='lat' dir='ltr'>quod</span> <span class='ocrx_word' id='word_1_197' title='bbox 1431 1371 1687 1411; x_wconf 88' lang='lat' dir='ltr'>defensionis</span> <span class='ocrx_word' id='word_1_198' title='bbox 1708 1369 1920 1422; x_wconf 76' lang='lat' dir='ltr'>indigeat?</span> 
     </span>
     <span class='ocr_line' id='line_1_20' title="bbox 173 1433 1920 1489; baseline -0.002 -13"><span class='ocrx_word' id='word_1_199' title='bbox 173 1436 246 1489; x_wconf 90' lang='lat' dir='ltr'>qui</span> <span class='ocrx_word' id='word_1_200' title='bbox 291 1436 410 1476; x_wconf 89' lang='lat' dir='ltr'>locus</span> <span class='ocrx_word' id='word_1_201' title='bbox 454 1436 667 1489; x_wconf 84' lang='lat' dir='ltr'>ingenium</span> <span class='ocrx_word' id='word_1_202' title='bbox 710 1435 877 1488; x_wconf 89' lang='lat' dir='ltr'>patroni</span> <span class='ocrx_word' id='word_1_203' title='bbox 921 1434 1099 1488; x_wconf 84' lang='lat' dir='ltr'>requirit</span> <span class='ocrx_word' id='word_1_204' title='bbox 1137 1438 1208 1473; x_wconf 91' lang='lat' dir='ltr'>aut</span> <span class='ocrx_word' id='word_1_205' title='bbox 1247 1435 1423 1474; x_wconf 85' lang='lat' dir='ltr'>oratoris</span> <span class='ocrx_word' id='word_1_206' title='bbox 1455 1433 1740 1488; x_wconf 86' lang='lat' dir='ltr'>eloquentiam</span> <span class='ocrx_word' id='word_1_207' title='bbox 1770 1444 1920 1485; x_wconf 82' lang='lat' dir='ltr'>magno</span> 
     </span>
     <span class='ocr_line' id='line_1_21' title="bbox 173 1494 1969 1552; baseline -0.003 -13"><span class='ocrx_word' id='word_1_208' title='bbox 173 1512 299 1552; x_wconf 88' lang='lat' dir='ltr'>opere</span> <span class='ocrx_word' id='word_1_209' title='bbox 329 1499 569 1539; x_wconf 73' lang='lat' dir='ltr'>desiderat?</span> <span class='ocrx_word' id='word_1_210' title='bbox 616 1500 762 1538; x_wconf 87' lang='lat' dir='ltr'>Totam</span> <span class='ocrx_word' id='word_1_211' title='bbox 788 1511 974 1545; x_wconf 85' lang='lat' dir='ltr'>causam,</span> <span class='ocrx_word' id='word_1_212' title='bbox 1006 1496 1190 1543; x_wconf 87' lang='lat' dir='ltr'>iudices,</span> <span class='ocrx_word' id='word_1_213' title='bbox 1222 1497 1480 1550; x_wconf 80' lang='lat' dir='ltr'>explicemus</span> <span class='ocrx_word' id='word_1_214' title='bbox 1505 1502 1633 1550; x_wconf 83' lang='lat' dir='ltr'>atque</span> <span class='ocrx_word' id='word_1_215' title='bbox 1658 1499 1754 1535; x_wconf 88' lang='lat' dir='ltr'>ante</span> <span class='ocrx_word' id='word_1_216' title='bbox 1775 1494 1920 1534; x_wconf 88' lang='lat' dir='ltr'>oculos</span> <span class='ocrx_word' id='word_1_217' title='bbox 1932 1506 1969 1535; x_wconf 72' lang='lat'>20</span> 
     </span>
     <span class='ocr_line' id='line_1_22' title="bbox 174 1557 1921 1615; baseline -0.003 -13"><span class='ocrx_word' id='word_1_218' title='bbox 174 1562 407 1615; x_wconf 80' lang='lat' dir='ltr'>expositam</span> <span class='ocrx_word' id='word_1_219' title='bbox 439 1561 774 1602; x_wconf 85' lang='lat' dir='ltr'>consideremus:</span> <span class='ocrx_word' id='word_1_220' title='bbox 816 1561 873 1600; x_wconf 91' lang='lat' dir='ltr'>ita</span> <span class='ocrx_word' id='word_1_221' title='bbox 901 1560 1117 1607; x_wconf 89' lang='lat' dir='ltr'>facillime,</span> <span class='ocrx_word' id='word_1_222' title='bbox 1158 1572 1265 1613; x_wconf 87' lang='lat' dir='ltr'>quae</span> <span class='ocrx_word' id='word_1_223' title='bbox 1295 1573 1361 1599; x_wconf 88' lang='lat' dir='ltr'>res</span> <span class='ocrx_word' id='word_1_224' title='bbox 1390 1564 1525 1599; x_wconf 91' lang='lat' dir='ltr'>totum</span> <span class='ocrx_word' id='word_1_225' title='bbox 1556 1558 1759 1599; x_wconf 88' lang='lat' dir='ltr'>iudicium</span> <span class='ocrx_word' id='word_1_226' title='bbox 1790 1557 1921 1597; x_wconf 88' lang='lat' dir='ltr'>conti-</span> 
     </span>
     <span class='ocr_line' id='line_1_23' title="bbox 173 1620 1921 1678; baseline -0.002 -14"><span class='ocrx_word' id='word_1_227' title='bbox 173 1630 270 1665; x_wconf 89' lang='lat' dir='ltr'>neat</span> <span class='ocrx_word' id='word_1_228' title='bbox 299 1630 339 1664; x_wconf 89' lang='lat' dir='ltr'>et</span> <span class='ocrx_word' id='word_1_229' title='bbox 369 1624 522 1678; x_wconf 88' lang='lat' dir='ltr'>quibus</span> <span class='ocrx_word' id='word_1_230' title='bbox 554 1624 605 1664; x_wconf 89' lang='lat' dir='ltr'>de</span> <span class='ocrx_word' id='word_1_231' title='bbox 634 1623 758 1663; x_wconf 87' lang='lat' dir='ltr'>rebus</span> <span class='ocrx_word' id='word_1_232' title='bbox 788 1636 865 1662; x_wconf 91' lang='lat' dir='ltr'>nos</span> <span class='ocrx_word' id='word_1_233' title='bbox 888 1623 1025 1662; x_wconf 83' lang='lat' dir='ltr'>dicere</span> <span class='ocrx_word' id='word_1_234' title='bbox 1048 1626 1240 1675; x_wconf 88' lang='lat' dir='ltr'>oporteat</span> <span class='ocrx_word' id='word_1_235' title='bbox 1261 1626 1301 1661; x_wconf 89' lang='lat' dir='ltr'>et</span> <span class='ocrx_word' id='word_1_236' title='bbox 1321 1621 1424 1675; x_wconf 92' lang='lat' dir='ltr'>quid</span> <span class='ocrx_word' id='word_1_237' title='bbox 1444 1634 1518 1661; x_wconf 87' lang='lat' dir='ltr'>vos</span> <span class='ocrx_word' id='word_1_238' title='bbox 1543 1620 1663 1674; x_wconf 89' lang='lat' dir='ltr'>sequi</span> <span class='ocrx_word' id='word_1_239' title='bbox 1685 1620 1921 1668; x_wconf 86' lang='lat' dir='ltr'>conveniat,</span> 
     </span>
     <span class='ocr_line' id='line_1_24' title="bbox 174 1688 427 1740; baseline -0.008 -12"><span class='ocrx_word' id='word_1_240' title='bbox 174 1688 427 1740; x_wconf 87' lang='lat' dir='ltr'>intelligetis.</span> 
     </span>
    </p>

    <p class='ocr_par' dir='ltr' id='par_1_3' title="bbox 175 1747 1971 2113">
     <span class='ocr_line' id='line_1_25' title="bbox 284 1747 1921 1802; baseline -0.002 -13"><span class='ocrx_word' id='word_1_241' title='bbox 284 1750 395 1789; x_wconf 86' lang='lat' dir='ltr'>XIII.</span> <span class='ocrx_word' id='word_1_242' title='bbox 436 1747 501 1789; x_wconf 76' lang='lat'>35.</span> <span class='ocrx_word' id='word_1_243' title='bbox 542 1751 643 1789; x_wconf 89' lang='lat' dir='ltr'>Tres</span> <span class='ocrx_word' id='word_1_244' title='bbox 680 1754 777 1789; x_wconf 87' lang='lat' dir='ltr'>sunt</span> <span class='ocrx_word' id='word_1_245' title='bbox 812 1762 898 1796; x_wconf 89' lang='lat' dir='ltr'>res,</span> <span class='ocrx_word' id='word_1_246' title='bbox 945 1751 1148 1802; x_wconf 90' lang='lat' dir='ltr'>quantum</span> <span class='ocrx_word' id='word_1_247' title='bbox 1188 1760 1265 1800; x_wconf 86' lang='lat' dir='ltr'>ego</span> <span class='ocrx_word' id='word_1_248' title='bbox 1305 1747 1544 1787; x_wconf 84' lang='lat' dir='ltr'>existimare</span> <span class='ocrx_word' id='word_1_249' title='bbox 1573 1759 1767 1801; x_wconf 89' lang='lat' dir='ltr'>possum,</span> <span class='ocrx_word' id='word_1_250' title='bbox 1813 1759 1921 1801; x_wconf 87' lang='lat' dir='ltr'>quae</span> 
     </span>
     <span class='ocr_line' id='line_1_26' title="bbox 176 1808 1971 1864; baseline -0.002 -12"><span class='ocrx_word' id='word_1_251' title='bbox 176 1813 341 1853; x_wconf 88' lang='lat' dir='ltr'>obstent</span> <span class='ocrx_word' id='word_1_252' title='bbox 368 1812 448 1852; x_wconf 91' lang='lat' dir='ltr'>hoc</span> <span class='ocrx_word' id='word_1_253' title='bbox 480 1817 666 1864; x_wconf 86' lang='lat' dir='ltr'>tempore</span> <span class='ocrx_word' id='word_1_254' title='bbox 696 1812 792 1850; x_wconf 80' lang='lat' dir='ltr'>Sex.</span> <span class='ocrx_word' id='word_1_255' title='bbox 824 1811 998 1850; x_wconf 87' lang='lat' dir='ltr'>Roscio:</span> <span class='ocrx_word' id='word_1_256' title='bbox 1041 1811 1196 1850; x_wconf 87' lang='lat' dir='ltr'>crimen</span> <span class='ocrx_word' id='word_1_257' title='bbox 1235 1809 1571 1850; x_wconf 88' lang='lat' dir='ltr'>adversariorum</span> <span class='ocrx_word' id='word_1_258' title='bbox 1601 1814 1642 1850; x_wconf 90' lang='lat' dir='ltr'>et</span> <span class='ocrx_word' id='word_1_259' title='bbox 1677 1808 1852 1849; x_wconf 88' lang='lat' dir='ltr'>audacia</span> <span class='ocrx_word' id='word_1_260' title='bbox 1882 1812 1971 1849; x_wconf 77' lang='lat' dir='ltr'>et25</span> 
     </span>
     <span class='ocr_line' id='line_1_27' title="bbox 175 1871 1923 1927; baseline -0.001 -14"><span class='ocrx_word' id='word_1_261' title='bbox 175 1875 375 1927; x_wconf 89' lang='lat' dir='ltr'>potentia.</span> <span class='ocrx_word' id='word_1_262' title='bbox 437 1874 628 1913; x_wconf 88' lang='lat' dir='ltr'>Criminis</span> <span class='ocrx_word' id='word_1_263' title='bbox 679 1871 967 1913; x_wconf 85' lang='lat' dir='ltr'>confictionem</span> <span class='ocrx_word' id='word_1_264' title='bbox 1006 1878 1224 1913; x_wconf 87' lang='lat' dir='ltr'>accusator</span> <span class='ocrx_word' id='word_1_265' title='bbox 1259 1874 1437 1913; x_wconf 90' lang='lat' dir='ltr'>Erucius</span> <span class='ocrx_word' id='word_1_266' title='bbox 1477 1872 1681 1925; x_wconf 90' lang='lat' dir='ltr'>suscepit,</span> <span class='ocrx_word' id='word_1_267' title='bbox 1724 1871 1923 1911; x_wconf 85' lang='lat' dir='ltr'>audaciae</span> 
     </span>
     <span class='ocr_line' id='line_1_28' title="bbox 176 1934 1924 1989; baseline -0.001 -14"><span class='ocrx_word' id='word_1_268' title='bbox 176 1941 314 1989; x_wconf 89' lang='lat' dir='ltr'>partes</span> <span class='ocrx_word' id='word_1_269' title='bbox 352 1936 490 1975; x_wconf 86' lang='lat' dir='ltr'>Roscii</span> <span class='ocrx_word' id='word_1_270' title='bbox 531 1935 608 1975; x_wconf 90' lang='lat' dir='ltr'>sihi</span> <span class='ocrx_word' id='word_1_271' title='bbox 653 1940 957 1988; x_wconf 88' lang='lat' dir='ltr'>poposcerunt,</span> <span class='ocrx_word' id='word_1_272' title='bbox 999 1935 1293 1989; x_wconf 79' lang='lat' dir='ltr'>Chrysogonus</span> <span class='ocrx_word' id='word_1_273' title='bbox 1325 1940 1482 1983; x_wconf 89' lang='lat' dir='ltr'>autem,</span> <span class='ocrx_word' id='word_1_274' title='bbox 1524 1935 1560 1975; x_wconf 92' lang='lat' dir='ltr'>is</span> <span class='ocrx_word' id='word_1_275' title='bbox 1591 1934 1665 1988; x_wconf 91' lang='lat' dir='ltr'>qui</span> <span class='ocrx_word' id='word_1_276' title='bbox 1694 1934 1924 1987; x_wconf 89' lang='lat' dir='ltr'>plurimum</span> 
     </span>
     <span class='ocr_line' id='line_1_29' title="bbox 177 1996 1923 2052; baseline -0.002 -14"><span class='ocrx_word' id='word_1_277' title='bbox 177 2003 331 2052; x_wconf 88' lang='lat' dir='ltr'>potest,</span> <span class='ocrx_word' id='word_1_278' title='bbox 376 1998 562 2051; x_wconf 87' lang='lat' dir='ltr'>potentia</span> <span class='ocrx_word' id='word_1_279' title='bbox 602 2003 773 2051; x_wconf 90' lang='lat' dir='ltr'>pugnat.</span> <span class='ocrx_word' id='word_1_280' title='bbox 832 1999 891 2037; x_wconf 91' lang='lat' dir='ltr'>De</span> <span class='ocrx_word' id='word_1_281' title='bbox 928 1998 1044 2037; x_wconf 88' lang='lat' dir='ltr'>hisce</span> <span class='ocrx_word' id='word_1_282' title='bbox 1085 1998 1279 2038; x_wconf 87' lang='lat' dir='ltr'>omnibus</span> <span class='ocrx_word' id='word_1_283' title='bbox 1309 1998 1433 2038; x_wconf 89' lang='lat' dir='ltr'>rebus</span> <span class='ocrx_word' id='word_1_284' title='bbox 1462 2009 1528 2037; x_wconf 88' lang='lat' dir='ltr'>me</span> <span class='ocrx_word' id='word_1_285' title='bbox 1561 1996 1699 2036; x_wconf 88' lang='lat' dir='ltr'>dicere</span> <span class='ocrx_word' id='word_1_286' title='bbox 1730 2000 1923 2050; x_wconf 88' lang='lat' dir='ltr'>oportere</span> 
     </span>
     <span class='ocr_line' id='line_1_30' title="bbox 177 2058 1922 2113; baseline -0.001 -14"><span class='ocrx_word' id='word_1_287' title='bbox 177 2060 377 2113; x_wconf 86' lang='lat' dir='ltr'>intelligo.</span> <span class='ocrx_word' id='word_1_288' title='bbox 435 2058 500 2099; x_wconf 85' lang='grc'>36.</span> <span class='ocrx_word' id='word_1_289' title='bbox 543 2059 655 2107; x_wconf 86' lang='lat' dir='ltr'>Quid</span> <span class='ocrx_word' id='word_1_290' title='bbox 695 2061 822 2113; x_wconf 87' lang='lat' dir='ltr'>igitur</span> <span class='ocrx_word' id='word_1_291' title='bbox 860 2062 952 2100; x_wconf 75' lang='lat' dir='ltr'>est?</span> <span class='ocrx_word' id='word_1_292' title='bbox 1007 2061 1098 2099; x_wconf 90' lang='lat' dir='ltr'>Non</span> <span class='ocrx_word' id='word_1_293' title='bbox 1139 2060 1287 2100; x_wconf 89' lang='lat' dir='ltr'>eodem</span> <span class='ocrx_word' id='word_1_294' title='bbox 1327 2060 1452 2100; x_wconf 92' lang='lat' dir='ltr'>modo</span> <span class='ocrx_word' id='word_1_295' title='bbox 1485 2060 1536 2100; x_wconf 90' lang='lat' dir='ltr'>de</span> <span class='ocrx_word' id='word_1_296' title='bbox 1568 2059 1782 2107; x_wconf 83' lang='lat' dir='ltr'>omnibus3</span> <span class='ocrx_word' id='word_1_297' title='bbox 1826 2058 1922 2098; x_wconf 88' lang='lat' dir='ltr'>ideo</span> 
     </span>
    </p>
   </div>
   <div class='ocr_carea' id='block_1_3' title="bbox 174 2168 1929 3357">
    <p class='ocr_par' dir='ltr' id='par_1_4' title="bbox 174 2168 1929 3357">
     <span class='ocr_line' id='line_1_31' title="bbox 176 2168 1923 2211; baseline 0 -11"><span class='ocrx_word' id='word_1_298' title='bbox 176 2169 198 2204; x_wconf 62' lang='grc' dir='ltr'><strong>ἓ</strong></span> <span class='ocrx_word' id='word_1_299' title='bbox 221 2171 258 2200; x_wconf 85' lang='lat' dir='ltr'>ut</span> <span class='ocrx_word' id='word_1_300' title='bbox 283 2169 452 2201; x_wconf 85' lang='lat' dir='ltr'>mendosa</span> <span class='ocrx_word' id='word_1_301' title='bbox 476 2169 613 2201; x_wconf 84' lang='lat' dir='ltr'>inducta</span> <span class='ocrx_word' id='word_1_302' title='bbox 638 2171 735 2207; x_wconf 73' lang='lat' dir='ltr'>sunt,</span> <span class='ocrx_word' id='word_1_303' title='bbox 763 2169 890 2201; x_wconf 85' lang='lat' dir='ltr'>delevit</span> <span class='ocrx_word' id='word_1_304' title='bbox 912 2170 1023 2201; x_wconf 79' lang='lat' dir='ltr'>Madv,</span> <span class='ocrx_word' id='word_1_305' title='bbox 1051 2171 1122 2211; x_wconf 89' lang='lat' dir='ltr'>(Op.</span> <span class='ocrx_word' id='word_1_306' title='bbox 1148 2172 1171 2202; x_wconf 92' lang='grc' dir='ltr'>Ι.</span> <span class='ocrx_word' id='word_1_307' title='bbox 1197 2179 1230 2211; x_wconf 86' lang='lat' dir='ltr'>p.</span> <span class='ocrx_word' id='word_1_308' title='bbox 1252 2171 1357 2210; x_wconf 58' lang='grc'>419),</span> <span class='ocrx_word' id='word_1_309' title='bbox 1384 2170 1478 2210; x_wconf 92' lang='lat' dir='ltr'>quod</span> <span class='ocrx_word' id='word_1_310' title='bbox 1502 2179 1544 2201; x_wconf 80' lang='lat' dir='ltr'>ex</span> <span class='ocrx_word' id='word_1_311' title='bbox 1567 2171 1678 2202; x_wconf 88' lang='lat' dir='ltr'>Roscii</span> <span class='ocrx_word' id='word_1_312' title='bbox 1702 2179 1853 2211; x_wconf 86' lang='lat' dir='ltr'>persona</span> <span class='ocrx_word' id='word_1_313' title='bbox 1871 2168 1923 2201; x_wconf 89' lang='lat' dir='ltr'>illa</span> 
     </span>
     <span class='ocr_line' id='line_1_32' title="bbox 177 2218 1927 2259; baseline -0.001 -8"><span class='ocrx_word' id='word_1_314' title='bbox 177 2219 290 2251; x_wconf 86' lang='lat' dir='ltr'>omnia</span> <span class='ocrx_word' id='word_1_315' title='bbox 315 2218 486 2250; x_wconf 86' lang='lat' dir='ltr'>dicantur.</span> <span class='ocrx_word' id='word_1_316' title='bbox 531 2221 573 2250; x_wconf 81' lang='lat' dir='ltr'>At</span> <span class='ocrx_word' id='word_1_317' title='bbox 596 2219 679 2259; x_wconf 90' lang='lat' dir='ltr'>quid</span> <span class='ocrx_word' id='word_1_318' title='bbox 704 2219 837 2257; x_wconf 70' lang='lat' dir='ltr'>obstat,</span> <span class='ocrx_word' id='word_1_319' title='bbox 864 2228 932 2259; x_wconf 87' lang='lat' dir='ltr'>quo</span> <span class='ocrx_word' id='word_1_320' title='bbox 957 2220 1070 2251; x_wconf 81' lang='lat' dir='ltr'>minus</span> <span class='ocrx_word' id='word_1_321' title='bbox 1094 2221 1287 2252; x_wconf 83' lang='lat' dir='ltr'>statuamus</span> <span class='ocrx_word' id='word_1_322' title='bbox 1311 2220 1389 2251; x_wconf 87' lang='lat' dir='ltr'>inde</span> <span class='ocrx_word' id='word_1_323' title='bbox 1408 2229 1425 2251; x_wconf 90' lang='lat' dir='ltr'>a</span> <span class='ocrx_word' id='word_1_324' title='bbox 1451 2229 1507 2251; x_wconf 77' lang='lat' dir='ltr'>vv,</span> <span class='ocrx_word' id='word_1_325' title='bbox 1535 2221 1619 2259; x_wconf 84' lang='lat' dir='ltr'>Quid</span> <span class='ocrx_word' id='word_1_326' title='bbox 1639 2220 1737 2251; x_wconf 79' lang='lat' dir='ltr'>vultis</span> <span class='ocrx_word' id='word_1_327' title='bbox 1759 2220 1927 2259; x_wconf 77' lang='lat' dir='ltr'>amptius?</span> 
     </span>
     <span class='ocr_line' id='line_1_33' title="bbox 177 2268 1926 2310; baseline 0.001 -10"><span class='ocrx_word' id='word_1_328' title='bbox 177 2270 351 2300; x_wconf 86' lang='lat' dir='ltr'>oratorem</span> <span class='ocrx_word' id='word_1_329' title='bbox 381 2269 493 2309; x_wconf 84' lang='lat' dir='ltr'>ipsum</span> <span class='ocrx_word' id='word_1_330' title='bbox 517 2277 638 2300; x_wconf 86' lang='lat' dir='ltr'>rursus</span> <span class='ocrx_word' id='word_1_331' title='bbox 663 2269 795 2300; x_wconf 89' lang='lat' dir='ltr'>iudices</span> <span class='ocrx_word' id='word_1_332' title='bbox 819 2268 1023 2310; x_wconf 64' lang='lat' dir='ltr'>appellare?</span> <span class='ocrx_word' id='word_1_333' title='bbox 1057 2269 1199 2300; x_wconf 84' lang='lat' dir='ltr'>Accedit</span> <span class='ocrx_word' id='word_1_334' title='bbox 1224 2269 1334 2310; x_wconf 87' lang='lat' dir='ltr'>quod,</span> <span class='ocrx_word' id='word_1_335' title='bbox 1369 2270 1396 2302; x_wconf 93' lang='lat' dir='ltr'>si</span> <span class='ocrx_word' id='word_1_336' title='bbox 1420 2270 1453 2301; x_wconf 90' lang='lat' dir='ltr'>S.</span> <span class='ocrx_word' id='word_1_337' title='bbox 1479 2270 1630 2301; x_wconf 82' lang='lat' dir='ltr'>Roscium</span> <span class='ocrx_word' id='word_1_338' title='bbox 1653 2269 1811 2307; x_wconf 81' lang='lat' dir='ltr'>abesset,</span> <span class='ocrx_word' id='word_1_339' title='bbox 1843 2278 1926 2310; x_wconf 89' lang='lat' dir='ltr'>pro—</span> 
     </span>
     <span class='ocr_line' id='line_1_34' title="bbox 177 2318 1926 2360; baseline 0.001 -11"><span class='ocrx_word' id='word_1_340' title='bbox 177 2327 303 2350; x_wconf 89' lang='lat' dir='ltr'>nomen</span> <span class='ocrx_word' id='word_1_341' title='bbox 326 2327 376 2349; x_wconf 85' lang='lat' dir='ltr'>me</span> <span class='ocrx_word' id='word_1_342' title='bbox 399 2327 502 2359; x_wconf 85' lang='lat' dir='ltr'>aegre</span> <span class='ocrx_word' id='word_1_343' title='bbox 527 2318 797 2351; x_wconf 83' lang='lat' dir='ltr'>desideraretur.</span> <span class='ocrx_word' id='word_1_344' title='bbox 835 2320 884 2351; x_wconf 79' lang='lat' dir='ltr'>Cf.</span> <span class='ocrx_word' id='word_1_345' title='bbox 911 2328 1003 2351; x_wconf 86' lang='lat' dir='ltr'>nunc</span> <span class='ocrx_word' id='word_1_346' title='bbox 1027 2320 1131 2350; x_wconf 85' lang='lat' dir='ltr'>etiam</span> <span class='ocrx_word' id='word_1_347' title='bbox 1155 2318 1260 2350; x_wconf 82' lang='lat' dir='ltr'>Klotz,</span> <span class='ocrx_word' id='word_1_348' title='bbox 1287 2320 1320 2350; x_wconf 91' lang='lat' dir='ltr'>in</span> <span class='ocrx_word' id='word_1_349' title='bbox 1344 2319 1454 2351; x_wconf 86' lang='lat' dir='ltr'>Praef.</span> <span class='ocrx_word' id='word_1_350' title='bbox 1474 2319 1529 2351; x_wconf 89' lang='lat' dir='ltr'>ed.</span> <span class='ocrx_word' id='word_1_351' title='bbox 1548 2320 1587 2351; x_wconf 93' lang='lat' dir='ltr'>II.</span> <span class='ocrx_word' id='word_1_352' title='bbox 1612 2328 1647 2360; x_wconf 91' lang='lat' dir='ltr'>p.</span> <span class='ocrx_word' id='word_1_353' title='bbox 1666 2320 1751 2351; x_wconf 86' lang='lat' dir='ltr'><strong>XIII.</strong></span> <span class='ocrx_word' id='word_1_354' title='bbox 1781 2336 1816 2341; x_wconf 86' lang='lat'>—</span> <span class='ocrx_word' id='word_1_355' title='bbox 1841 2318 1872 2350; x_wconf 89' lang='lat'>3.</span> <span class='ocrx_word' id='word_1_356' title='bbox 1898 2319 1926 2350; x_wconf 82' lang='lat' dir='ltr'>is</span> 
     </span>
     <span class='ocr_line' id='line_1_35' title="bbox 175 2367 1925 2409; baseline 0.001 -10"><span class='ocrx_word' id='word_1_357' title='bbox 175 2367 259 2409; x_wconf 86' lang='lat' dir='ltr'>cum]</span> <span class='ocrx_word' id='word_1_358' title='bbox 283 2368 336 2399; x_wconf 77' lang='lat' dir='ltr'>cai</span> <span class='ocrx_word' id='word_1_359' title='bbox 360 2369 396 2399; x_wconf 89' lang='lat' dir='ltr'>G.</span> <span class='ocrx_word' id='word_1_360' title='bbox 425 2387 460 2391; x_wconf 96' lang='lat'><strong>—</strong></span> <span class='ocrx_word' id='word_1_361' title='bbox 485 2369 649 2407; x_wconf 79' lang='lat' dir='ltr'>martique</span> <span class='ocrx_word' id='word_1_362' title='bbox 671 2369 797 2400; x_wconf 81' lang='lat' dir='ltr'>scevola</span> <span class='ocrx_word' id='word_1_363' title='bbox 822 2370 858 2400; x_wconf 87' lang='lat' dir='ltr'>G.</span> <span class='ocrx_word' id='word_1_364' title='bbox 888 2387 923 2391; x_wconf 88' lang='lat'>—</span> <span class='ocrx_word' id='word_1_365' title='bbox 950 2369 980 2400; x_wconf 84' lang='lat'>6.</span> <span class='ocrx_word' id='word_1_366' title='bbox 1007 2372 1089 2400; x_wconf 84' lang='lat' dir='ltr'>tenet</span> <span class='ocrx_word' id='word_1_367' title='bbox 1112 2369 1187 2400; x_wconf 84' lang='lat' dir='ltr'>cod.</span> <span class='ocrx_word' id='word_1_368' title='bbox 1216 2368 1337 2402; x_wconf 81' lang='lat' dir='ltr'>Ursini.</span> <span class='ocrx_word' id='word_1_369' title='bbox 1367 2387 1401 2392; x_wconf 89' lang='lat'>-—</span> <span class='ocrx_word' id='word_1_370' title='bbox 1429 2369 1458 2400; x_wconf 88' lang='lat'>9.</span> <span class='ocrx_word' id='word_1_371' title='bbox 1488 2369 1538 2409; x_wconf 83' lang='lat' dir='ltr'>ne]</span> <span class='ocrx_word' id='word_1_372' title='bbox 1563 2378 1620 2400; x_wconf 85' lang='lat' dir='ltr'>nee</span> <span class='ocrx_word' id='word_1_373' title='bbox 1645 2371 1681 2400; x_wconf 91' lang='lat' dir='ltr'>G.</span> <span class='ocrx_word' id='word_1_374' title='bbox 1710 2385 1747 2391; x_wconf 92' lang='lat'><em>-</em></span> <span class='ocrx_word' id='word_1_375' title='bbox 1775 2368 1827 2400; x_wconf 73' lang='lat'>42.</span> <span class='ocrx_word' id='word_1_376' title='bbox 1853 2371 1925 2400; x_wconf 86' lang='lat' dir='ltr'>tan-</span> 
     </span>
     <span class='ocr_line' id='line_1_36' title="bbox 176 2417 1928 2460; baseline 0.001 -11"><span class='ocrx_word' id='word_1_377' title='bbox 176 2422 244 2449; x_wconf 81' lang='lat' dir='ltr'>tum</span> <span class='ocrx_word' id='word_1_378' title='bbox 262 2419 369 2458; x_wconf 81' lang='lat' dir='ltr'>potuit</span> <span class='ocrx_word' id='word_1_379' title='bbox 390 2418 435 2458; x_wconf 79' lang='lat' dir='ltr'>ut]</span> <span class='ocrx_word' id='word_1_380' title='bbox 468 2418 555 2450; x_wconf 88' lang='lat' dir='ltr'>haec</span> <span class='ocrx_word' id='word_1_381' title='bbox 583 2420 621 2450; x_wconf 86' lang='lat' dir='ltr'>ut</span> <span class='ocrx_word' id='word_1_382' title='bbox 650 2419 872 2460; x_wconf 84' lang='lat' dir='ltr'>suppositieia</span> <span class='ocrx_word' id='word_1_383' title='bbox 902 2420 1014 2450; x_wconf 83' lang='lat' dir='ltr'>Garat.</span> <span class='ocrx_word' id='word_1_384' title='bbox 1042 2420 1082 2459; x_wconf 81' lang='lat'>(2)</span> <span class='ocrx_word' id='word_1_385' title='bbox 1115 2420 1257 2450; x_wconf 91' lang='lat' dir='ltr'>auctore</span> <span class='ocrx_word' id='word_1_386' title='bbox 1286 2417 1420 2450; x_wconf 87' lang='lat' dir='ltr'>inclusi.</span> <span class='ocrx_word' id='word_1_387' title='bbox 1463 2419 1663 2457; x_wconf 89' lang='lat' dir='ltr'>«Quaenam</span> <span class='ocrx_word' id='word_1_388' title='bbox 1688 2420 1741 2451; x_wconf 83' lang='lat' dir='ltr'>est</span> <span class='ocrx_word' id='word_1_389' title='bbox 1763 2419 1853 2450; x_wconf 87' lang='lat' dir='ltr'>haec</span> <span class='ocrx_word' id='word_1_390' title='bbox 1875 2418 1928 2451; x_wconf 87' lang='lat' dir='ltr'>lo-</span> 
     </span>
     <span class='ocr_line' id='line_1_37' title="bbox 177 2468 1927 2510; baseline 0 -10"><span class='ocrx_word' id='word_1_391' title='bbox 177 2468 305 2509; x_wconf 90' lang='lat' dir='ltr'>quendi</span> <span class='ocrx_word' id='word_1_392' title='bbox 328 2469 442 2500; x_wconf 73' lang='lat' dir='ltr'>ratio‘!</span> <span class='ocrx_word' id='word_1_393' title='bbox 476 2472 604 2500; x_wconf 83' lang='lat' dir='ltr'>tantum</span> <span class='ocrx_word' id='word_1_394' title='bbox 623 2470 748 2508; x_wconf 82' lang='lat' dir='ltr'>potuit!</span> <span class='ocrx_word' id='word_1_395' title='bbox 784 2471 836 2501; x_wconf 88' lang='lat' dir='ltr'>est</span> <span class='ocrx_word' id='word_1_396' title='bbox 859 2469 1062 2501; x_wconf 84' lang='lat' dir='ltr'>admirantis</span> <span class='ocrx_word' id='word_1_397' title='bbox 1085 2469 1289 2510; x_wconf 82' lang='lat' dir='ltr'>adscriptio,</span> <span class='ocrx_word' id='word_1_398' title='bbox 1316 2478 1385 2509; x_wconf 84' lang='lat' dir='ltr'>qua</span> <span class='ocrx_word' id='word_1_399' title='bbox 1410 2468 1519 2500; x_wconf 88' lang='lat' dir='ltr'>semel</span> <span class='ocrx_word' id='word_1_400' title='bbox 1543 2469 1577 2500; x_wconf 89' lang='lat' dir='ltr'>in</span> <span class='ocrx_word' id='word_1_401' title='bbox 1601 2468 1761 2500; x_wconf 88' lang='lat' dir='ltr'>ordinem</span> <span class='ocrx_word' id='word_1_402' title='bbox 1784 2470 1927 2510; x_wconf 88' lang='lat' dir='ltr'>recepta</span> 
     </span>
     <span class='ocr_line' id='line_1_38' title="bbox 175 2518 1924 2559; baseline 0.001 -10"><span class='ocrx_word' id='word_1_403' title='bbox 175 2521 211 2549; x_wconf 80' lang='lat' dir='ltr'>ut</span> <span class='ocrx_word' id='word_1_404' title='bbox 234 2518 384 2549; x_wconf 88' lang='lat' dir='ltr'>adiicere</span> <span class='ocrx_word' id='word_1_405' title='bbox 408 2526 555 2550; x_wconf 84' lang='lat' dir='ltr'>necesse</span> <span class='ocrx_word' id='word_1_406' title='bbox 579 2519 674 2550; x_wconf 86' lang='lat' dir='ltr'>fuit.»</span> <span class='ocrx_word' id='word_1_407' title='bbox 713 2519 926 2559; x_wconf 77' lang='lat' dir='ltr'>suffragatur</span> <span class='ocrx_word' id='word_1_408' title='bbox 948 2521 1049 2550; x_wconf 83' lang='lat' dir='ltr'>acuto</span> <span class='ocrx_word' id='word_1_409' title='bbox 1074 2519 1247 2550; x_wconf 89' lang='lat' dir='ltr'>Garatonii</span> <span class='ocrx_word' id='word_1_410' title='bbox 1270 2518 1396 2549; x_wconf 88' lang='lat' dir='ltr'>iudicio</span> <span class='ocrx_word' id='word_1_411' title='bbox 1419 2519 1466 2550; x_wconf 76' lang='lat' dir='ltr'>Mi</span> <span class='ocrx_word' id='word_1_412' title='bbox 1483 2543 1490 2556; x_wconf 80' lang='lat'>,</span> <span class='ocrx_word' id='word_1_413' title='bbox 1527 2519 1562 2550; x_wconf 87' lang='lat' dir='ltr'>in</span> <span class='ocrx_word' id='word_1_414' title='bbox 1598 2527 1666 2559; x_wconf 90' lang='lat' dir='ltr'>quo</span> <span class='ocrx_word' id='word_1_415' title='bbox 1689 2522 1725 2549; x_wconf 86' lang='lat' dir='ltr'>ut</span> <span class='ocrx_word' id='word_1_416' title='bbox 1748 2518 1860 2550; x_wconf 85' lang='lat' dir='ltr'>deest.</span> <span class='ocrx_word' id='word_1_417' title='bbox 1889 2536 1924 2540; x_wconf 97' lang='lat'><strong>—</strong></span> 
     </span>
     <span class='ocr_line' id='line_1_39' title="bbox 178 2567 1927 2610; baseline -0.001 -10"><span class='ocrx_word' id='word_1_418' title='bbox 178 2568 305 2600; x_wconf 86' lang='lat' dir='ltr'>Contra</span> <span class='ocrx_word' id='word_1_419' title='bbox 329 2568 563 2608; x_wconf 78' lang='lat' dir='ltr'>Heusingerus</span> <span class='ocrx_word' id='word_1_420' title='bbox 586 2577 641 2599; x_wconf 89' lang='lat' dir='ltr'>vv.</span> <span class='ocrx_word' id='word_1_421' title='bbox 667 2578 750 2608; x_wconf 82' lang='lat' dir='ltr'>quae</span> <span class='ocrx_word' id='word_1_422' title='bbox 776 2573 903 2600; x_wconf 81' lang='lat' dir='ltr'>tantam</span> <span class='ocrx_word' id='word_1_423' title='bbox 926 2577 1037 2609; x_wconf 89' lang='lat' dir='ltr'>usque</span> <span class='ocrx_word' id='word_1_424' title='bbox 1061 2568 1106 2600; x_wconf 88' lang='lat' dir='ltr'>ad</span> <span class='ocrx_word' id='word_1_425' title='bbox 1129 2569 1289 2610; x_wconf 55' lang='lat' dir='ltr'>affluerit</span> <span class='ocrx_word' id='word_1_426' title='bbox 1314 2567 1511 2599; x_wconf 86' lang='lat' dir='ltr'>inducenda</span> <span class='ocrx_word' id='word_1_427' title='bbox 1535 2568 1754 2600; x_wconf 86' lang='lat' dir='ltr'>existimavit.</span> <span class='ocrx_word' id='word_1_428' title='bbox 1783 2586 1818 2590; x_wconf 97' lang='lat'><strong>—</strong></span> <span class='ocrx_word' id='word_1_429' title='bbox 1843 2568 1927 2599; x_wconf 85' lang='lat' dir='ltr'>cives</span> 
     </span>
     <span class='ocr_line' id='line_1_40' title="bbox 179 2616 1927 2658; baseline 0.001 -9"><span class='ocrx_word' id='word_1_430' title='bbox 179 2616 243 2658; x_wconf 87' lang='lat' dir='ltr'>(vel</span> <span class='ocrx_word' id='word_1_431' title='bbox 265 2617 356 2658; x_wconf 85' lang='lat' dir='ltr'>civis)</span> <span class='ocrx_word' id='word_1_432' title='bbox 379 2618 620 2658; x_wconf 61' lang='lat' dir='ltr'>MHRSwa,</span> <span class='ocrx_word' id='word_1_433' title='bbox 646 2618 664 2649; x_wconf 89' lang='grc'><strong>3</strong></span> <span class='ocrx_word' id='word_1_434' title='bbox 689 2620 804 2650; x_wconf 91' lang='lat' dir='ltr'>Parr.:</span> <span class='ocrx_word' id='word_1_435' title='bbox 831 2620 915 2650; x_wconf 75' lang='lat' dir='ltr'>cives</span> <span class='ocrx_word' id='word_1_436' title='bbox 939 2628 1013 2650; x_wconf 85' lang='lat' dir='ltr'>suos</span> <span class='ocrx_word' id='word_1_437' title='bbox 1036 2619 1144 2656; x_wconf 79' lang='lat' dir='ltr'>Ovc;</span> <span class='ocrx_word' id='word_1_438' title='bbox 1170 2619 1254 2650; x_wconf 81' lang='lat' dir='ltr'>cives</span> <span class='ocrx_word' id='word_1_439' title='bbox 1276 2619 1398 2650; x_wconf 77' lang='lat' dir='ltr'>occisus</span> <span class='ocrx_word' id='word_1_440' title='bbox 1422 2619 1467 2656; x_wconf 87' lang='lat' dir='ltr'>G,</span> <span class='ocrx_word' id='word_1_441' title='bbox 1494 2619 1569 2649; x_wconf 90' lang='lat' dir='ltr'>Par.</span> <span class='ocrx_word' id='word_1_442' title='bbox 1594 2619 1623 2650; x_wconf 81' lang='grc'>4.</span> <span class='ocrx_word' id='word_1_443' title='bbox 1650 2618 1681 2651; x_wconf 78' lang='lat'>4.</span> <span class='ocrx_word' id='word_1_444' title='bbox 1709 2617 1772 2650; x_wconf 93' lang='lat' dir='ltr'>soli</span> <span class='ocrx_word' id='word_1_445' title='bbox 1797 2626 1839 2650; x_wconf 83' lang='lat' dir='ltr'>ex</span> <span class='ocrx_word' id='word_1_446' title='bbox 1862 2627 1927 2650; x_wconf 90' lang='lat' dir='ltr'>no-</span> 
     </span>
     <span class='ocr_line' id='line_1_41' title="bbox 176 2667 1927 2708; baseline 0.001 -10"><span class='ocrx_word' id='word_1_447' title='bbox 176 2668 230 2699; x_wconf 90' lang='lat' dir='ltr'>tis.</span> <span class='ocrx_word' id='word_1_448' title='bbox 258 2685 293 2688; x_wconf 97' lang='lat'><strong>—</strong></span> <span class='ocrx_word' id='word_1_449' title='bbox 319 2667 395 2708; x_wconf 78' lang='lat' dir='ltr'>adst.</span> <span class='ocrx_word' id='word_1_450' title='bbox 423 2669 459 2699; x_wconf 90' lang='lat' dir='ltr'>G.</span> <span class='ocrx_word' id='word_1_451' title='bbox 489 2683 523 2690; x_wconf 91' lang='lat'>—-</span> <span class='ocrx_word' id='word_1_452' title='bbox 551 2668 603 2699; x_wconf 75' lang='lat'>43.</span> <span class='ocrx_word' id='word_1_453' title='bbox 629 2676 761 2700; x_wconf 79' lang='lat' dir='ltr'>servare</span> <span class='ocrx_word' id='word_1_454' title='bbox 784 2670 855 2700; x_wconf 89' lang='lat' dir='ltr'>GM</span> <span class='ocrx_word' id='word_1_455' title='bbox 866 2678 886 2699; x_wconf 75' lang='lat' dir='ltr'>v</span> <span class='ocrx_word' id='word_1_456' title='bbox 902 2677 939 2700; x_wconf 87' lang='lat' dir='ltr'>c:</span> <span class='ocrx_word' id='word_1_457' title='bbox 971 2677 1163 2700; x_wconf 83' lang='lat' dir='ltr'>conservare</span> <span class='ocrx_word' id='word_1_458' title='bbox 1187 2669 1211 2700; x_wconf 95' lang='lat' dir='ltr'>C</span> <span class='ocrx_word' id='word_1_459' title='bbox 1226 2669 1331 2700; x_wconf 86' lang='lat' dir='ltr'>HSa.</span> <span class='ocrx_word' id='word_1_460' title='bbox 1361 2684 1396 2690; x_wconf 94' lang='lat'><strong>—</strong></span> <span class='ocrx_word' id='word_1_461' title='bbox 1418 2676 1480 2707; x_wconf 79' lang='lat' dir='ltr'>per</span> <span class='ocrx_word' id='word_1_462' title='bbox 1502 2676 1642 2707; x_wconf 58' lang='lat' dir='ltr'>compos</span> <span class='ocrx_word' id='word_1_463' title='bbox 1668 2676 1741 2699; x_wconf 84' lang='lat' dir='ltr'>ao:</span> <span class='ocrx_word' id='word_1_464' title='bbox 1763 2677 1825 2708; x_wconf 85' lang='lat' dir='ltr'>per</span> <span class='ocrx_word' id='word_1_465' title='bbox 1847 2677 1927 2699; x_wconf 87' lang='lat' dir='ltr'>con-</span> 
     </span>
     <span class='ocr_line' id='line_1_42' title="bbox 176 2717 1924 2760; baseline 0 -12"><span class='ocrx_word' id='word_1_466' title='bbox 176 2725 311 2749; x_wconf 85' lang='lat' dir='ltr'>seruare</span> <span class='ocrx_word' id='word_1_467' title='bbox 328 2717 518 2756; x_wconf 77' lang='lat' dir='ltr'>positionem</span> <span class='ocrx_word' id='word_1_468' title='bbox 543 2719 584 2753; x_wconf 78' lang='lat' dir='ltr'>G;</span> <span class='ocrx_word' id='word_1_469' title='bbox 607 2728 668 2758; x_wconf 84' lang='lat' dir='ltr'>per</span> <span class='ocrx_word' id='word_1_470' title='bbox 690 2728 754 2750; x_wconf 83' lang='lat' dir='ltr'>cos.</span> <span class='ocrx_word' id='word_1_471' title='bbox 781 2719 846 2760; x_wconf 89' lang='lat' dir='ltr'>(eos</span> <span class='ocrx_word' id='word_1_472' title='bbox 862 2720 909 2750; x_wconf 80' lang='lat' dir='ltr'>Ml</span> <span class='ocrx_word' id='word_1_473' title='bbox 927 2719 957 2758; x_wconf 92' lang='lat' dir='ltr'>v)</span> <span class='ocrx_word' id='word_1_474' title='bbox 982 2719 1209 2758; x_wconf 76' lang='lat' dir='ltr'>repositionem</span> <span class='ocrx_word' id='word_1_475' title='bbox 1223 2718 1256 2749; x_wconf 87' lang='grc' dir='ltr'><strong>Μ</strong></span> <span class='ocrx_word' id='word_1_476' title='bbox 1269 2726 1305 2755; x_wconf 81' lang='lat' dir='ltr'>v;</span> <span class='ocrx_word' id='word_1_477' title='bbox 1338 2726 1400 2757; x_wconf 81' lang='lat' dir='ltr'>per</span> <span class='ocrx_word' id='word_1_478' title='bbox 1417 2717 1612 2756; x_wconf 78' lang='lat' dir='ltr'>positionem</span> <span class='ocrx_word' id='word_1_479' title='bbox 1629 2717 1665 2749; x_wconf 94' lang='lat' dir='ltr'>C.</span> <span class='ocrx_word' id='word_1_480' title='bbox 1687 2735 1722 2740; x_wconf 92' lang='lat'><em>-</em></span> <span class='ocrx_word' id='word_1_481' title='bbox 1747 2717 1824 2759; x_wconf 86' lang='lat' dir='ltr'>ipse]</span> <span class='ocrx_word' id='word_1_482' title='bbox 1849 2718 1877 2748; x_wconf 84' lang='lat' dir='ltr'>is</span> <span class='ocrx_word' id='word_1_483' title='bbox 1891 2726 1924 2749; x_wconf 90' lang='lat' dir='ltr'>v.</span> 
     </span>
     <span class='ocr_line' id='line_1_43' title="bbox 179 2765 1928 2809; baseline 0.001 -13"><span class='ocrx_word' id='word_1_484' title='bbox 179 2785 214 2789; x_wconf 90' lang='lat'>-—</span> <span class='ocrx_word' id='word_1_485' title='bbox 241 2765 281 2797; x_wconf 90' lang='lat' dir='ltr'>ab</span> <span class='ocrx_word' id='word_1_486' title='bbox 303 2766 363 2797; x_wconf 85' lang='lat' dir='ltr'>hiis</span> <span class='ocrx_word' id='word_1_487' title='bbox 379 2767 423 2804; x_wconf 89' lang='lat' dir='ltr'>G;</span> <span class='ocrx_word' id='word_1_488' title='bbox 449 2767 489 2798; x_wconf 90' lang='lat' dir='ltr'>ab</span> <span class='ocrx_word' id='word_1_489' title='bbox 512 2768 560 2798; x_wconf 82' lang='lat' dir='ltr'>his</span> <span class='ocrx_word' id='word_1_490' title='bbox 583 2777 603 2799; x_wconf 93' lang='lat' dir='ltr'>v</span> <span class='ocrx_word' id='word_1_491' title='bbox 617 2777 636 2800; x_wconf 89' lang='lat' dir='ltr'>a</span> <span class='ocrx_word' id='word_1_492' title='bbox 650 2778 690 2806; x_wconf 72' lang='lat' dir='ltr'>c,</span> <span class='ocrx_word' id='word_1_493' title='bbox 718 2769 758 2800; x_wconf 90' lang='lat' dir='ltr'>ab</span> <span class='ocrx_word' id='word_1_494' title='bbox 782 2770 856 2800; x_wconf 82' lang='lat' dir='ltr'>aliis</span> <span class='ocrx_word' id='word_1_495' title='bbox 878 2770 924 2800; x_wconf 88' lang='lat' dir='ltr'>Mi</span> <span class='ocrx_word' id='word_1_496' title='bbox 959 2769 1113 2809; x_wconf 86' lang='lat' dir='ltr'>(Ravius:</span> <span class='ocrx_word' id='word_1_497' title='bbox 1140 2768 1181 2799; x_wconf 87' lang='lat' dir='ltr'>ab</span> <span class='ocrx_word' id='word_1_498' title='bbox 1208 2766 1348 2798; x_wconf 74' lang='lat' dir='ltr'>hostibus</span> <span class='ocrx_word' id='word_1_499' title='bbox 1367 2767 1500 2807; x_wconf 78' lang='lat' dir='ltr'>patriae</span> <span class='ocrx_word' id='word_1_500' title='bbox 1522 2767 1684 2809; x_wconf 80' lang='lat' dir='ltr'>nefariis).</span> <span class='ocrx_word' id='word_1_501' title='bbox 1706 2785 1741 2790; x_wconf 91' lang='lat'>—-</span> <span class='ocrx_word' id='word_1_502' title='bbox 1760 2766 1819 2799; x_wconf 60' lang='lat'>44.</span> <span class='ocrx_word' id='word_1_503' title='bbox 1840 2767 1928 2798; x_wconf 83' lang='lat' dir='ltr'>Fim-</span> 
     </span>
     <span class='ocr_line' id='line_1_44' title="bbox 176 2815 1927 2859; baseline 0.001 -12"><span class='ocrx_word' id='word_1_504' title='bbox 176 2816 292 2847; x_wconf 83' lang='lat' dir='ltr'>briano</span> <span class='ocrx_word' id='word_1_505' title='bbox 315 2816 525 2859; x_wconf 84' lang='lat' dir='ltr'>simillimum]</span> <span class='ocrx_word' id='word_1_506' title='bbox 550 2818 600 2850; x_wconf 88' lang='lat' dir='ltr'>sic</span> <span class='ocrx_word' id='word_1_507' title='bbox 623 2819 822 2851; x_wconf 86' lang='lat' dir='ltr'>Rufinianus</span> <span class='ocrx_word' id='word_1_508' title='bbox 847 2818 890 2850; x_wconf 88' lang='lat' dir='ltr'>de</span> <span class='ocrx_word' id='word_1_509' title='bbox 915 2818 970 2858; x_wconf 83' lang='lat' dir='ltr'>fig.</span> <span class='ocrx_word' id='word_1_510' title='bbox 997 2818 1027 2858; x_wconf 65' lang='grc'>5.</span> <span class='ocrx_word' id='word_1_511' title='bbox 1052 2819 1124 2857; x_wconf 83' lang='lat'>23.‚</span> <span class='ocrx_word' id='word_1_512' title='bbox 1150 2819 1188 2849; x_wconf 88' lang='lat' dir='ltr'>ut</span> <span class='ocrx_word' id='word_1_513' title='bbox 1211 2817 1300 2848; x_wconf 87' lang='lat' dir='ltr'>coni.</span> <span class='ocrx_word' id='word_1_514' title='bbox 1327 2818 1363 2849; x_wconf 89' lang='lat' dir='ltr'>R.</span> <span class='ocrx_word' id='word_1_515' title='bbox 1389 2817 1646 2848; x_wconf 76' lang='lat' dir='ltr'>Boemoraeus:</span> <span class='ocrx_word' id='word_1_516' title='bbox 1675 2815 1840 2848; x_wconf 82' lang='lat' dir='ltr'>Fimbriae</span> <span class='ocrx_word' id='word_1_517' title='bbox 1861 2826 1927 2848; x_wconf 84' lang='lat' dir='ltr'>non</span> 
     </span>
     <span class='ocr_line' id='line_1_45' title="bbox 175 2866 1926 2907; baseline 0.001 -10"><span class='ocrx_word' id='word_1_518' title='bbox 175 2866 376 2898; x_wconf 83' lang='lat' dir='ltr'>simillimum</span> <span class='ocrx_word' id='word_1_519' title='bbox 398 2867 500 2898; x_wconf 89' lang='lat' dir='ltr'>codd.</span> <span class='ocrx_word' id='word_1_520' title='bbox 522 2886 557 2890; x_wconf 97' lang='lat'><strong>—</strong></span> <span class='ocrx_word' id='word_1_521' title='bbox 583 2869 635 2900; x_wconf 73' lang='lat'>45.</span> <span class='ocrx_word' id='word_1_522' title='bbox 661 2878 694 2900; x_wconf 85' lang='lat' dir='ltr'>se</span> <span class='ocrx_word' id='word_1_523' title='bbox 717 2878 786 2901; x_wconf 91' lang='lat' dir='ltr'>om.</span> <span class='ocrx_word' id='word_1_524' title='bbox 812 2878 844 2901; x_wconf 84' lang='lat' dir='ltr'>v.</span> <span class='ocrx_word' id='word_1_525' title='bbox 867 2888 901 2892; x_wconf 79' lang='lat'>—</span> <span class='ocrx_word' id='word_1_526' title='bbox 929 2869 980 2900; x_wconf 72' lang='lat'>46.</span> <span class='ocrx_word' id='word_1_527' title='bbox 1005 2877 1070 2899; x_wconf 85' lang='lat' dir='ltr'>non</span> <span class='ocrx_word' id='word_1_528' title='bbox 1092 2871 1170 2900; x_wconf 85' lang='lat' dir='ltr'>esset</span> <span class='ocrx_word' id='word_1_529' title='bbox 1193 2877 1223 2900; x_wconf 92' lang='lat' dir='ltr'>a.</span> <span class='ocrx_word' id='word_1_530' title='bbox 1245 2886 1279 2889; x_wconf 97' lang='lat'><strong>—</strong></span> <span class='ocrx_word' id='word_1_531' title='bbox 1306 2868 1386 2899; x_wconf 77' lang='lat' dir='ltr'>illud</span> <span class='ocrx_word' id='word_1_532' title='bbox 1403 2868 1487 2907; x_wconf 83' lang='lat' dir='ltr'>quod</span> <span class='ocrx_word' id='word_1_533' title='bbox 1509 2868 1544 2898; x_wconf 88' lang='lat' dir='ltr'>in</span> <span class='ocrx_word' id='word_1_534' title='bbox 1558 2876 1591 2899; x_wconf 90' lang='lat' dir='ltr'>v.</span> <span class='ocrx_word' id='word_1_535' title='bbox 1614 2885 1648 2890; x_wconf 89' lang='lat'><em>-</em></span> <span class='ocrx_word' id='word_1_536' title='bbox 1675 2867 1726 2898; x_wconf 75' lang='lat'>47.</span> <span class='ocrx_word' id='word_1_537' title='bbox 1748 2876 1827 2898; x_wconf 87' lang='lat' dir='ltr'>num</span> <span class='ocrx_word' id='word_1_538' title='bbox 1843 2870 1887 2898; x_wconf 85' lang='lat' dir='ltr'>est</span> <span class='ocrx_word' id='word_1_539' title='bbox 1901 2867 1926 2907; x_wconf 84' lang='lat' dir='ltr'>f.</span> 
     </span>
     <span class='ocr_line' id='line_1_46' title="bbox 176 2915 1925 2960; baseline 0 -13"><span class='ocrx_word' id='word_1_540' title='bbox 176 2916 409 2948; x_wconf 87' lang='lat' dir='ltr'>Hotomanus:</span> <span class='ocrx_word' id='word_1_541' title='bbox 435 2926 500 2948; x_wconf 85' lang='lat' dir='ltr'>non</span> <span class='ocrx_word' id='word_1_542' title='bbox 522 2921 568 2949; x_wconf 81' lang='lat' dir='ltr'>est</span> <span class='ocrx_word' id='word_1_543' title='bbox 587 2919 611 2958; x_wconf 84' lang='lat' dir='ltr'>f.</span> <span class='ocrx_word' id='word_1_544' title='bbox 631 2919 733 2950; x_wconf 89' lang='lat' dir='ltr'>codd.</span> <span class='ocrx_word' id='word_1_545' title='bbox 752 2920 777 2951; x_wconf 94' lang='lat' dir='ltr'>O</span> <span class='ocrx_word' id='word_1_546' title='bbox 791 2944 798 2957; x_wconf 82' lang='lat'>‚</span> <span class='ocrx_word' id='word_1_547' title='bbox 824 2927 930 2960; x_wconf 87' lang='lat' dir='ltr'>quam</span> <span class='ocrx_word' id='word_1_548' title='bbox 948 2917 1134 2950; x_wconf 85' lang='lat' dir='ltr'>lectionem</span> <span class='ocrx_word' id='word_1_549' title='bbox 1152 2918 1342 2951; x_wconf 86' lang='lat' dir='ltr'>defendunt</span> <span class='ocrx_word' id='word_1_550' title='bbox 1358 2917 1479 2950; x_wconf 88' lang='lat' dir='ltr'>Lamb.</span> <span class='ocrx_word' id='word_1_551' title='bbox 1499 2919 1533 2950; x_wconf 85' lang='lat' dir='ltr'>et</span> <span class='ocrx_word' id='word_1_552' title='bbox 1551 2917 1677 2949; x_wconf 85' lang='lat' dir='ltr'>Iordan</span> <span class='ocrx_word' id='word_1_553' title='bbox 1693 2915 1714 2948; x_wconf 90' lang='lat' dir='ltr'>l.</span> <span class='ocrx_word' id='word_1_554' title='bbox 1734 2925 1764 2948; x_wconf 86' lang='lat' dir='ltr'>c.</span> <span class='ocrx_word' id='word_1_555' title='bbox 1782 2925 1816 2957; x_wconf 91' lang='lat' dir='ltr'>p.</span> <span class='ocrx_word' id='word_1_556' title='bbox 1836 2917 1925 2955; x_wconf 80' lang='lat'>66¹.;</span> 
     </span>
     <span class='ocr_line' id='line_1_47' title="bbox 177 2965 1924 3009; baseline 0.001 -12"><span class='ocrx_word' id='word_1_557' title='bbox 177 2968 211 2997; x_wconf 83' lang='lat' dir='ltr'>at</span> <span class='ocrx_word' id='word_1_558' title='bbox 226 2975 258 2998; x_wconf 92' lang='lat' dir='ltr'>v.</span> <span class='ocrx_word' id='word_1_559' title='bbox 273 2966 353 2998; x_wconf 89' lang='lat' dir='ltr'>Ern.</span> <span class='ocrx_word' id='word_1_560' title='bbox 368 2966 446 3007; x_wconf 86' lang='lat' dir='ltr'>(non</span> <span class='ocrx_word' id='word_1_561' title='bbox 461 2965 528 2999; x_wconf 91' lang='lat' dir='ltr'>del.</span> <span class='ocrx_word' id='word_1_562' title='bbox 544 2968 727 3001; x_wconf 87' lang='lat' dir='ltr'>Victorius.</span> <span class='ocrx_word' id='word_1_563' title='bbox 753 2969 828 3000; x_wconf 86' lang='lat' dir='ltr'>Vid.</span> <span class='ocrx_word' id='word_1_564' title='bbox 848 2969 915 3000; x_wconf 86' lang='lat' dir='ltr'>Get.</span> <span class='ocrx_word' id='word_1_565' title='bbox 930 2968 1010 2999; x_wconf 79' lang='lat' dir='ltr'>Anz.</span> <span class='ocrx_word' id='word_1_566' title='bbox 1029 2969 1060 2999; x_wconf 84' lang='lat' dir='ltr'>d.</span> <span class='ocrx_word' id='word_1_567' title='bbox 1079 2968 1153 3008; x_wconf 85' lang='lat' dir='ltr'>bay.</span> <span class='ocrx_word' id='word_1_568' title='bbox 1167 2969 1271 3000; x_wconf 77' lang='lat' dir='ltr'>Akad.</span> <span class='ocrx_word' id='word_1_569' title='bbox 1291 2967 1385 3000; x_wconf 72' lang='lat'>4846.</span> <span class='ocrx_word' id='word_1_570' title='bbox 1403 2977 1437 3009; x_wconf 90' lang='lat' dir='ltr'>p.</span> <span class='ocrx_word' id='word_1_571' title='bbox 1457 2967 1545 3007; x_wconf 74' lang='lat'>924.)</span> <span class='ocrx_word' id='word_1_572' title='bbox 1565 2984 1600 2989; x_wconf 96' lang='lat'><strong>—</strong></span> <span class='ocrx_word' id='word_1_573' title='bbox 1621 2966 1671 2998; x_wconf 73' lang='lat'>48.</span> <span class='ocrx_word' id='word_1_574' title='bbox 1691 2966 1768 3006; x_wconf 83' lang='lat' dir='ltr'>quid</span> <span class='ocrx_word' id='word_1_575' title='bbox 1784 2965 1839 3007; x_wconf 84' lang='lat' dir='ltr'>est]</span> <span class='ocrx_word' id='word_1_576' title='bbox 1854 2975 1924 2998; x_wconf 84' lang='lat' dir='ltr'>om.</span> 
     </span>
     <span class='ocr_line' id='line_1_48' title="bbox 178 3017 1924 3059; baseline 0.001 -12"><span class='ocrx_word' id='word_1_577' title='bbox 178 3019 223 3047; x_wconf 86' lang='lat' dir='ltr'>est</span> <span class='ocrx_word' id='word_1_578' title='bbox 244 3017 293 3048; x_wconf 67' lang='lat' dir='ltr'>Mi</span> <span class='ocrx_word' id='word_1_579' title='bbox 311 3026 318 3054; x_wconf 71' lang='grc' dir='ltr'><strong>ς</strong></span> <span class='ocrx_word' id='word_1_580' title='bbox 344 3017 422 3056; x_wconf 78' lang='lat' dir='ltr'>quid</span> <span class='ocrx_word' id='word_1_581' title='bbox 444 3021 489 3049; x_wconf 78' lang='lat' dir='ltr'>est</span> <span class='ocrx_word' id='word_1_582' title='bbox 511 3019 597 3056; x_wconf 82' lang='lat' dir='ltr'>quod</span> <span class='ocrx_word' id='word_1_583' title='bbox 619 3019 653 3050; x_wconf 84' lang='lat' dir='ltr'>in</span> <span class='ocrx_word' id='word_1_584' title='bbox 676 3019 737 3050; x_wconf 80' lang='lat' dir='ltr'>hac</span> <span class='ocrx_word' id='word_1_585' title='bbox 760 3028 863 3050; x_wconf 85' lang='lat' dir='ltr'>causa</span> <span class='ocrx_word' id='word_1_586' title='bbox 885 3019 992 3050; x_wconf 84' lang='lat' dir='ltr'>Prisc.</span> <span class='ocrx_word' id='word_1_587' title='bbox 1010 3018 1124 3049; x_wconf 83' lang='lat' dir='ltr'>XVIII.</span> <span class='ocrx_word' id='word_1_588' title='bbox 1143 3018 1195 3050; x_wconf 85' lang='lat'>30.</span> <span class='ocrx_word' id='word_1_589' title='bbox 1214 3026 1247 3059; x_wconf 92' lang='lat' dir='ltr'>p.</span> <span class='ocrx_word' id='word_1_590' title='bbox 1266 3017 1329 3049; x_wconf 82' lang='lat'>263</span> <span class='ocrx_word' id='word_1_591' title='bbox 1346 3018 1402 3048; x_wconf 88' lang='lat' dir='ltr'>Kr.</span> <span class='ocrx_word' id='word_1_592' title='bbox 1423 3034 1459 3038; x_wconf 91' lang='lat'>—</span> <span class='ocrx_word' id='word_1_593' title='bbox 1487 3017 1539 3048; x_wconf 77' lang='lat'>49.</span> <span class='ocrx_word' id='word_1_594' title='bbox 1557 3024 1755 3056; x_wconf 63' lang='lat' dir='ltr'>magnopere</span> <span class='ocrx_word' id='word_1_595' title='bbox 1777 3017 1844 3048; x_wconf 91' lang='lat' dir='ltr'>Mv</span> <span class='ocrx_word' id='word_1_596' title='bbox 1857 3024 1875 3047; x_wconf 88' lang='lat' dir='ltr'>a</span> <span class='ocrx_word' id='word_1_597' title='bbox 1889 3025 1924 3054; x_wconf 90' lang='lat' dir='ltr'>c;</span> 
     </span>
     <span class='ocr_line' id='line_1_49' title="bbox 174 3065 1929 3107; baseline 0.001 -11"><span class='ocrx_word' id='word_1_598' title='bbox 174 3074 296 3106; x_wconf 65' lang='lat' dir='ltr'>magno</span> <span class='ocrx_word' id='word_1_599' title='bbox 307 3067 389 3105; x_wconf 80' lang='lat' dir='ltr'>pede</span> <span class='ocrx_word' id='word_1_600' title='bbox 404 3068 431 3098; x_wconf 91' lang='lat' dir='ltr'>G</span> <span class='ocrx_word' id='word_1_601' title='bbox 447 3067 642 3107; x_wconf 76' lang='lat' dir='ltr'>(eloquentia</span> <span class='ocrx_word' id='word_1_602' title='bbox 660 3078 704 3100; x_wconf 88' lang='lat' dir='ltr'>m.</span> <span class='ocrx_word' id='word_1_603' title='bbox 723 3068 1014 3106; x_wconf 68' lang='lat' dir='ltr'>desideratur-Mt).</span> <span class='ocrx_word' id='word_1_604' title='bbox 1035 3085 1070 3089; x_wconf 97' lang='lat'><strong>—</strong></span> <span class='ocrx_word' id='word_1_605' title='bbox 1088 3067 1140 3099; x_wconf 82' lang='lat'>22.</span> <span class='ocrx_word' id='word_1_606' title='bbox 1160 3068 1197 3099; x_wconf 87' lang='lat' dir='ltr'>de</span> <span class='ocrx_word' id='word_1_607' title='bbox 1213 3075 1282 3098; x_wconf 93' lang='lat' dir='ltr'>om.</span> <span class='ocrx_word' id='word_1_608' title='bbox 1302 3068 1326 3098; x_wconf 95' lang='lat' dir='ltr'>G</span> <span class='ocrx_word' id='word_1_609' title='bbox 1339 3067 1361 3098; x_wconf 96' lang='lat' dir='ltr'>C</span> <span class='ocrx_word' id='word_1_610' title='bbox 1379 3076 1415 3105; x_wconf 89' lang='grc' dir='ltr'>χ.</span> <span class='ocrx_word' id='word_1_611' title='bbox 1433 3084 1469 3088; x_wconf 88' lang='grc'>-</span> <span class='ocrx_word' id='word_1_612' title='bbox 1487 3067 1566 3105; x_wconf 79' lang='lat' dir='ltr'>quid</span> <span class='ocrx_word' id='word_1_613' title='bbox 1582 3074 1651 3097; x_wconf 90' lang='lat' dir='ltr'>om.</span> <span class='ocrx_word' id='word_1_614' title='bbox 1670 3065 1736 3096; x_wconf 77' lang='lat' dir='ltr'>Ml.</span> <span class='ocrx_word' id='word_1_615' title='bbox 1754 3083 1789 3088; x_wconf 91' lang='lat'>—-</span> <span class='ocrx_word' id='word_1_616' title='bbox 1807 3065 1861 3097; x_wconf 87' lang='lat'>23.</span> <span class='ocrx_word' id='word_1_617' title='bbox 1879 3066 1929 3097; x_wconf 87' lang='lat' dir='ltr'>in-</span> 
     </span>
     <span class='ocr_line' id='line_1_50' title="bbox 176 3115 1924 3157; baseline -0.001 -11"><span class='ocrx_word' id='word_1_618' title='bbox 176 3116 316 3156; x_wconf 67' lang='lat' dir='ltr'>telligitis</span> <span class='ocrx_word' id='word_1_619' title='bbox 332 3116 369 3148; x_wconf 91' lang='lat' dir='ltr'>G.</span> <span class='ocrx_word' id='word_1_620' title='bbox 390 3134 425 3138; x_wconf 90' lang='lat'>—</span> <span class='ocrx_word' id='word_1_621' title='bbox 443 3116 496 3148; x_wconf 82' lang='lat'>25.</span> <span class='ocrx_word' id='word_1_622' title='bbox 515 3117 636 3149; x_wconf 75' lang='lat' dir='ltr'>obstent</span> <span class='ocrx_word' id='word_1_623' title='bbox 652 3119 678 3149; x_wconf 91' lang='lat' dir='ltr'>G</span> <span class='ocrx_word' id='word_1_624' title='bbox 690 3119 722 3150; x_wconf 84' lang='lat' dir='ltr'>M</span> <span class='ocrx_word' id='word_1_625' title='bbox 734 3128 756 3148; x_wconf 92' lang='lat' dir='ltr'>v</span> <span class='ocrx_word' id='word_1_626' title='bbox 768 3127 785 3149; x_wconf 88' lang='lat' dir='ltr'>a</span> <span class='ocrx_word' id='word_1_627' title='bbox 801 3127 838 3157; x_wconf 83' lang='lat' dir='ltr'>c,</span> <span class='ocrx_word' id='word_1_628' title='bbox 865 3118 882 3148; x_wconf 89' lang='lat'><strong>3</strong></span> <span class='ocrx_word' id='word_1_629' title='bbox 900 3118 1007 3153; x_wconf 73' lang='lat' dir='ltr'>Parr.;</span> <span class='ocrx_word' id='word_1_630' title='bbox 1033 3116 1159 3148; x_wconf 80' lang='lat' dir='ltr'>obstant</span> <span class='ocrx_word' id='word_1_631' title='bbox 1175 3126 1198 3154; x_wconf 87' lang='grc' dir='ltr'><strong>χ</strong></span> <span class='ocrx_word' id='word_1_632' title='bbox 1210 3141 1217 3153; x_wconf 88' lang='grc'>,</span> <span class='ocrx_word' id='word_1_633' title='bbox 1242 3117 1317 3147; x_wconf 88' lang='lat' dir='ltr'>Par.</span> <span class='ocrx_word' id='word_1_634' title='bbox 1333 3116 1364 3147; x_wconf 80' lang='lat'>7.</span> <span class='ocrx_word' id='word_1_635' title='bbox 1382 3116 1413 3147; x_wconf 88' lang='grc'>8.</span> <span class='ocrx_word' id='word_1_636' title='bbox 1435 3134 1470 3138; x_wconf 86' lang='grc'><strong>-</strong></span> <span class='ocrx_word' id='word_1_637' title='bbox 1488 3116 1541 3147; x_wconf 88' lang='lat'>26.</span> <span class='ocrx_word' id='word_1_638' title='bbox 1560 3115 1781 3155; x_wconf 78' lang='lat' dir='ltr'>confictionem</span> <span class='ocrx_word' id='word_1_639' title='bbox 1797 3123 1865 3146; x_wconf 90' lang='lat' dir='ltr'>om.</span> <span class='ocrx_word' id='word_1_640' title='bbox 1886 3116 1924 3146; x_wconf 91' lang='lat' dir='ltr'>G.</span> 
     </span>
     <span class='ocr_line' id='line_1_51' title="bbox 178 3163 1925 3207; baseline -0.001 -12"><span class='ocrx_word' id='word_1_641' title='bbox 178 3182 213 3186; x_wconf 85' lang='lat'>—-</span> <span class='ocrx_word' id='word_1_642' title='bbox 238 3164 291 3196; x_wconf 86' lang='lat'>27.</span> <span class='ocrx_word' id='word_1_643' title='bbox 317 3165 571 3204; x_wconf 76' lang='lat' dir='ltr'>depoposcerunt</span> <span class='ocrx_word' id='word_1_644' title='bbox 593 3168 682 3199; x_wconf 87' lang='lat' dir='ltr'>coni.</span> <span class='ocrx_word' id='word_1_645' title='bbox 707 3167 842 3206; x_wconf 76' lang='lat' dir='ltr'>Lami).⁷</span> <span class='ocrx_word' id='word_1_646' title='bbox 868 3170 906 3198; x_wconf 86' lang='lat' dir='ltr'>ut</span> <span class='ocrx_word' id='word_1_647' title='bbox 929 3168 982 3198; x_wconf 86' lang='lat' dir='ltr'>est</span> <span class='ocrx_word' id='word_1_648' title='bbox 1005 3166 1035 3207; x_wconf 65' lang='lat' dir='ltr'>g.</span> <span class='ocrx_word' id='word_1_649' title='bbox 1062 3167 1114 3198; x_wconf 78' lang='lat'>95.</span> <span class='ocrx_word' id='word_1_650' title='bbox 1142 3184 1177 3188; x_wconf 79' lang='lat'>—</span> <span class='ocrx_word' id='word_1_651' title='bbox 1203 3166 1230 3196; x_wconf 81' lang='lat' dir='ltr'>is</span> <span class='ocrx_word' id='word_1_652' title='bbox 1254 3166 1309 3205; x_wconf 80' lang='lat' dir='ltr'>qui</span> <span class='ocrx_word' id='word_1_653' title='bbox 1329 3165 1373 3205; x_wconf 85' lang='lat' dir='ltr'>pl.</span> <span class='ocrx_word' id='word_1_654' title='bbox 1396 3168 1500 3205; x_wconf 81' lang='lat' dir='ltr'>potest</span> <span class='ocrx_word' id='word_1_655' title='bbox 1516 3173 1584 3196; x_wconf 91' lang='lat' dir='ltr'>om.</span> <span class='ocrx_word' id='word_1_656' title='bbox 1604 3164 1801 3195; x_wconf 83' lang='lat' dir='ltr'>Victorinus</span> <span class='ocrx_word' id='word_1_657' title='bbox 1818 3172 1852 3203; x_wconf 88' lang='lat' dir='ltr'>p.</span> <span class='ocrx_word' id='word_1_658' title='bbox 1872 3163 1925 3195; x_wconf 76' lang='lat'>64.</span> 
     </span>
     <span class='ocr_line' id='line_1_52' title="bbox 174 3211 1927 3258; baseline 0.001 -14"><span class='ocrx_word' id='word_1_659' title='bbox 174 3221 207 3244; x_wconf 86' lang='grc' dir='ltr'>ν.</span> <span class='ocrx_word' id='word_1_660' title='bbox 225 3212 278 3244; x_wconf 82' lang='lat'>23.</span> <span class='ocrx_word' id='word_1_661' title='bbox 298 3213 353 3244; x_wconf 90' lang='lat' dir='ltr'>ed.</span> <span class='ocrx_word' id='word_1_662' title='bbox 373 3214 428 3245; x_wconf 91' lang='lat' dir='ltr'>Or.</span> <span class='ocrx_word' id='word_1_663' title='bbox 450 3233 485 3237; x_wconf 97' lang='lat'><strong>—</strong></span> <span class='ocrx_word' id='word_1_664' title='bbox 509 3216 563 3247; x_wconf 86' lang='lat'>29.</span> <span class='ocrx_word' id='word_1_665' title='bbox 581 3216 656 3258; x_wconf 84' lang='lat' dir='ltr'>non]</span> <span class='ocrx_word' id='word_1_666' title='bbox 673 3226 780 3249; x_wconf 83' lang='lat' dir='ltr'>nonne</span> <span class='ocrx_word' id='word_1_667' title='bbox 796 3218 823 3249; x_wconf 90' lang='lat' dir='ltr'><strong>H</strong></span> <span class='ocrx_word' id='word_1_668' title='bbox 838 3227 844 3255; x_wconf 82' lang='grc'>;</span> <span class='ocrx_word' id='word_1_669' title='bbox 870 3226 949 3247; x_wconf 76' lang='lat' dir='ltr'>num</span> <span class='ocrx_word' id='word_1_670' title='bbox 965 3215 1071 3255; x_wconf 88' lang='lat' dir='ltr'>Gud.,</span> <span class='ocrx_word' id='word_1_671' title='bbox 1097 3224 1186 3256; x_wconf 84' lang='lat' dir='ltr'>quae</span> <span class='ocrx_word' id='word_1_672' title='bbox 1202 3214 1304 3247; x_wconf 89' lang='lat' dir='ltr'>lectio</span> <span class='ocrx_word' id='word_1_673' title='bbox 1321 3213 1449 3246; x_wconf 86' lang='lat' dir='ltr'>codicis</span> <span class='ocrx_word' id='word_1_674' title='bbox 1467 3213 1719 3254; x_wconf 89' lang='lat' dir='ltr'>corruptissimi</span> <span class='ocrx_word' id='word_1_675' title='bbox 1737 3211 1927 3245; x_wconf 84' lang='lat' dir='ltr'>multorum</span> 
     </span>
     <span class='ocr_line' id='line_1_53' title="bbox 174 3261 1927 3304; baseline -0.001 -10"><span class='ocrx_word' id='word_1_676' title='bbox 174 3262 317 3304; x_wconf 89' lang='lat' dir='ltr'>plausus</span> <span class='ocrx_word' id='word_1_677' title='bbox 341 3263 434 3301; x_wconf 69' lang='lat' dir='ltr'>tulit3</span> <span class='ocrx_word' id='word_1_678' title='bbox 461 3264 524 3296; x_wconf 89' lang='lat' dir='ltr'>sed</span> <span class='ocrx_word' id='word_1_679' title='bbox 546 3267 641 3297; x_wconf 87' lang='lat' dir='ltr'>recte</span> <span class='ocrx_word' id='word_1_680' title='bbox 666 3275 703 3298; x_wconf 88' lang='lat' dir='ltr'>se</span> <span class='ocrx_word' id='word_1_681' title='bbox 728 3266 835 3298; x_wconf 82' lang='lat' dir='ltr'>habet</span> <span class='ocrx_word' id='word_1_682' title='bbox 859 3266 1018 3297; x_wconf 89' lang='lat' dir='ltr'>codicum</span> <span class='ocrx_word' id='word_1_683' title='bbox 1038 3267 1172 3297; x_wconf 87' lang='lat' dir='ltr'>tantum</span> <span class='ocrx_word' id='word_1_684' title='bbox 1189 3274 1258 3296; x_wconf 89' lang='lat' dir='ltr'>non</span> <span class='ocrx_word' id='word_1_685' title='bbox 1274 3265 1431 3296; x_wconf 88' lang='lat' dir='ltr'>omnium</span> <span class='ocrx_word' id='word_1_686' title='bbox 1447 3262 1561 3296; x_wconf 87' lang='lat' dir='ltr'>lectio.</span> <span class='ocrx_word' id='word_1_687' title='bbox 1589 3263 1675 3295; x_wconf 92' lang='lat' dir='ltr'>Cum</span> <span class='ocrx_word' id='word_1_688' title='bbox 1693 3263 1785 3294; x_wconf 89' lang='lat' dir='ltr'>enim</span> <span class='ocrx_word' id='word_1_689' title='bbox 1803 3261 1927 3293; x_wconf 81' lang='lat' dir='ltr'>dixerit</span> 
     </span>
     <span class='ocr_line' id='line_1_54' title="bbox 175 3312 1924 3357; baseline 0 -12"><span class='ocrx_word' id='word_1_690' title='bbox 175 3313 312 3347; x_wconf 83' lang='lat' dir='ltr'>orator:</span> <span class='ocrx_word' id='word_1_691' title='bbox 338 3313 375 3346; x_wconf 85' lang='lat' dir='ltr'>de</span> <span class='ocrx_word' id='word_1_692' title='bbox 397 3313 479 3349; x_wconf 83' lang='lat' dir='ltr'>hisce</span> <span class='ocrx_word' id='word_1_693' title='bbox 502 3315 649 3348; x_wconf 74' lang='lat' dir='ltr'>omnibus</span> <span class='ocrx_word' id='word_1_694' title='bbox 669 3315 765 3351; x_wconf 79' lang='lat' dir='ltr'>rebus</span> <span class='ocrx_word' id='word_1_695' title='bbox 786 3324 837 3350; x_wconf 85' lang='lat' dir='ltr'>me</span> <span class='ocrx_word' id='word_1_696' title='bbox 852 3316 956 3349; x_wconf 81' lang='lat' dir='ltr'>dicere</span> <span class='ocrx_word' id='word_1_697' title='bbox 979 3318 1167 3357; x_wconf 77' lang='lat' dir='ltr'>oportere</span> <span class='ocrx_word' id='word_1_698' title='bbox 1189 3314 1345 3357; x_wconf 62' lang='lat' dir='ltr'>intelligo,</span> <span class='ocrx_word' id='word_1_699' title='bbox 1369 3315 1465 3347; x_wconf 88' lang='lat' dir='ltr'>recte</span> <span class='ocrx_word' id='word_1_700' title='bbox 1481 3313 1614 3357; x_wconf 78' lang='lat' dir='ltr'>pergIt:</span> <span class='ocrx_word' id='word_1_701' title='bbox 1642 3313 1761 3345; x_wconf 82' lang='lat' dir='ltr'>Dicam</span> <span class='ocrx_word' id='word_1_702' title='bbox 1776 3312 1924 3352; x_wconf 80' lang='lat' dir='ltr'>equidem</span> 
     </span>
    </p>
   </div>
  </div>
 </body>
</html>
