2143 3713
600 212 696 253 cst.
727 209 1123 250 xxvi-xxvni.
1152 205 1224 261 §§.
1254 204 1444 246 7-1-723,
1794 200 1874 244 503

147 332 227 374 ret,
259 325 464 365 contrahit
491 324 666 364 frontem
686 344 739 351 —
770 321 1040 360 recordamini
1072 320 1214 359 faciem
1246 322 1370 370 atque
1391 317 1483 356 illos
1505 318 1593 357 eius
1615 315 1729 357 fictos
1750 318 1878 357 simu-

146 392 331 441 latosque
369 388 506 427 vultus
536 408 608 432 —‚
650 385 836 437 queritur
875 398 917 423 se
956 383 1005 422 ab
1036 381 1264 435 (Ippianico
1297 379 1536 419 destitutum
1569 385 1627 427 et,
1668 380 1737 433 qui
1769 385 1877 419 esset

147 458 255 491 totus
286 464 337 490 ex
367 449 508 489 fraude
539 452 579 486 et
608 445 819 485 mendacio
850 445 979 484 sat-tus
1009 445 1165 497 quique
1197 455 1243 481 ea
1274 441 1394 486 vitia,
1433 454 1537 492 quac
1577 454 1599 480 a
1629 447 1776 480 natura
1805 441 1878 480 ha-

144 514 285 559 bebat,
317 512 438 551 etiam
468 509 603 548 studio
634 513 757 559 atque
789 506 957 546 artilirio
990 505 1168 559 quodam
1200 502 1380 542 malitiae
1406 502 1678 548 condivisset,
1710 502 1877 555 pulchre

144 578 350 614 asseverat
379 585 468 611 sese
499 571 548 609 ab
579 569 809 621 Oppianico
843 569 1083 607 destitutum
1114 572 1238 619 atque
1269 565 1345 603 hoc
1376 564 1489 603 addit
1518 564 1765 610 testimonii,
1805 572 1908 603 suaa

146 637 259 676 illum
292 633 515 678 sententia,
547 645 638 670 cum
672 630 803 682 palam
838 643 980 669 omnes
1013 629 1131 668 laturi
1164 631 1322 673 essent,
1358 626 1673 665 condemnatum
1704 627 1765 665 iri.

255 696 420 737 XXVII.
453 691 516 731 73.
546 693 731 732 Manarat
762 705 895 731 sermo
928 692 968 730 in
1000 690 1200 735 consilio,
1231 688 1431 741 pecuniae
1463 687 1671 741 quandam
1703 689 1878 727 mentio-

147 774 238 801 nem
275 761 381 798 inter
416 755 572 794 iudices
610 768 699 794 csse
736 760 951 793 versatam.
1013 754 1092 791 Res
1124 764 1260 804 neque
1292 755 1372 789 tam
1401 749 1536 789 suerat
1565 750 1725 789 occulta
1755 764 1877 804 quam

145 827 231 862 erat
267 817 528 863 occultanda,
568 829 703 869 neque
744 821 824 855 tani
866 821 952 854 erat
990 819 1129 867 aperta
1163 826 1285 866 quam
1318 811 1375 850 rei
1406 811 1598 864 publicae
1629 809 1753 852 c'ausa
1783 826 1879 865 ape-

145 883 295 923 rienda.
354 880 399 918 In
439 891 487 918 ea
518 878 768 918 obscuritate
800 892 845 917 ac
877 877 1134 916 dubitatione
1166 874 1350 914 omnium
1383 873 1610 921 Cannutio,
1640 875 1774 927 perito
1805 875 1929 914 ho-io

145 944 264 990 mini,
287 942 367 995 -qui
399 941 579 993 quodam
611 941 736 979 odore
769 940 1018 992 suspicionis
1051 938 1260 977 Staienum
1293 941 1532 989 corruptum
1563 948 1654 975 esse
1684 937 1881 976 sensisset

144 1018 276 1058 neque
306 1004 402 1042 dum
432 1016 517 1041 rem
547 1002 769 1055 perfectam
794 1002 1082 1046 arbitraretur,
1114 999 1270 1052 placuit
1299 1002 1467 1051 repente
1497 997 1779 1050 pronuntiari:
1809 999 1880 1037 Di-

143 1079 314 1106 xeavx'r.
358 1065 434 1104 Hie
464 1070 549 1104 tum
571 1064 824 1118 Oppianicus
856 1078 938 1103 non
972 1076 1117 1115 magno
1149 1074 1273 1113 opere
1301 1059 1531 1113 pertimuit:
1562 1073 1648 1099 rem
1670 1073 1692 1099 a
1714 1060 1879 1100 Staieno

142 1127 362 1181 perfectam
393 1139 484 1166 esse
515 1126 801 1166 arbitrabatur.
861 1123 925 1164 712..
958 1126 1003 1163 ln
1035 1123 1251 1163 consilium
1283 1127 1398 1161 erant
1426 1121 1522 1160 ituri
1552 1121 1709 1160 iudices
1738 1135 1879 1161 xxxii:

142 1189 358 1229 sententiis
394 1203 465 1228 xvr
501 1188 706 1228 absolutio
747 1186 890 1227 confici
932 1191 1102 1239 poterat.
1154 1184 1426 1236 Quadi-agena
1455 1183 1568 1222 milia
1599 1197 1810 1224 nummum
1838 1184 1880 1222 in
1899 1192 1930 1219 ¹3

141 1251 324 1304 singulos
361 1251 518 1290 iudices
558 1250 775 1290 distributa
818 1263 910 1289 eum
949 1261 1165 1287 numerum
1198 1245 1497 1285 sententiarum
1527 1242 1728 1285 conficere
1759 1245 1882 1284 debe-

140 1313 256 1360 bant,
287 1316 332 1352 ut
362 1313 411 1351 ad
443 1312 651 1352 cumulum
684 1326 756 1364 spe
787 1312 986 1351 maiorum
1022 1309 1299 1362 praemiorum
1331 1307 1460 1360 ipsius
1492 1306 1647 1346 Staieni
1678 1307 1883 1347 sententia

141 1375 315 1428 septima
336 1374 495 1414 decima
515 1374 743 1414 accederet.
788 1374 923 1427 Atque
945 1372 1066 1411 etiam
1088 1384 1186 1410 casu
1208 1375 1315 1417 tum,
1347 1369 1461 1423 quod
1482 1368 1586 1408 illud
1607 1375 1776 1422 repente
1798 1374 1884 1409 erat

140 1438 313 1483 factum,
356 1437 547 1476 Staienus
587 1436 676 1489 ipse
722 1449 805 1475 non
836 1436 989 1474 aderat.
1036 1434 1210 1473 Causam
1240 1432 1382 1472 nescio
1415 1445 1538 1485 quam
1568 1432 1676 1486 apud
1704 1431 1882 1471 iudicem

141 1499 398 1539 defendebat.
442 1499 577 1538 Facile
607 1498 686 1538 hoc
716 1498 889 1538 Habitus
919 1497 1170 1550 patiebatur,
1201 1493 1320 1534 facile
1344 1494 1592 1534 Cannutius:
1623 1498 1665 1534 at
1694 1507 1778 1533 non
1798 1492 1883 1545 Op·
1895 1503 1932 1532 20

140 1561 326 1614 pianicus
356 1574 491 1613 neque
521 1566 722 1614 patronus
754 1561 842 1599 eius
873 1561 916 1598 L.
950 1558 1192 1607 Quinctius:
1233 1556 1304 1610 qui
1335 1569 1428 1595 cum
1459 1562 1568 1596 esset
1596 1556 1668 1595 illo
1698 1560 1882 1608 tempore

141 1623 329 1663 tribunus
366 1623 522 1676 plebis,
567 1622 801 1662 convicium
835 1621 877 1661 C.
908 1621 1027 1660 Iunio
1069 1619 1194 1659 iudici
1225 1618 1484 1673 quaestionis
1515 1618 1742 1658 maximum
1771 1617 1882 1664 fecit,

140 1691 184 1725 ut
213 1698 265 1724 ne
295 1685 383 1724 sine
413 1685 483 1724 illo
514 1685 557 1724 in
587 1685 804 1724 consilium
836 1684 990 1723 iretur:
1036 1696 1209 1734 cumque
1239 1682 1279 1720 id
1312 1681 1348 1720 ei
1380 1693 1454 1733 per
1482 1680 1661 1720 viatores
1693 1678 1881 1719 consulto

143 1747 418 1800 negligentius
449 1747 513 1799 agi
540 1746 768 1793 videretur,
800 1747 885 1799 ipse
917 1759 937 1784 e
967 1745 1130 1798 publico
1153 1743 1306 1783 iudicio
1328 1742 1378 1782 ad
1408 1744 1611 1795 privatum
1635 1741 1792 1781 Staieni
1821 1740 1884 1779 iu·

143 1810 293 1849 dicium
324 1808 531 1861 profectus
563 1813 625 1847 est
655 1814 693 1847 et
723 1808 824 1847 illud
853 1822 926 1860 pro
957 1811 1155 1861 potestate
1187 1805 1337 1844 dimitti
1371 1805 1517 1844 iussit:
1550 1804 1763 1844 Staienum
1795 1802 1882 1854 ipse
1897 1813 1934 1843 25

143 1871 193 1910 ad
224 1869 420 1909 subsellia
450 1870 636 1910 adduxit.
695 1869 760 1909 735.
794 1869 1064 1922 Consurgitur
1093 1869 1135 1907 in
1166 1868 1403 1915 consilium,
1436 1881 1527 1906 cum
1553 1866 1779 1906 sententias
1802 1865 1886 1918 Op-

143 1931 350 1985 pianicus,
382 1946 488 1986 quae
521 1938 603 1971 tum
635 1936 720 1972 erat
749 1937 951 1984 potestas,
983 1931 1117 1983 palam
1146 1930 1242 1969 ferri
1264 1930 1370 1968 velle
1403 1929 1596 1976 dixisset,
1628 1934 1673 1968 ut
1695 1928 1884 1968 Staienus

143 1995 247 2034 scire
288 2001 450 2047 posset,
491 1994 591 2047 quid
627 1995 777 2047 cuique
810 1994 1038 2033 deberetur.
1089 1992 1212 2032 Varia
1242 1991 1423 2031 iudicum
1455 2003 1631 2044 genera:
1668 1989 1885 2031 nummarii

143 2056 287 2109 pauci,
319 2057 391 2097 sed
424 2069 566 2096 omnes
597 2056 702 2095 irati.
762 2056 812 2096 Ut
851 2056 922 2109 qui
963 2055 1146 2108 accipere
1177 2054 1219 2092 in
1252 2066 1395 2106 campo
1426 2057 1681 2092 consuerunt
1709 2052 1761 2091 iis
1792 2063 1886 2090 can-

144 2118 318 2166 didatis,
364 2132 538 2171 quorum
577 2131 766 2157 nummos
807 2131 1049 2171 suppressos
1087 2129 1178 2155 esse
1220 2120 1386 2169 putant,
1433 2113 1709 2154 inimicissimi
1751 2113 1934 2153 solent30

143 2194 258 2221 esse:
281 2181 339 2220 sic
361 2181 450 2220 eius
471 2179 583 2219 modi
607 2180 763 2219 iudices
786 2179 923 2219 infesti
946 2184 1030 2218 tum
1052 2191 1122 2217 reo
1144 2183 1353 2217 venerant.
1387 2177 1520 2216 Ceteri
1542 2175 1883 2216 nocentissimum

143 2250 233 2276 esse
267 2236 589 2283 arbitrabantur,
626 2236 698 2275 sed
734 2235 1030 2288 exspectabant
1064 2233 1290 2273 sententias
1325 2246 1490 2279 eorum,
1529 2245 1632 2285 quos
1667 2235 1884 2282 corruptos

143 2312 235 2339 esse
264 2299 483 2352 putabant,
514 2303 558 2337 ut
588 2311 639 2337 ex
670 2298 718 2337 iis
749 2298 1064 2343 constituerent,
1107 2309 1130 2335 a
1161 2308 1242 2347 quo
1272 2294 1470 2334 iudicium
1501 2297 1738 2346 corruptum
1767 2290 1885 2330 vide-

142 2365 267 2401 retur.
310 2360 500 2401 XXVIII.
520 2360 625 2400 Ecce
650 2360 724 2399 tibi
747 2360 835 2399 eius
858 2358 969 2399 modi
992 2358 1173 2405 sortitio,
1204 2362 1251 2397 ut
1272 2358 1314 2396 in
1335 2356 1480 2410 primis
1502 2356 1635 2396 Bulbo
1657 2360 1697 2395 et
1718 2354 1883 2393 Staieno

209 2476 239 2509 3.
259 2475 291 2517 a]
309 2475 350 2507 ab
366 2476 425 2507 TF
438 2476 481 2507 M.
505 2495 539 2498 —
566 2475 597 2507 4.
615 2476 805 2507 condidisset
822 2476 842 2506 S
856 2476 890 2506 T.
917 2476 1007 2506 Fort.
1025 2475 1190 2506 condisset.
1217 2474 1266 2505 Cf.
1285 2482 1356 2504 var.
1375 2471 1456 2504 lect.
1474 2481 1509 2512 p.
1528 2471 1601 2503 553.
1621 2480 1652 2501 v.
1671 2471 1723 2501 Μ.
1745 2487 1779 2492 -
1806 2470 1835 2500 5.
1855 2477 1887 2499 se

145 2525 186 2558 ab
209 2525 388 2566 Oppianico
411 2524 606 2565 destitutum]
630 2525 725 2556 Hane
751 2524 908 2556 eiusdem
932 2523 1103 2555 clausulae
1129 2524 1171 2563 (v.
1195 2523 1241 2562 Ξ.)
1265 2519 1506 2564 repetitionem
1533 2520 1689 2553 Ciceroni
1712 2518 1888 2550 abiudieat

146 2575 334 2615 Madvigius
356 2575 500 2615 Append.
525 2576 569 2606 cul
591 2576 672 2615 disp.
691 2576 728 2606 cle
750 2574 884 2606 Asconio
908 2583 940 2615 p.
960 2574 994 2605 5¹
1018 2582 1119 2613 sq.-
1146 2582 1211 2604 sese
1234 2573 1309 2603 ST:
1335 2581 1366 2603 se
1388 2573 1410 2603 R
1425 2574 1449 2603 Α
1465 2569 1522 2604 1.ss
1537 2571 1573 2602 O.
1595 2587 1629 2591 -
1656 2570 1686 2600 6.
1705 2577 1777 2600 cum
1794 2567 1886 2598 STF

146 2626 234 2657 MA:
261 2633 360 2664 quam
375 2624 485 2658 Lsso.
512 2624 561 2656 Cf.
582 2624 612 2665 ἓ.
629 2625 699 2656 181.
721 2642 755 2646 —-
781 2624 812 2655 8.
838 2624 1001 2655 occultata
1023 2624 1058 2654 L.
1081 2641 1115 2645 —
1142 2623 1171 2654 9.
1191 2622 1374 2661 aperiunda
1389 2622 1424 2652 T.
1446 2639 1481 2642 —
1509 2620 1559 2651 ⁴2.
1581 2618 1794 2659 pronuntiari
1809 2617 1886 2649 cod.

146 2676 179 2706 S.
197 2675 361 2713 Victoris,
386 2673 526 2706 Palatini
543 2673 718 2705 secundus
736 2675 770 2705 et
786 2676 922 2710 sextus,
948 2672 1156 2703 Francianus
1176 2672 1308 2712 primus
1325 2670 1478 2707 Graevii,
1504 2670 1548 2700 O:
1569 2669 1787 2709 pronunliare
1802 2668 1826 2698 R
1840 2669 1886 2703 Α;

145 2724 266 2755 iudices
283 2724 499 2763 pronuntiare
522 2724 546 2754 L
561 2722 592 2755 Β.
614 2741 648 2746 ——
675 2724 829 2754 diaeerunt
844 2721 872 2754 Ἦ
886 2724 932 2753 A:
959 2722 1078 2753 iudices
1100 2731 1131 2753 se
1153 2722 1186 2752 id
1202 2722 1279 2753 velle
1294 2722 1449 2752 dixerunt
1464 2718 1540 2753 Lss:
1568 2717 1711 2759 [Iudices]
1736 2718 1890 2747 dixerunt

145 2781 177 2804 se
199 2772 233 2803 id
254 2772 333 2804 velle
355 2773 392 2804 O.
419 2772 468 2805 Cf.
494 2772 701 2813 Madvigium
725 2772 746 2804 l.
772 2771 792 2803 l.
818 2781 852 2813 p.
878 2771 918 2803 48
942 2780 994 2811 sq.
1029 2771 1198 2808 (DIXERE'
1221 2770 1372 2802 malebat
1397 2771 1474 2801 Gar.
1492 2769 1523 2800 Ξ.
1550 2767 1626 2800 coll.
1653 2765 1787 2806 Quintil.
1814 2766 1837 2796 1.
1856 2765 1887 2801 5,

146 2821 213 2862 43.)
241 2839 276 2844 —-
303 2821 355 2854 44.
380 2822 500 2854 iudices
521 2831 564 2853 ex
585 2822 701 2853 XXXII
722 2823 754 2853 S.
774 2839 809 2844 —-
838 2822 888 2853 45.
915 2822 1129 2861 quacirayena
1150 2821 1243 2851 milia
1266 2828 1434 2851 nummum
1457 2818 1576 2850 FAO:
1602 2818 1666 2849 HS.
1685 2815 1807 2848 XYXX.
1826 2815 1890 2845 mi-

147 2871 228 2903 libus
248 2880 418 2902 nummum
440 2872 480 2909 S;
506 2872 627 2903 DXX.
646 2873 737 2903 milia
752 2880 919 2903 nummum
936 2872 978 2902 T:
1006 2871 1228 2911 quadraginta
1244 2871 1347 2902 vmillia
1363 2878 1530 2900 manniam
1548 2869 1588 2901 L:
1615 2867 1729 2899 DCLX
1748 2865 1891 2905 quadra-

148 2929 233 2961 gena
250 2920 345 2952 milia
363 2929 533 2951 nummum
548 2921 598 2958 M;
623 2921 687 2953 HS.
709 2921 931 2961 quadrayinta
949 2921 1054 2951 millia
1076 2929 1243 2951 nummum
1267 2919 1300 2954 8.
1326 2918 1467 2960 (milibus
1482 2917 1702 2957 quadragenis
1725 2922 1890 2946 nummum

148 2969 341 3001 Priscianus
364 2970 434 3000 VII.
460 2969 498 3007 6,
522 2970 588 3008 25.)
617 2987 652 2991 —
692 2970 742 3001 46.
769 2970 947 3001 distributis
969 2971 1000 3000 S.
1036 2988 1070 2991 —
1103 2970 1153 3001 1¹8.
1180 2970 1275 3009 quod]
1301 2969 1442 3009 quodam
1465 2968 1534 2999 ST.
1562 2983 1599 2989 —
1626 2967 1677 2998 ΞΟ.
1706 2964 1892 2996 ..uebatur

148 3018 244 3058 simle
267 3018 446 3051 Cannutius
460 3036 508 3042 -—
524 3019 598 3050 aliis
618 3020 780 3051 nonnullis
801 3029 854 3051 sus
870 3044 973 3051 .....
993 3019 1036 3059 (δ’,
1056 3019 1120 3058 78.)
1138 3019 1244 3050 habet
1266 3021 1303 3051 P.
1325 3036 1358 3040 —
1385 3019 1437 3049 2¹.
1459 3017 1608 3057 Quintius
1630 3017 1653 3047 P
1666 3016 1686 3045 S
1699 3016 1725 3046 Α
1739 3015 1763 3045 L
1777 3013 1801 3044 O
1819 3012 1893 3044 ubi-

152 3075 232 3107 que.
253 3085 287 3090 —
312 3068 367 3099 illo
390 3070 414 3100 P
427 3069 447 3099 S
461 3069 546 3100 TM:
571 3077 607 3100 eo
629 3069 691 3101 ΡΑ
704 3070 728 3101 L
742 3068 762 3103 Ε
777 3070 814 3101 Ο.
835 3087 870 3091 -
889 3070 942 3100 ⁶22.
960 3068 1134 3100 conuitium
1153 3069 1185 3100 S.
1203 3087 1238 3091 -
1263 3068 1316 3100 ⁶23.
1340 3068 1395 3099 illo
1411 3069 1451 3099 P:
1477 3066 1565 3098 Aelio
1581 3067 1625 3097 T:
1650 3064 1782 3095 Staieno
1799 3064 1893 3103 (cum

153 3115 250 3147 solita
275 3118 453 3158 varietate)
478 3117 614 3152 ΒΑΛ-[8
629 3119 666 3150 Ο.
699 3137 734 3142 -
768 3118 920 3159 viatores]
944 3118 1071 3149 lictores
1094 3118 1127 3148 F.
1150 3135 1184 3139 —
1210 3116 1262 3149 24.
1289 3117 1315 3158 e]
1340 3126 1362 3148 a
1377 3114 1409 3149 Q.
1429 3133 1464 3137 ——
1490 3114 1615 3147 Staieni
1637 3115 1661 3145 P
1678 3114 1711 3144 et
1735 3112 1785 3144 sic
1809 3120 1894 3143 con-

154 3165 296 3197 stanter.
322 3166 372 3199 Cf.
391 3167 422 3207 g.
440 3168 493 3200 ΞΟ.
513 3169 565 3200 55.
586 3186 622 3191 —-
646 3169 700 3201 28.
722 3170 823 3208 possit
846 3169 931 3209 quod
952 3169 1068 3206 cuique
1090 3167 1214 3199 deberet
1237 3167 1308 3198 ST.
1328 3184 1362 3187 —
1388 3166 1441 3197 ⁶29.
1471 3165 1508 3196 Ut
1531 3164 1585 3204 qui
1600 3180 1648 3186 --
1663 3170 1719 3193 reo
1740 3163 1895 3192 venerant

157 3214 380 3252 Quintilianus
402 3218 442 3251 V.
468 3219 502 3249 Μ
521 3243 527 3257 ,
553 3218 606 3249 22.
634 3235 670 3241 —-
705 3219 742 3251 Ut
764 3220 849 3251 enim
872 3219 927 3259 qui
949 3226 1029 3249 cum
1054 3216 1108 3248 ed.
1134 3216 1267 3247 Iuntina
1290 3213 1360 3247 [Β.
1396 3233 1431 3238 -
1463 3214 1695 3245 consueverunt
1717 3212 1743 3242 Α
1758 3209 1827 3244 Lss.
1857 3228 1892 3232 —

156 3263 208 3295 34.
225 3266 439 3298 nocentissimi
454 3268 497 3306 T;
521 3269 814 3300 innocentissimum
829 3267 864 3302 ἓ.
885 3286 918 3290 —-
938 3267 990 3299 32.
1009 3266 1238 3306 exspectabant
1260 3267 1284 3296 P
1297 3266 1354 3296 ST
1367 3265 1390 3296 L
1405 3265 1449 3296 O:
1475 3263 1662 3304 spectabant
1681 3259 1752 3291 MA
1765 3257 1804 3296 ἒς
1828 3266 1897 3298 spe-

155 3312 275 3346 rabant
289 3315 323 3347 F.
343 3315 567 3358 (expectabant
582 3317 632 3358 P.)
652 3335 687 3340 -
713 3318 766 3351 33.
783 3327 848 3351 esse
862 3319 904 3351 P:
930 3325 998 3349 om.
1017 3313 1184 3349 RALQO.
1201 3332 1236 3338 -
1261 3315 1310 3347 his
1325 3315 1393 3347 FA.
1414 3332 1450 3338 -
1475 3313 1528 3347 34.
1546 3311 1672 3345 sortitio
1690 3309 1754 3350 fuit
1777 3311 1813 3340 ul
1828 3308 1893 3340 ST.
