2143 3713
239 185 322 227 478

239 296 344 329 mode
368 295 551 328 divertitur
573 296 796 337 Segodunum
820 297 1054 338 Rutenorum,
1085 297 1179 338 quod
1202 297 1304 331 hodie
1330 300 1383 331 est
1405 298 1536 336 Rodez;
1562 299 1612 331 sic
1636 300 1729 331 enim
1752 299 1978 333 scribendum

238 351 378 383 videtur
399 360 464 393 pro
487 351 701 384 Secroduno.
739 353 838 392 Quod
862 353 1029 394 oppidum
1054 352 1143 384 solet
1166 353 1307 394 quidem
1334 354 1437 386 hodie
1462 355 1602 387 Rutenis
1626 354 1894 396 provincialibus
1917 356 1978 388 ab·

238 406 399 447 iudicari,
430 407 493 439 sed
517 407 555 440 fit
579 408 647 440 hoc
670 418 712 440 ex
736 409 935 441 coniectura
959 407 1123 440 d'Anvillii
1149 408 1271 448 (notice
1296 409 1339 441 de
1363 408 1394 441 la
1419 410 1523 442 Gaulo
1546 419 1580 451 p.
1606 410 1694 449 562.)
1721 419 1845 451 parum
1868 414 1975 450 certa,

237 471 354 504 neque
379 462 571 504 quidquam
595 463 735 496 obstare
759 464 896 496 videtur
918 473 961 496 ne
987 473 1028 495 eo
1053 463 1260 496 extendatur
1275 466 1451 506 provincia
1468 465 1714 497 Narbonensis.
1743 464 1908 498 Vulchalo
1923 466 1978 500 vel

236 518 352 559 potius
374 517 515 551 Volcalo
539 518 651 551 forma
673 520 822 551 nominis
850 519 952 561 plane
977 518 1102 551 Gallica
1126 519 1186 551 ubi
1210 519 1326 559 suerit,
1359 530 1427 553 non
1453 522 1605 560 constat,
1632 521 1694 559 nisi
1719 520 1813 561 quod
1837 521 1870 553 in
1895 530 1978 562 agro

236 573 422 606 Volcarum
456 575 528 607 sive
562 575 791 616 Tectoragum
824 575 898 607 sive
927 576 1213 607 Arecomicorum
1248 575 1353 609 fuisse
1383 586 1451 609 non
1483 576 1580 609 facile
1614 577 1690 617 quis
1715 575 1872 616 negabit;
1909 586 1977 617 quo

236 630 366 670 optime
389 630 573 671 pervenire
596 631 707 672 potuit
730 631 788 672 qui
804 630 999 671 Ebromago
1015 631 1214 663 diverterat.
1236 649 1271 654 —
1288 632 1339 664 Ad
1362 631 1547 664 lectionem
1565 631 1656 673 quod
1677 631 1813 670 attinet,
1840 633 1979 672 praeter

236 693 293 723 ea,
319 693 409 725 quae
433 694 539 727 supra
562 687 693 726 notavi,
728 686 841 718 delevi
864 687 1054 718 uictoriatos
1079 696 1112 717 m
1135 688 1214 728 post
1236 690 1358 727 ternos,
1386 697 1428 719 ne
1453 688 1554 720 nimis
1577 685 1770 728 inaequalia
1797 686 1977 726 vectigalia

235 740 439 773 efficiantur.
486 741 618 773 Deinde
643 751 705 783 pro
729 742 819 774 binos
842 746 870 774 et
891 743 1082 774 victoriatos
1105 751 1135 773 m
1159 743 1239 782 (quo
1263 741 1338 774 loco
1363 744 1420 784 qui
1447 742 1652 775 deleverunt
1675 746 1721 782 ec,
1754 752 1823 773 non
1847 743 1978 783 cogita-

233 797 360 828 verunt
382 796 472 828 male
494 796 561 828 dici
585 806 648 838 pro
672 797 813 829 denario
830 797 932 829 binos
954 798 1163 837 x‘ictoriatos)
1189 798 1312 838 scripsi
1336 798 1425 830 binos
1447 803 1476 831 et
1496 800 1718 830 victorianum.
1755 797 1977 830 Oduluscanti

234 860 361 883 nomen
387 861 469 884 num
494 855 698 893 corruptum
718 853 762 883 sit
785 854 835 892 ct,
861 853 889 885 si
914 855 983 891 est,
1013 853 1190 894 quomodo
1214 853 1486 892 emendandum,
1512 855 1545 885 in
1570 854 1685 886 medio
1710 852 1976 894 relinquendum

234 909 307 945 θεῖς
333 906 459 939 Gallica
489 909 631 939 nomina
655 909 686 939 in
709 911 784 939 atus
807 908 1000 940 desinentia
1024 918 1093 941 non
1115 917 1193 940 rara
1215 910 1312 949 sunt,
1338 911 1375 941 ut
1398 910 1626 949 Aduamatus‚
1653 911 1851 941 Gutruatus.
1887 910 1977 941 Exe-

232 963 316 1005 qisse
336 971 401 1004 pro
422 964 601 1005 eaeeyissent
624 963 823 996 emendavit
844 965 1088 1006 Pantagathus.
