2127 3708
223 271 275 312 60
593 270 791 312 ORATIO
821 269 925 311 PRO
958 269 1073 310 SEX.
1103 269 1296 311 ROSCIO
1326 269 1566 311 AMERINO

218 383 422 423 disturbat
458 383 565 424 vitae
605 382 858 422 societatem.
916 383 1010 421 Non
1040 382 1149 422 enim
1189 396 1410 435 possumus
1442 382 1580 421 omnia
1608 394 1685 434 per
1714 393 1790 421 nos
1820 394 1961 435 agere:

218 445 323 485 alius
353 445 395 484 in
425 444 505 485 alia
535 449 597 484 est
626 458 669 483 re
700 445 828 495 magis
859 443 985 482 utilis.
1030 443 1187 483 Idcirco
1210 444 1414 483 amicitiae
1438 448 1756 496 comparantur,
1787 449 1832 483 ut
1853 457 1963 483 com-

217 519 342 546 mune
373 506 634 546 commodum
668 507 820 545 mutuis
852 502 997 545 officiis
1029 505 1294 556 gubernetur.
1348 503 1360 544 l
1380 502 1437 545 12.
1471 506 1581 553 Quid
1612 505 1761 557 recipis
1792 505 1965 544 manda-

218 574 324 615 tum,
363 569 397 608 si
434 574 505 608 aut
540 569 804 623 neglecturus
845 571 916 605 aut
945 566 996 606 ad
1029 572 1144 605 tuum
1177 567 1440 607 commodum
1471 580 1744 607 conversurus
1777 568 1848 605 es?
1894 580 1966 607 cur

186 629 316 669 5mihi
348 635 387 670 te
418 631 540 672 offers
572 644 617 669 ac
650 630 750 669 meis
782 628 1010 668 commodis
1042 627 1178 667 oflicio
1211 629 1404 668 simulato
1437 626 1566 668 officis
1598 634 1638 668 et,
1669 629 1839 667 obstas?
1888 629 1966 667 Re-

218 691 318 733 cede
361 692 411 732 de
456 692 615 732 medio:
656 705 730 744 per
765 691 892 730 alium
939 692 1172 743 transigam.
1233 691 1417 743 Suscipis
1454 704 1558 730 onus
1590 689 1739 737 oflicii,
1783 689 1895 743 quod
1927 696 1966 730 te

218 760 339 809 putas
371 756 574 795 sustinere
605 767 753 806 posse;
792 752 905 806 quod
937 753 1105 793 minime
1137 752 1301 792 videtur
1330 766 1452 805 grave
1484 753 1555 800 iis,
1588 754 1659 806 qui
1692 753 1856 792 minime
1887 753 1966 806 ipsi

217 815 330 856 leves
361 823 468 856 sunt.
527 816 722 855 XXXIX.
753 816 862 867 Ergo
893 814 1048 855 idcirco
1081 816 1211 867 turpis
1240 814 1343 853 haec
1376 815 1499 868 culpa
1529 821 1612 862 est,
1644 814 1754 867 quod
1778 814 1880 853 duas
1903 827 1966 853 res

219 879 498 920 sanctissimas
538 878 683 926 violat,
728 877 950 916 amicitiam
992 882 1031 916 et
1061 874 1206 916 iidem:
1252 889 1348 915 nam
1379 889 1515 930 neque
1546 876 1713 916 mandat
1744 877 1966 930 quisquam

169 940 303 980 msere
335 941 414 979 nisi
444 941 601 987 amico,
632 952 769 994 neque
801 938 932 980 credit
961 939 1041 978 nisi
1073 940 1130 984 ei,
1168 952 1292 992 quem
1324 936 1486 977 fidelem
1516 944 1645 993 putat.
1696 937 1966 979 Pei-ditissimi

219 1008 280 1042 est
320 1003 445 1057 igitur
480 1002 680 1049 hominis,
728 1001 849 1040 simul
890 1006 930 1040 et
969 1001 1191 1041 amicitiam
1232 1000 1459 1040 dissolvere
1491 1006 1532 1040 et
1560 1001 1702 1040 fallere
1735 1014 1847 1047 eum,
1895 1000 1966 1054 qui

217 1064 354 1105 laesus
392 1078 476 1103 non
516 1068 644 1111 esset,
684 1063 764 1105 nisi
805 1063 1060 1103 credidisset.
1121 1059 1213 1102 1143.
1254 1063 1368 1102 Itane
1410 1064 1499 1102 est?
1538 1063 1580 1102 in
1612 1063 1789 1102 minimis
1820 1061 1965 1109 rebus,

218 1128 290 1180 qui
321 1126 559 1166 mandatum
590 1126 843 1179 neglexerit,
885 1126 1124 1178 turpissimo
1164 1125 1320 1164 iudicio
1353 1125 1654 1164 condemnetur
1682 1138 1852 1165 necesse
1884 1129 1965 1164 est:

217 1188 259 1227 in
290 1201 333 1227 re
364 1193 500 1235 tanta,
532 1202 624 1229 cum
655 1189 712 1235 is,
745 1189 810 1227 cui
842 1188 951 1228 fama
984 1188 1156 1235 mortui,
1195 1187 1385 1227 fortunae
1418 1188 1498 1227 vivi
1529 1188 1840 1227 commendatae
1873 1192 1968 1229 sunt

168 1258 204 1287 45
219 1255 343 1303 atque
374 1250 656 1297 concreditae,
697 1251 924 1303 ignominia
955 1255 1188 1297 mortuum,
1228 1251 1363 1302 inopia
1392 1252 1523 1289 virum
1554 1250 1758 1288 affecerit:
1797 1250 1832 1288 is
1862 1250 1969 1290 inter

217 1312 417 1353 honestos
447 1312 637 1352 homines
670 1318 795 1366 atque
826 1313 930 1352 adeo
961 1313 1069 1353 inter
1099 1314 1213 1352 vivos
1245 1312 1564 1352 nmnerabitur‘?
1614 1312 1659 1350 In
1687 1311 1864 1350 minimis
1885 1311 1969 1367 pri-

218 1376 407 1429 vatisque
438 1375 562 1415 rebus
594 1375 717 1415 etiam
748 1375 1003 1427 negligentia
1033 1374 1215 1414 mandati
1238 1375 1279 1414 in
1301 1375 1456 1413 crimen
1478 1373 1762 1426 iudiciumque
1784 1378 1968 1422 vocatur,

218 1442 441 1493 propterea
479 1437 613 1492 quod,
656 1438 689 1477 si
720 1443 830 1477 recte
862 1436 951 1485 liat,
988 1437 1104 1478 illum
1150 1437 1359 1490 negligere
1391 1441 1601 1489 oporteat,
1641 1437 1711 1490 qui
1742 1434 1967 1483 mandarit,

220 1512 304 1539 non
349 1499 488 1547 illum,
533 1501 603 1553 qui
644 1499 885 1540 mandatum
928 1501 1152 1553 receperit:
1197 1501 1239 1539 in
1270 1513 1312 1539 re
1345 1504 1480 1546 tanta,
1521 1511 1628 1552 quae
1659 1498 1823 1552 publice
1855 1502 1969 1550 gesta

169 1570 206 1601 20
219 1568 344 1617 atque
386 1563 605 1602 commissa
645 1563 718 1609 sit,
765 1564 837 1616 qui
867 1576 952 1602 non
982 1563 1233 1613 negligentia
1264 1562 1469 1614 privatum
1500 1560 1672 1614 aliquod
1703 1558 1968 1599 commodum

219 1625 407 1672 laeserit,
448 1624 519 1663 sed
560 1622 733 1677 perfidia
762 1625 982 1677 legationis
1013 1626 1144 1677 ipsius
1175 1624 1465 1663 caerimoniam
1498 1623 1692 1676 polluerit
1722 1621 1968 1674 maculaque

219 1687 423 1734 affecerit,
465 1700 547 1740 qua
577 1688 610 1726 is
642 1686 809 1726 tandem
841 1699 979 1740 poena
1009 1684 1240 1726 afficietur?
1277 1690 1347 1725 aut
1378 1700 1461 1739 quo
1492 1685 1647 1725 iudicio
1680 1684 1968 1725 damnabitur?

220 1746 313 1790 lli.
354 1750 396 1789 Si
425 1749 531 1789 hanc
563 1749 600 1788 ei
631 1761 717 1788 rem
748 1750 938 1802 privatim
971 1750 1066 1788 Sex.
1098 1749 1271 1788 Roscius
1302 1748 1602 1795 mandavisset,
1641 1753 1685 1787 ut
1716 1762 1809 1787 cum
1842 1747 1969 1800 Chry-

220 1824 378 1865 sogono
412 1813 657 1863 transigeret
686 1817 811 1866 atque
843 1812 1074 1858 decideret,
1106 1811 1232 1864 inque.
1265 1823 1353 1849 eam
1386 1824 1470 1849 rem
1500 1808 1621 1849 iidem
1643 1823 1780 1857 suam,
1812 1811 1844 1850 si
1868 1808 1969 1863 quid

169 1881 206 1910 25
221 1888 325 1928 opus
348 1887 440 1914 esse
461 1879 647 1929 putaret,
677 1875 982 1927 interponeret,
1004 1874 1094 1920 ille,
1117 1874 1187 1927 qui
1210 1886 1299 1912 sese
1322 1872 1525 1913 facturum
1547 1872 1792 1925 recepisset,
1816 1885 1968 1919 nonne,

219 1939 253 1977 si
284 1950 336 1977 ex
367 1950 415 1977 eo
448 1938 615 1989 negotio
649 1937 854 1977 tantulum
885 1938 927 1977 in
959 1950 1045 1976 rem
1077 1949 1193 1974 suam
1224 1935 1518 1981 convertisset,
1555 1934 1774 1974 damnatus
1805 1948 1878 1987 per
1907 1947 1970 1973 ar·-

218 2000 370 2042 bitrum
410 2004 451 2039 et
485 2012 572 2038 rem
603 2000 841 2039 restitueret
872 2004 912 2038 et
940 1998 1202 2038 honestatem
1234 2011 1398 2037 omnem
1429 1998 1667 2036 amitteret?
1728 1993 1820 2035 ι«115.
1851 1997 1970 2036 Nunc

217 2074 302 2103 non
340 2062 447 2101 hane
490 2062 526 2101 ei
556 2075 644 2102 rem
675 2063 770 2101 Sex,
802 2062 977 2101 Roscius
1008 2060 1239 2106 mandavit,
1286 2060 1378 2107 sed,
1426 2060 1465 2100 id
1500 2059 1613 2114 quod
1644 2059 1774 2099 multo
1806 2059 1969 2112 gravius

220 2128 299 2170 est,
330 2123 419 2177 ipse
451 2123 546 2163 Sex.
578 2125 753 2163 Roscius
785 2137 878 2163 cum
909 2123 1041 2170 sama,
1073 2124 1156 2162 vita
1185 2122 1390 2176 bonisque
1419 2122 1610 2161 omnibus
1633 2134 1655 2160 a
1677 2121 1969 2161 decurionibus

170 2194 207 2227 30
221 2186 385 2242 publice
417 2184 598 2241 [Roscio]
631 2186 850 2226 mandatus
882 2191 965 2234 est3
999 2191 1039 2224 et
1069 2198 1121 2224 ex
1152 2198 1200 2224 eo
1232 2186 1277 2223 T.
1308 2185 1481 2224 Roscius
1512 2197 1597 2223 non
1627 2183 1799 2237 paulum
1826 2182 1967 2223 nescio

309 2347 339 2378 ¹l.
363 2356 533 2386 possumus
557 2355 625 2378 om.
653 2349 691 2378 G.
721 2364 755 2368 —
787 2347 818 2377 Q,
845 2347 929 2377 alius
953 2349 996 2377 est
1021 2346 1053 2376 in
1077 2346 1145 2376 alia
1169 2354 1204 2376 re
1225 2353 1258 2375 Υ.
1289 2362 1320 2367 -
1354 2348 1398 2376 esl
1423 2353 1491 2375 om.
1519 2344 1596 2375 Sch.
1626 2361 1661 2364 Ἠ
1693 2343 1739 2382 ut]
1763 2346 1793 2374 et
1814 2346 1849 2373 u!
1873 2353 1902 2374 a.
1932 2360 1966 2366 —-

222 2395 252 2428 4.
279 2405 338 2427 cur
361 2399 396 2426 ιιι
417 2396 495 2427 mihi
519 2400 548 2428 te
572 2405 605 2428 v.
635 2414 669 2418 —
695 2397 725 2427 5.
753 2396 854 2436 officis
877 2406 946 2427 om.
965 2398 1002 2427 G.
1032 2414 1065 2418 —
1092 2396 1122 2426 7.
1150 2396 1234 2434 quod
1256 2395 1402 2425 mat-tene
1424 2395 1551 2425 ¹ridetur
1573 2402 1676 2433 gyrare
1700 2393 1850 2424 klotzius
1869 2393 1908 2433 (⁴2)
1928 2402 1971 2424 ex

221 2455 317 2486 susp.
346 2446 482 2486 Zumpt.
511 2447 554 2477 acl
582 2447 671 2478 l'err.
697 2455 730 2487 p.
758 2447 825 2483 sll.‚
851 2448 888 2476 ut
911 2447 994 2477 item
1018 2445 1124 2476 voluit
1149 2444 1327 2476 Dobraeus
1353 2445 1384 2475 in
1408 2444 1612 2475 Adcersuriis
1635 2444 1673 2474 11.
1700 2452 1733 2483 p.
1760 2442 1832 2474 375.
1859 2443 1970 2473 adno-

222 2497 321 2527 tans:
349 2497 396 2527 «si
422 2496 563 2527 dixisset
580 2496 722 2536 officium
738 2496 873 2526 simulas
889 2494 943 2526 vel
965 2496 1061 2535 fidem
1076 2496 1196 2535 violas,
1223 2493 1448 2531 intelligerem
1467 2492 1675 2532 xulgatam.»
1709 2494 1751 2524 At
1767 2493 1813 2523 ait
1830 2492 1968 2524 Cicero:

223 2555 311 2577 onus
337 2546 438 2577 officii
463 2554 531 2577 non
556 2554 660 2586 grave
684 2545 858 2576 videbitur
882 2545 939 2583 iis,
974 2545 1031 2585 qui
1068 2545 1129 2585 ipsi
1154 2553 1228 2584 grai
1240 2553 1276 2575 es
1301 2546 1403 2583 atque
1429 2544 1626 2574 constantes
1651 2543 1770 2580 erunt,
1806 2542 1826 2573 i.
1855 2551 1885 2573 e.
1912 2541 1971 2581 qui

222 2594 368 2626 voluerit
392 2603 480 2626 onus
505 2596 696 2634 sustinere,
730 2595 820 2626 idem
848 2596 981 2635 poterit.
1021 2594 1070 2625 (js.
1098 2595 1200 2625 etiam
1225 2592 1483 2631 Frentionhorg.
1510 2601 1542 2632 p.
1570 2592 1635 2629 42„
1662 2592 1720 2632 qui
1744 2592 1883 2632 praeter
1906 2590 1970 2623 alia

222 2643 313 2676 bene
340 2645 491 2684 monuit,
519 2646 669 2677 facetum
693 2645 883 2677 verborum
906 2644 1040 2682 lusum,
1078 2645 1135 2684 qui
1161 2644 1193 2674 in
1216 2652 1272 2674 xx.
1297 2652 1398 2682 grace
1423 2644 1455 2673 ct
1479 2642 1545 2673 lere
1568 2641 1668 2679 insit,
1694 2640 1748 2671 illa
1773 2641 1971 2673 coniectura

220 2694 371 2727 admissa
397 2696 586 2727 maximam
611 2697 748 2736 partem
772 2695 905 2736 perire,
932 2694 1025 2734 quod
1050 2694 1117 2724 iam
1141 2701 1242 2733 arare
1266 2702 1332 2723 non
1350 2692 1506 2732 proprio,
1533 2691 1596 2722 sed
1614 2690 1778 2722 translato
1795 2689 1971 2722 intellectu

220 2753 283 2786 pro
306 2753 481 2783 magnum,
507 2755 571 2775 non
594 2746 860 2776 contemnendum
884 2743 1125 2784 accipiendum
1151 2744 1254 2774 essct.
1282 2759 1316 2763 —
1346 2741 1396 2773 44..
1421 2742 1553 2782 fortuna
1577 2743 1613 2772 G.
1642 2757 1676 2762 —
1705 2741 1756 2772 45.
1783 2740 1895 2779 inopia
1920 2740 1972 2771 vi—

220 2795 308 2833 vum]
345 2794 431 2826 haee
467 2794 581 2825 addidi
607 2795 649 2826 ad
674 2795 893 2826 manifestam
919 2793 1020 2825 codd.
1048 2792 1206 2824 lacunam
1232 2791 1448 2832 explendam.
1490 2792 1527 2822 Iu
1551 2791 1627 2821 cod.
1654 2792 1748 2821 Iann.
1774 2789 1896 2821 lacuna
1920 2791 1970 2822 sie

224 2843 358 2885 expleta
384 2846 459 2876 est:
484 2848 621 2883 esseslale
641 2845 770 2879 vit-imm
801 2844 938 2875 videtur
962 2845 1099 2881 tamen,
1125 2845 1161 2873 ut
1184 2843 1278 2873 recte
1304 2841 1360 2872 Or.
1386 2841 1533 2878 monuit,
1560 2840 1709 2871 bominis
1733 2838 1804 2870 Itali
1828 2838 1970 2880 supple-

223 2896 391 2926 mentum.
414 2912 447 2916 —
475 2895 525 2925 117.
553 2895 635 2934 περὶ.
662 2895 812 2925 'mandati
836 2894 868 2924 in
893 2893 1026 2934 crimen]
1053 2893 1101 2923 sie
1119 2893 1165 2924 Ml
1185 2917 1190 2930 ‚
1218 2894 1254 2923 ut
1271 2893 1460 2929 Puteanus,
1488 2890 1607 2921 Lamb.
1628 2891 1671 2930 (in
1688 2889 1840 2929 adnot),
1867 2892 1972 2921 Grae-

222 2944 298 2975 vius
321 2943 525 2975 voluerunt:
551 2945 700 2975 mandati
715 2944 799 2984 weyt.
819 2945 851 2974 in¹
868 2944 989 2975 crimen
1006 2943 1056 2974 ΜΖ
1072 2952 1077 2975 ;
1103 2942 1186 2982 nessi.
1205 2942 1239 2972 inv
1255 2941 1376 2972 crimen
1395 2941 1542 2971 matula&
1559 2949 1576 2970 a
1591 2950 1609 2971 e
1626 2942 1660 2971 et
1676 2939 1778 2971 codd.
1798 2938 1967 2980 plerique,

223 2994 261 3024 nt
285 2993 436 3031 videtur,
473 2994 555 3025 item
581 2994 624 3032 O,
662 2993 723 3025 sed
748 2993 880 3025 incluso
904 2993 1074 3029 mandam
1110 2992 1193 3032 weyt.
1222 2991 1252 3022 in
1276 2991 1397 3021 crimen
1421 2990 1568 3020 mandati
1593 2992 1662 3021 Gv.
1691 3007 1726 3012 —
1753 2990 1971 3029 iudiciumque

225 3043 411 3074 Graevius:
444 3043 664 3082 iudiciumque
687 3044 826 3083 'infamia
843 3044 885 3082 (M
898 3052 921 3081 χ
936 3052 974 3081 ν,
1001 3041 1019 3074 4
1037 3043 1143 3079 i‘ar1·.,
1170 3039 1237 3072 Pal.
1258 3040 1300 3079 tl.)
1327 3038 1380 3070 vel
1399 3040 1523 3079 infame
1549 3040 1596 3078 (G,
1624 3040 1698 3070 Par.
1718 3039 1762 3077 4,,
1788 3037 1856 3069 Pal.
1876 3039 1905 3069 3.
1924 3039 1968 3077 8.)

223 3091 277 3123 vel
301 3092 458 3131 infamiae
483 3093 551 3132 (Ox.
572 3098 622 3130 ψ,
649 3094 686 3124 ut
710 3092 814 3124 voluit
839 3092 1023 3131 Puteanus)
1048 3091 1206 3122 codices:
1232 3089 1405 3128 iudiciique
1424 3089 1595 3128 infamiam
1613 3088 1636 3119 O
1654 3096 1726 3125 ac3
1753 3087 1970 3126 iudiciumque

224 3142 345 3182 infame
369 3144 404 3174 L.
433 3141 542 3182 (Quod
566 3143 708 3173 Steinm.
736 3152 777 3173 ex
801 3145 895 3174 l‘arr.
921 3142 1020 3172 affert
1043 3141 1198 3171 iudicium
1218 3148 1281 3181 pro
1300 3139 1537 3177 iudiciumque,
1565 3136 1685 3169 calami
1703 3146 1822 3168 errore
1841 3136 1969 3167 tactum

224 3192 386 3231 videtur.)
415 3209 449 3213 —-
475 3195 612 3222 vocalur
637 3191 755 3223 Lamb.
784 3194 817 3223 et
841 3193 1036 3223 Puteanus:
1064 3194 1237 3221 revocatur
1260 3188 1378 3225 codd,
1405 3190 1440 3219 ().
1480 3188 1527 3219 Cf.
1555 3196 1604 3218 or.
1630 3187 1727 3218 Verr.
1755 3187 1808 3217 111.
1835 3186 1865 3225 ἓ.
1891 3186 1966 3217 217.

226 3242 279 3272 lv.
307 3241 336 3281 g.
365 3240 437 3272 1104.
464 3241 504 3272 V.
530 3240 560 3279 g.
588 3241 647 3272 '179
672 3243 737 3272 eet.
768 3260 801 3263 —
831 3242 881 3272 lS.
908 3244 991 3272 reete
1014 3243 1036 3269 G
1054 3241 1167 3277 Mae,
1195 3241 1309 3271 Pam-,z
1337 3238 1463 3269 rasione
1486 3238 1598 3275 Tzv,
1624 3238 1660 3267 Ο.
1698 3236 1745 3267 (Is.
1773 3235 1802 3274 g
1830 3234 1903 3265 438.
1931 3253 1964 3256 —

225 3290 278 3322 21.
304 3290 435 3320 macula
459 3290 613 3330 adfecerit
637 3292 662 3320 G
686 3292 720 3322 et
744 3290 869 3322 deinde
894 3290 1073 3331 adficietur.
1096 3307 1130 3311 --
1156 3289 1208 3321 23.
1234 3289 1261 3320 ei
1285 3297 1353 3319 om.
1374 3290 1409 3318 G.
1429 3305 1462 3308 ἢ
1485 3287 1655 3326 privatam
1679 3295 1710 3316 v.
1733 3303 1768 3308 —
1794 3284 1846 3316 '2512
1872 3284 1968 3323 inque

226 3340 308 3380 eam]
340 3340 371 3370 in.
401 3348 500 3378 quam
531 3342 568 3371 G.
597 3358 630 3362 -ἢ
670 3341 720 3372 ’,5.
759 3341 935 3380 imponeret
959 3342 995 3370 G.
1025 3356 1058 3361 —
1097 3340 1206 3378 quise
1228 3347 1260 3369 v.
1290 3356 1323 3360 »-
1358 3338 1409 3369 26.
1435 3337 1461 3367 si
1485 3346 1552 3367 om.
1580 3338 1616 3367 G.
1647 3353 1679 3357 —
1709 3344 1771 3375 per
1793 3334 1968 3365 arbitrium

226 3388 304 3420 Sch.
332 3389 366 3420 et
389 3389 426 3420 G.
455 3406 489 3410 —
515 3389 569 3423 28.
593 3399 663 3423 rem
686 3399 755 3422 om.
781 3391 826 3423 M.
854 3408 889 3412 —-
916 3390 968 3422 30.
994 3390 1171 3428 rosciusv3
1196 3388 1308 3421 Roscio
1331 3388 1545 3420 Hotomanus
1570 3384 1759 3418 delendum
1776 3392 1853 3416 esse
1869 3383 1965 3424 vidit,
