2143 3713
249 208 330 249 466
781 204 980 247 ORATIO
1010 204 1113 246 PRO
1144 205 1198 246 M.
1227 205 1460 248 FONTEIO

247 321 358 361 bella
388 332 482 360 cum
511 318 665 372 populo
695 319 882 359 Romano
913 318 1061 358 acerba
1099 331 1145 358 ac
1176 318 1368 359 diuturna
1406 321 1643 371 gesserunt,
1681 316 1831 369 partim
1869 316 1995 357 modo

248 383 298 423 ab
328 383 482 422 nostris
512 381 830 434 imperatoribus
861 380 1042 428 subacti,
1073 380 1197 420 modo
1226 381 1336 421 bello
1367 381 1531 427 domiti,
1563 379 1687 418 modo
1710 378 1929 432 triumphis
1950 392 1997 419 ac

247 444 526 484 monumentis
556 444 713 492 notati,
744 443 867 483 modo
898 442 949 482 ab
980 448 1125 482 senatu
1155 443 1262 495 agris
1282 443 1538 496 urbibusque
1568 440 1727 481 multati
1759 446 1873 488 sunt;
1904 453 1998 493 par-

245 508 318 547 tim
358 507 431 560 qui
472 520 564 546 cum
601 507 692 559 ipso
732 508 785 546 M.
815 506 988 545 Fonteio
1029 504 1183 544 ferrum
1223 518 1269 544 ac
1307 519 1452 545 manus
1491 503 1754 545 contulerunt
1782 502 1997 556 multoque

215 569 336 609 5eius
367 567 518 608 sudore
549 581 594 608 ac
625 568 765 608 labore
796 568 871 607 sub
901 567 1044 621 populi
1076 567 1249 606 Romani
1280 568 1495 621 imperium
1521 566 1806 618 ditionemque
1837 563 1998 604 cecide-

245 635 353 671 runt.
413 627 477 669 43.
512 627 581 684 [3.]
614 630 687 669 Est
716 631 758 669 in
790 629 936 669 eadem
967 629 1181 682 provincia
1202 629 1335 669 Narbo
1357 630 1550 676 Martius,
1582 628 1746 667 colonia
1764 631 1998 666 nostrorum

246 693 417 740 citium,
458 693 626 746 specula
666 691 809 745 populi
840 692 1014 731 Romani
1045 704 1091 730 ac
1123 691 1478 743 propugnaculum
1508 692 1596 730 istis
1628 689 1730 742 ipsis
1760 688 1998 729 nationibus

245 756 481 808 oppositum
512 759 553 794 et
583 754 812 794 obiectum:
844 759 907 793 est
936 754 1032 793 item
1062 753 1159 793 urbs
1190 753 1391 800 Massilia,
1423 754 1473 793 de
1505 766 1586 806 qua
1607 757 1700 792 ante
1722 751 1831 798 dixi,
1861 749 1999 790 fortis-

244 818 442 857 simorum
471 816 895 867 fidelissimorumque
927 816 1157 862 sociorum,
1201 815 1273 868 qui
1305 816 1551 856 Gallicorum
1581 814 1784 854 bellorum
1813 811 2000 867 pericula

194 889 229 918 ⁴0
242 878 397 932 populo
429 879 612 918 Romano
644 877 673 929 ἦ·
704 877 919 930 copiisque
950 878 1074 917 remis
1105 883 1449 929 compensarunt:
1481 882 1541 917 est
1567 882 1781 930 praeterea
1800 886 1998 914 numerus

242 940 396 980 civium
426 941 703 980 Romanorum
733 943 857 991 atque
888 938 1102 979 hominum
1132 938 1530 979 honestissimorum.
1576 939 1644 978 VI.
1669 936 1750 992 [IL]
1777 938 1882 978 Huic
1903 949 1999 990 pro-

240 1002 426 1049 vinciae,
459 1014 565 1055 quae
597 1015 649 1041 ex
678 1000 755 1040 hac
787 1014 986 1053 generum
1015 1002 1213 1040 varietate
1244 1006 1470 1047 constaret,
1500 1003 1554 1041 M.
1576 1002 1793 1048 Fonteius,
1824 1004 1870 1039 ut
1897 998 1999 1045 dixi,

241 1063 445 1117 praefuit:
477 1064 550 1116 qui
582 1069 700 1103 erant
718 1062 880 1109 hostes,
911 1063 1095 1115 subegit:
1128 1063 1200 1116 qui
1222 1064 1409 1116 proxime
1431 1065 1605 1111 fuerant,
1638 1077 1709 1103 eos
1731 1076 1784 1102 ex
1804 1062 1854 1101 iis
1876 1060 1998 1114 agris,

243 1127 392 1180 quibus
425 1130 541 1165 erant
572 1126 754 1173 multati,
787 1125 990 1165 decedere
1022 1126 1175 1178 coegit:
1207 1125 1375 1172 ceteris,
1407 1126 1479 1179 qui
1511 1125 1666 1165 idcirco
1693 1125 1852 1177 magnis
1875 1136 1999 1176 saepe

192 1199 229 1229 45
242 1194 359 1229 erant
386 1188 510 1228 bellis
541 1188 742 1241 superati,
774 1193 819 1227 ut
850 1201 1013 1241 semper
1041 1187 1196 1242 populo
1227 1188 1412 1227 Romano
1442 1193 1660 1240 parerent,
1691 1199 1862 1239 magnos
1885 1185 2001 1239 equi-

242 1255 350 1291 tatus
390 1249 441 1290 ad
483 1262 531 1290 ea
569 1250 701 1297 bella,
747 1263 853 1303 quae
877 1255 981 1290 tum
1022 1251 1065 1290 in
1094 1255 1180 1290 toto
1211 1250 1309 1290 orbe
1342 1255 1541 1291 terrarum
1572 1263 1595 1290 a
1624 1249 1779 1303 populo
1811 1249 1999 1288 Romano

240 1313 511 1367 gerebantur,
542 1326 710 1365 magnas
742 1313 940 1365 pecunias
970 1313 1022 1352 ad
1054 1326 1195 1353 eorum
1227 1311 1501 1365 stipendium,
1548 1312 1772 1352 maximum
1802 1310 2000 1351 frumenti

239 1389 458 1416 numerum
489 1375 541 1414 ad
570 1375 847 1428 Hispaniense
876 1374 1033 1414 bellum
1063 1375 1322 1415 tolerandum
1355 1375 1581 1427 imperavit.
1633 1371 1698 1413 lli.
1733 1370 1802 1427 [4.]
1835 1373 1897 1421 Is,
1929 1372 2000 1426 qui

240 1439 387 1492 gessit,
419 1438 460 1477 in
490 1436 689 1477 iudicium
721 1441 913 1477 vocatur:
944 1450 1043 1485 vos,
1075 1437 1147 1490 qui
1179 1437 1223 1476 in
1254 1451 1296 1477 re
1328 1450 1410 1476 non
1435 1436 1699 1484 interfuistis,
1731 1449 1896 1476 causam
1917 1447 2001 1474 una

190 1511 226 1541 20
241 1515 334 1542 cum
364 1500 521 1554 populo
552 1499 739 1539 Romano
771 1499 1032 1551 cognoscitis.
1086 1499 1237 1539 Dicunt
1276 1504 1419 1539 contra
1450 1499 1601 1552 quibus
1633 1497 1893 1544 invitissimis
1924 1497 2001 1536 im-

239 1568 426 1618 peratum
456 1567 539 1602 est:
577 1561 718 1600 dicunt
748 1560 820 1613 qui
851 1574 903 1599 ex
932 1561 1041 1613 agris
1073 1575 1125 1601 ex
1157 1562 1229 1601 Cn.
1260 1562 1429 1614 Pompei
1467 1561 1630 1601 decreto
1672 1561 1876 1602 decedere
1906 1564 2001 1600 sunt

241 1626 395 1667 coacti:
440 1624 584 1663 dicunt
621 1623 692 1676 qui
731 1636 782 1662 ex
821 1623 919 1661 belli
958 1623 1083 1662 caede
1115 1628 1156 1662 et
1198 1623 1295 1675 fuga
1326 1636 1434 1663 nunc
1464 1624 1642 1676 primum
1673 1625 1828 1664 audent
1858 1627 2002 1663 contra

238 1689 293 1729 M.
323 1687 539 1727 Fonteium
561 1685 762 1725 inermem
783 1685 1027 1724 consistere.
1059 1684 1168 1732 Quid
1192 1686 1328 1725 coloni
1348 1685 1667 1724 Narbonenses?
1700 1685 1802 1738 quid
1824 1684 1999 1725 volunt?

239 1749 342 1804 quid
374 1747 644 1789 existimant?
688 1747 810 1786 Hunc
849 1760 922 1799 per
961 1760 1035 1786 vos
1066 1747 1229 1795 volunt,
1270 1761 1314 1787 se
1351 1761 1426 1799 per
1454 1747 1564 1786 hunc
1597 1747 1825 1787 incolumes
1858 1746 2001 1786 existi-

189 1824 226 1855 25
240 1817 353 1852 mant
383 1824 486 1851 esse.
537 1809 645 1857 Quid
677 1809 998 1849 Massiliensium
1029 1809 1204 1849 civitas?
1236 1810 1357 1849 Hune
1386 1814 1647 1862 praesentem
1676 1809 1727 1848 iis
1759 1808 1898 1848 affecit
1925 1807 2002 1846 ho-

239 1874 431 1921 noribus,
464 1885 569 1925 quos
599 1871 744 1910 habuit
774 1871 1074 1924 amplissimos:
1106 1886 1177 1912 vos
1209 1877 1346 1912 autem
1367 1871 1517 1911 absens
1539 1876 1627 1910 orat
1649 1876 1774 1924 atque
1797 1870 2000 1915 obsecrat,

238 1942 389 1977 ut.sua
421 1934 588 1986 religio,
619 1933 824 1980 laudatio,
856 1934 1076 1973 auctoritas
1107 1934 1265 1987 aliquid
1297 1933 1407 1987 apud
1438 1939 1594 1973 vestros
1617 1933 1776 1972 animos
1798 1930 2000 1972 momenti

238 1998 435 2038 habuisse
465 1997 668 2037 videatur.
737 1992 794 2034 Ιῦ.
820 1993 889 2049 [fh]
926 1995 1067 2043 Quid?
1099 1996 1247 2036 civium
1268 1997 1549 2037 Romanorum
1572 2008 1678 2049 quae
1700 1994 1891 2035 voluntas
1914 1994 2002 2034 est?

238 2062 368 2101 Nemo
400 2065 462 2099 est
492 2073 544 2098 ex
576 2063 686 2098 tanto
717 2070 915 2105 numero,
948 2058 1048 2111 quin
1079 2057 1189 2098 hunc
1212 2060 1364 2112 optime
1393 2059 1443 2097 de
1474 2058 1707 2111 provincia,
1741 2057 1791 2096 de
1812 2055 2001 2110 imperio,

191 2137 226 2166 30
240 2122 292 2163 de
323 2123 447 2163 sociis
478 2126 520 2161 et
550 2121 706 2161 civibus
736 2120 926 2160 meritum
965 2134 1057 2160 esse
1087 2121 1320 2161 arbitretur.
1380 2121 1467 2160 Vll.
1503 2117 1603 2173 [HL]
1639 2120 1846 2167 Quoniam
1876 2117 2004 2170 igitur

238 2185 386 2226 videtis
417 2184 487 2238 qui
519 2187 801 2236 oppugnatum
829 2184 883 2222 M.
902 2183 1143 2230 Fonteium,
1176 2184 1385 2236 cognostis
1417 2183 1489 2236 qui
1512 2182 1727 2221 defensum
1748 2181 1890 2228 velint,
1914 2183 1998 2219 sta-

242 2248 342 2287 tuite
373 2260 505 2293 nunc,
537 2245 639 2298 quid
670 2249 805 2285 restra
835 2245 1046 2298 aequitas,
1080 2245 1180 2298 quid
1212 2245 1355 2299 populi
1385 2244 1559 2284 Romani
1590 2244 1768 2296 dignitas
1800 2241 2003 2296 postulet:

240 2315 377 2349 utrum
408 2308 566 2348 colonis
598 2308 764 2353 vestris,
800 2308 1125 2360 negotiatoribus
1156 2308 1322 2354 vestris,
1354 2306 1615 2347 amicissimis
1646 2311 1769 2359 atque
1800 2302 2004 2357 antiquis-

243 2372 359 2412 simis
391 2371 538 2418 sociis,
569 2374 610 2410 et
631 2369 799 2410 credere
822 2375 861 2409 et
885 2369 1104 2409 consulere
1122 2370 1295 2418 malitis,
1327 2383 1379 2410 an
1400 2369 1470 2417 iis,
1502 2368 1652 2422 quibus
1672 2379 1811 2420 neque
1832 2368 2004 2420 propter

329 2533 362 2564 2.
387 2541 409 2563 a
432 2532 550 2563 nostris
573 2532 606 2563 S.
633 2548 667 2553 ·-—
696 2531 726 2562 3.
752 2531 900 2562 mulclali
923 2532 961 2569 S,
990 2532 1073 2563 item
1098 2532 1194 2563 infra.
1224 2549 1257 2554 —
1285 2532 1316 2563 5.
1343 2530 1564 2569 dicionemque
1580 2528 1619 2559 V.
1642 2546 1677 2550 ——
1704 2528 1734 2559 6.
1759 2525 2000 2558 MartiusVS:

243 2583 392 2616 Marcius
415 2583 488 2614 LO.
517 2600 551 2604 —
580 2582 632 2613 40.
654 2581 776 2621 populo
800 2581 870 2622 lto]
899 2582 943 2612 .l’.
963 2582 998 2612 R.
1025 2581 1098 2612 VS.
1122 2599 1155 2603 —
1183 2581 1346 2620 copiisque
1369 2580 1465 2611 remis
1481 2579 1507 2609 V
1523 2579 1565 2609 S:
1593 2576 1648 2608 alii
1673 2575 1863 2607 emendare
1887 2575 2004 2607 conati

245 2635 325 2665 sunt
348 2633 449 2672 copiis
471 2632 648 2670 remisque,
675 2630 728 2662 alii
752 2632 852 2670 copiis
875 2631 1058 2669 armisque,
1086 2631 1178 2671 quod
1205 2629 1288 2661 falso
1315 2631 1465 2661 Faernus
1482 2628 1646 2659 Vaticano
1671 2625 1807 2664 tribuit;
1835 2623 1999 2657 Orellius:

244 2682 345 2721 copiis
366 2682 606 2722 remissibusquc
628 2679 683 2711 vel
706 2680 924 2720 remigioquc3
951 2680 1162 2711 Lambinus:
1195 2689 1216 2710 a
1234 2680 1357 2719 populo
1380 2681 1418 2711 R.
1443 2679 1543 2717 copiis
1566 2677 1731 2715 armisque
1750 2675 2002 2716 propulsarunt,

245 2731 353 2763 fretus
386 2730 440 2762 illc
472 2730 620 2762 lectione
651 2730 856 2770 interpolata
887 2729 1018 2770 aliquot
1049 2730 1151 2762 codd.
1182 2730 1437 2769 propulsarimt3
1474 2727 1748 2759 Mommsenius:
1781 2734 1816 2765 p.
1841 2725 1878 2757 R.
1903 2724 2005 2764 copiis

246 2781 440 2820 quaerendis
463 2783 725 2819 compensarunt.
744 2797 778 2800 —
807 2780 973 2810 maximus
996 2789 1151 2812 numerus
1173 2781 1196 2811 L
1223 2789 1264 2811 ex
1286 2779 1466 2811 llotomani
1485 2779 1588 2816 coni,
1615 2778 1675 2817 qui
1698 2778 1883 2817 praeterea
1906 2778 2006 2813 atque

247 2831 422 2861 retentum
445 2839 463 2860 a
488 2829 609 2861 Lamb.
637 2828 826 2860 ‹lt-lendum
850 2830 996 2861 censuit.
1014 2847 1064 2865 ,—
1105 2831 1156 2860 42.
1181 2838 1337 2871 gycncrwum
1360 2829 1440 2860 Vs:
1471 2829 1616 2869 (sentium
1640 2828 1677 2858 Ο.
1706 2843 1741 2849 —-
1777 2826 1828 2857 43.
1848 2825 2005 2865 proaeime

248 2888 290 2910 ex
315 2879 499 2910 Hotomani
525 2879 614 2910 coni.
641 2879 684 2909 O:
706 2879 855 2918 proximi
878 2879 951 2909 Vs.
974 2897 1008 2901 —
1035 2881 1123 2910 acris
1146 2880 1184 2911 V.
1206 2898 1240 2902 —
1269 2881 1319 2911 1¹5.
1343 2877 1510 2918 parerent]
1533 2880 1683 2917 palei-ent
1702 2875 1824 2908 Lamb.
1844 2891 1879 2896 —
1908 2874 1959 2905 48.
1977 2874 2006 2904 is

248 2930 303 2968 qui
327 2930 366 2960 S:
392 2929 440 2960 his
463 2929 518 2968 qui
546 2929 588 2959 V:
615 2929 641 2958 is
663 2928 742 2958 hacc
766 2928 821 2966 qui
846 2929 870 2959 Ο
896 2936 975 2959 cum
1001 2929 1055 2961 ed.
1083 2931 1228 2961 Iuntina.
1251 2948 1284 2953 —
1312 2929 1365 2959 ⁶20.
1391 2937 1463 2958 cum
1484 2927 1606 2967 populo
1633 2927 1681 2957 Ji.
1701 2926 1739 2964 S,
1766 2933 1841 2956 cum
1856 2924 1888 2954 P.
1906 2924 1944 2954 R.
1962 2922 2003 2953 V.

251 2978 363 3009 «Iline
390 2979 545 3009 Faernus
577 2978 679 3008 sccit:
715 2986 789 3008 cnm
815 2981 985 3016 praetore,
1022 2979 1121 3019 prob.
1150 2978 1245 3010 Nieb.
1273 2986 1471 3018 perperam.
1509 2977 1616 3007 Nimis
1647 2975 1740 3007 enim
1769 2972 1910 3013 languet
1940 2971 2005 3003 ista

250 3029 441 3065 sententia,
478 3037 557 3059 cum
588 3028 720 3059 iudices
750 3027 913 3059 omnibus
945 3029 976 3058 in
1010 3031 1124 3059 causis
1153 3037 1220 3058 uua
1247 3037 1320 3058 cum.
1344 3030 1500 3065 praetore
1523 3033 1666 3056 causam
1689 3025 1728 3055 ut
1751 3021 2007 3062 cognoscerent

251 3086 396 3108 necesse
423 3077 558 3109 fuerit.»
584 3080 715 3109 omitti.
738 3097 771 3100 —
798 3078 851 3109 2¹.
878 3087 919 3109 et·
943 3080 1021 3109 ante
1047 3080 1138 3119 assi-is
1161 3077 1362 3115 Schuetzio⁷
1389 3086 1430 3106 ω·
1454 3078 1531 3106 ante
1557 3076 1683 3106 decreto
1699 3072 1856 3105 Ernestio
1880 3078 2006 3111 suspe-

251 3128 345 3157 ctum
371 3128 455 3157 crat.
484 3145 518 3149 —
552 3128 680 3167 Pompei
706 3128 731 3158 V
762 3129 807 3159 (et
838 3128 887 3159 sic
911 3127 1041 3168 ubique
1068 3130 1099 3159 in
1125 3128 1282 3167 gemtivis
1305 3126 1434 3165 Pompei
1459 3128 1491 3156 ct
1516 3125 1654 3164 Fontem
1691 3122 1832 3162 Pompeii·
1856 3120 1926 3152 SO.
1953 3119 2006 3159 (ew

252 3176 296 3205 M.
323 3176 446 3206 Fonteii
469 3185 510 3207 ex
536 3177 673 3208 llotom.
700 3178 789 3208 coni.
815 3178 856 3211 L:
885 3179 919 3208 at
942 3187 974 3208 V.
995 3180 1106 3209 Garat.
1134 3178 1176 3209 ad
1202 3178 1234 3208 h.
1254 3177 1288 3216 l.)
1316 3194 1351 3198 —
1377 3176 1430 3206 22.
1455 3184 1498 3207 ca:
1521 3175 1592 3206 belli
1615 3174 1711 3205 caede
1733 3170 1924 3209 Madvigius
1949 3167 2005 3208 (ad

253 3224 316 3254 (fic.
344 3225 381 3255 (Ie
403 3225 474 3256 Fin.
503 3234 535 3266 p.
562 3227 669 3266 57=t.):
696 3236 738 3257 cx
761 3227 839 3257 bello
863 3228 960 3258 caede
976 3228 1087 3259 YSO.
1112 3245 1146 3249 -—
1174 3226 1228 3258 Pi.
1252 3235 1284 3258 sc
1304 3235 1364 3265 per
1388 3225 1486 3256 edd:
1512 3233 1638 3264 semper
1659 3223 1732 3254 VS.
1753 3240 1788 3245 —-
1814 3219 2005 3252 incolomem

253 3273 296 3310 V}
323 3274 513 3307 incolumem
537 3276 568 3306 S.
599 3294 634 3298 —
660 3278 712 3308 ⁶255.
740 3278 858 3316 adfecit
882 3278 919 3308 Y.
944 3296 978 3300 —
1006 3279 1056 3309 27.
1076 3281 1156 3317 aput
1173 3277 1211 3308 V.
1233 3295 1268 3299 —
1294 3277 1346 3307 29.
1370 3275 1445 3315 quin
1464 3277 1499 3305 S:
1526 3275 1605 3314 quia
1620 3274 1660 3304 V.
1681 3290 1716 3293 ——
1742 3271 1795 3303 31.
1814 3268 2006 3310 oppuynant

253 3322 286 3352 S.
315 3338 351 3345 -
376 3325 473 3355 velint
497 3326 535 3356 S:
561 3326 635 3357 velit
658 3327 696 3358 V.
725 3344 759 3349 —
785 3328 899 3359 statuit
921 3328 961 3359 V.
984 3346 1017 3350 —-
1045 3327 1096 3359 34..
1114 3327 1235 3358 malitis
1256 3335 1300 3357 cm
1322 3326 1350 3357 is
1364 3326 1410 3364 V;
1440 3334 1484 3356 an
1504 3323 1704 3357 adversariis
1720 3322 1800 3364 (om.
1816 3315 1949 3357 malitis)
1967 3315 2001 3349 S·
