2143 3713
449 255 539 295 Lm.
570 254 616 294 V.
658 251 754 292 Cn.
785 249 1138 291 va-LXVII.
1173 247 1247 303 §§.
1279 247 1528 290 467-473.
1784 248 1866 292 437

125 369 278 411 cidium
318 380 483 407 nccare:
528 364 626 418 quid
665 363 798 402 dicam
830 362 870 401 in
902 375 1062 402 crucem
1094 361 1270 401 tollere?
1329 361 1466 400 Verbo
1498 361 1597 401 satis
1629 362 1752 415 digno
1783 368 1866 405 tam

124 432 282 473 nefaria
321 444 384 470 res
423 427 618 483 appellari
662 425 776 465 nullo
823 425 944 464 modo
991 428 1141 476 potest.
1208 423 1299 462 Non
1338 421 1417 462 fuit
1456 422 1521 462 his
1561 424 1750 464 omnibus
1788 425 1866 466 iste

123 498 356 534 contentus.
415 492 594 544 Spectet,
634 487 787 540 inquit,
820 486 1017 538 patriam:
1061 485 1104 524 in
1135 488 1361 537 conspectu
1401 484 1538 536 legum
1579 485 1864 540 libertatisque

121 557 335 597 moriatur.
395 555 483 593 Non
515 557 557 591 tu
587 550 665 589 hoc
696 549 786 588 loco
818 548 1006 595 Gavium,
1037 561 1121 587 non
1152 560 1281 586 unum
1311 546 1522 586 hominem
1553 547 1694 586 nescio
1727 560 1864 600 quem,

122 618 268 673 [civem
287 610 542 666 Romanum‚]
575 611 646 652 sed
678 624 937 650 communem
968 610 1170 650 libertatis
1202 615 1241 649 et
1272 609 1450 649 civitatis
1481 622 1646 649 causam
1677 609 1719 648 in
1749 610 1898 649 illum5

120 680 346 721 cruciatum
377 683 417 717 et
446 688 605 716 crucem
637 673 771 725 egisti.
830 674 914 713 Iam
945 685 1043 713 vero
1074 672 1209 712 videte
1239 671 1420 711 hominis
1452 671 1689 712 audaciam!
1720 673 1866 712 Nonne

121 757 214 783 cum
254 741 429 795 graviter
468 736 608 777 tulisse
645 734 922 781 arbitramini,
963 733 1075 787 quod
1116 734 1227 773 illam
1269 733 1427 774 civibus
1465 734 1662 774 Romanis
1704 748 1867 774 crucem

121 819 205 846 non
236 807 376 857 posset
405 801 445 840 in
474 799 577 844 foro,
607 809 692 836 non
722 796 765 835 in
797 797 978 843 comitio,
1006 808 1089 835 non
1119 795 1162 834 in
1184 796 1326 835 rostris
1350 793 1561 847 defigere?
1608 795 1732 844 Quod
1755 796 1866 835 enim

117 868 182 908 his
222 866 320 905 locis
360 863 402 902 in
441 859 652 914 provincia
695 872 769 898 sua
813 858 1049 898 celebritate
1095 857 1372 905 simillimum,
1417 857 1587 910 regione
1631 858 1867 911 proximum

118 929 273 985 potuit,
320 925 461 977 elegit:
505 927 818 961 monumentum
856 920 1024 960 sceleris
1063 920 1346 973 audaciaeque
1387 933 1484 960 suae
1525 920 1658 960 voluit
1696 933 1787 960 esse
1825 920 1915 959 into

119 994 343 1043 conspectu
375 985 534 1030 Italiae,
573 983 780 1022 vestibulo
813 983 1000 1029 Siciliae,
1030 982 1383 1036 praetervectione
1415 982 1622 1030 omnium,
1655 982 1727 1036 qui
1756 981 1865 1021 ultro

119 1054 304 1104 citroque
336 1048 587 1099 navigarent.
645 1045 808 1084 LXVII.
859 1041 944 1084 171.
977 1045 1018 1084 Si
1050 1044 1153 1083 haec
1183 1057 1268 1082 non
1299 1043 1350 1083 ad
1382 1045 1491 1084 cives
1522 1045 1751 1092 Romanos,
1782 1057 1868 1083 non

118 1115 168 1155 ad
206 1112 364 1164 aliquos
403 1109 555 1149 amicos
594 1112 760 1146 nostrae
800 1107 993 1154 civitatis,
1044 1120 1126 1146 non
1165 1106 1216 1145 ad
1258 1120 1349 1154 θος,
1396 1107 1468 1160 qui
1506 1107 1653 1160 populi
1690 1105 1867 1146 Romani

117 1188 267 1217 nomen
307 1172 544 1218 audissent,
583 1168 765 1221 denique
806 1169 840 1207 si
881 1183 963 1209 non
995 1169 1046 1208 ad
1075 1169 1290 1216 homines,
1330 1182 1473 1209 verum
1511 1169 1563 1209 ad
1600 1169 1756 1209 bestias
1796 1173 1868 1209 aut

119 1240 259 1284 ctiam,
299 1241 344 1275 ut
385 1233 548 1285 longius
587 1231 850 1285 progrediar,
894 1231 926 1270 si
965 1232 1005 1270 in
1048 1231 1188 1284 aliqua
1228 1231 1512 1271 desertissima
1547 1231 1775 1272 solitudine
1815 1232 1916 1272 adt-5

120 1314 220 1341 saxa
251 1303 290 1337 ct
321 1297 370 1336 ad
402 1294 593 1348 scopulos
623 1293 726 1333 haec
757 1294 954 1347 conqueri
994 1306 1040 1332 ac
1081 1293 1296 1346 deplorare
1335 1293 1507 1333 vellem:
1553 1298 1690 1334 tamen
1730 1296 1869 1335 omnia

121 1368 233 1401 muta
265 1365 388 1412 atque
420 1356 643 1396 inanimata
672 1360 785 1395 tanta
816 1361 857 1395 et
886 1360 967 1395 tam
998 1354 1169 1407 indigna
1198 1368 1336 1394 rerum
1379 1355 1604 1396 acerbitate
1634 1370 1868 1396 commove-

120 1429 272 1463 rentur.
331 1422 448 1459 Nunc
477 1432 575 1458 vero
607 1431 699 1458 cum
730 1418 877 1471 loquar
915 1417 1023 1470 apud
1062 1422 1276 1457 senatores
1317 1417 1463 1471 populi
1493 1419 1690 1467 Romani,
1728 1419 1868 1472 legum

120 1493 161 1526 et
191 1483 445 1524 iudiciorum
476 1486 515 1520 et
544 1480 645 1519 iuris
677 1485 888 1527 auctores,
928 1480 1072 1519 timere
1110 1492 1195 1519 non
1233 1479 1388 1527 debeo,
1426 1493 1479 1519 ne
1517 1493 1603 1520 non
1641 1490 1751 1522 unus
1790 1482 1867 1521 iste

120 1547 221 1589 civis
252 1548 462 1585 Romanus
493 1543 565 1582 illa
595 1556 714 1581 cruce
745 1541 916 1594 dignus,
958 1542 1082 1582 ceteri
1115 1555 1258 1581 omnes
1294 1542 1418 1581 simili
1449 1542 1637 1595 periculo
1666 1544 1916 1597 indignis-20

119 1610 213 1651 simi
255 1607 502 1647 iudicentur.
568 1601 662 1644 ΜΞ.
703 1605 830 1644 Paulo
862 1610 976 1650 ante,
1015 1604 1197 1652 iudices,
1237 1605 1427 1644 lacrimas
1465 1605 1508 1644 in
1546 1610 1679 1646 morte
1718 1607 1868 1647 misera

116 1678 243 1726 atque
276 1669 448 1721 indigna
477 1667 778 1707 navarchorum
810 1680 892 1705 non
927 1666 1168 1706 tenebamus
1200 1673 1240 1707 et
1269 1672 1379 1707 recte
1410 1681 1457 1707 ac
1489 1668 1636 1707 merito
1659 1669 1867 1708 sociorum

114 1733 404 1775 innocentium
451 1730 616 1769 miseria
662 1729 1041 1769 commovebamur:
1093 1730 1193 1782 quid
1234 1743 1345 1769 nunc
1389 1730 1431 1769 in
1477 1734 1619 1770 nostro
1665 1730 1867 1784 sanguine

116 1795 284 1836 tandem
315 1794 451 1834 facere
483 1794 706 1833 debemus?
743 1795 843 1833 Nam
876 1794 1024 1832 civium
1045 1793 1324 1832 Romanorum
1356 1792 1542 1832 omnium
1572 1793 1741 1847 sanguis
1771 1806 1868 1833 con-

115 1860 282 1898 iunctus
328 1848 628 1897 existimandus
669 1860 750 1902 est,
794 1856 990 1907 quoniam
1033 1861 1072 1894 et
1111 1854 1255 1893 salutis
1297 1854 1482 1893 omnium
1511 1854 1617 1894 ratio
1648 1860 1688 1895 et
1715 1856 1917 1896 veritas25

115 1920 313 1974 postulat.
377 1918 529 1958 Omnes
561 1918 637 1956 hoc
668 1917 759 1957 loco
792 1917 900 1956 cives
939 1917 1131 1963 Romani,
1173 1921 1212 1955 et
1243 1916 1314 1969 qui
1345 1916 1496 1956 adsunt
1526 1921 1566 1956 et
1597 1917 1669 1970 qui
1707 1918 1867 1971 ubique

116 1988 224 2029 sunt,
253 1985 431 2020 vestram
455 1980 723 2019 severitatem
756 1979 1013 2025 desiderant,
1044 1983 1223 2017 vestram
1256 1975 1379 2017 fidem
1411 1978 1653 2032 implorant,
1683 1986 1867 2020 vestrum

121 2044 323 2084 auxilium
354 2042 593 2095 requirunt:
633 2040 771 2080 omnia
801 2054 875 2080 sua
905 2040 1015 2087 iura,
1048 2040 1286 2087 commoda,
1317 2040 1492 2087 auxilia,
1523 2045 1652 2080 totam
1683 2041 1865 2094 denique

117 2106 349 2145 libertatem
378 2105 418 2143 in
449 2103 596 2143 vestris
628 2103 842 2142 sententiis
877 2103 1029 2141 versari
1070 2102 1332 2141 arbitrantur.
1392 2099 1483 2140 ³173.
1522 2103 1554 2141 A
1596 2117 1661 2142 me
1703 2104 1867 2143 tametsi

116 2168 214 2207 satis
245 2167 412 2213 habent,
445 2171 596 2212 tamen,
629 2166 661 2204 si
692 2178 757 2204 res
789 2165 907 2203 aliter
937 2164 1145 2210 acciderit,
1176 2165 1268 2218 plus
1289 2164 1502 2205 habebunt
1519 2165 1709 2213 fortasse,
1742 2178 1866 2218 quam
1879 2176 1916 2205 30

115 2229 345 2282 postulant.
404 2229 506 2267 ”Nam
539 2228 572 2267 si
603 2240 685 2281 qua
713 2227 774 2266 vis
805 2227 928 2266 istum
960 2227 1009 2265 de
1042 2232 1175 2267 vestra
1206 2227 1426 2266 severitate
1449 2226 1659 2279 eripuerit,
1690 2227 1732 2267 id
1753 2227 1866 2280 quod

114 2304 252 2344 neque
293 2295 453 2338 metuo,
493 2289 669 2337 iudices,
707 2302 844 2342 neque
882 2289 968 2328 ullo
1009 2289 1133 2328 modo
1176 2288 1265 2327 fieri
1302 2302 1425 2342 posse
1463 2288 1606 2336 video3
1652 2289 1726 2328 sed
1757 2289 1791 2328 si
1822 2290 1866 2329 in

112 2353 192 2393 hoc
224 2365 288 2392 me
319 2353 425 2392 ratio
455 2352 663 2398 fefellerit,
696 2351 823 2391 Siculi
854 2364 1018 2390 causam
1050 2364 1165 2390 suam
1196 2351 1354 2405 perisse
1385 2355 1612 2405 querentur
1642 2355 1683 2390 et
1703 2364 1865 2391 mecum

200 2519 230 2550 ⁴.
260 2517 369 2549 tollere
396 2516 519 2548 codd.:
551 2517 619 2548 tolli
649 2517 685 2547 O.
716 2534 749 2538 —
781 2520 849 2547 tam
879 2524 948 2547 om.
980 2516 1079 2556 Lg29.
1109 2533 1143 2537 —
1170 2514 1200 2547 4.
1227 2524 1291 2546 mm
1322 2517 1356 2545 ta
1384 2515 1443 2546 hoc
1472 2515 1540 2547 loco
1572 2523 1650 2555 sqq.
1683 2515 1861 2547 Severian.

112 2576 146 2609 p.
173 2566 245 2599 344.
268 2585 301 2589 —
322 2568 352 2598 5.
378 2568 477 2598 civem
502 2568 590 2597 Rom.
619 2575 686 2597 om.
716 2568 832 2597 Sexer.
861 2565 880 2596 l.
901 2565 921 2596 1.
943 2568 974 2596 et
998 2565 1197 2605 glossatoris
1215 2565 1320 2606 inepti
1337 2573 1480 2596 manum
1498 2565 1586 2596 baec
1602 2574 1656 2596 vv.
1675 2567 1862 2606 perspicue

113 2617 276 2658 produnt,
303 2617 361 2657 qui
386 2615 466 2647 illud
490 2617 595 2647 nescio
619 2626 713 2655 quem
736 2616 954 2656 interpretari
979 2615 1043 2647 sibi
1067 2614 1267 2651 videbatum
1296 2615 1395 2654 igitur
1419 2623 1498 2646 cum
1516 2613 1648 2646 Halmio
1672 2624 1711 2646 ca
1729 2616 1863 2647 uncinis

114 2665 424 2697 circumclusimus.
453 2683 488 2688 —
517 2666 547 2696 7.
574 2665 818 2696 arbitrabimini
841 2666 865 2695 O
891 2673 1008 2696 errore
1034 2667 1183 2706 typogr.,
1209 2666 1247 2695 ut
1269 2664 1417 2695 videtur.
1443 2683 1478 2687 —
1505 2664 1555 2695 ⁴0.
1584 2664 1672 2705 eligit
1694 2665 1796 2705 Lg29.
1824 2681 1859 2686 —

113 2713 165 2745 43.
191 2723 256 2745 non
279 2715 322 2745 ad
345 2714 407 2755 eos]
432 2715 487 2746 hic
512 2724 632 2747 rursus
656 2717 804 2755 pergunt
828 2716 873 2746 1³33
898 2714 928 2745 λ.
959 2732 991 2736 —n
1020 2714 1072 2745 46.
1099 2717 1128 2745 ec
1150 2714 1204 2754 ad]
1229 2714 1273 2744 ad
1296 2722 1366 2745 om.
1394 2714 1440 2745 G2
1464 2713 1526 2744 Ld.
1554 2714 1730 2745 Severian.
1761 2731 1796 2735 —
1823 2722 1864 2745 ac

112 2765 136 2797 R
160 2765 253 2804 ng
276 2765 415 2796 Seven:
448 2768 476 2796 et
503 2765 549 2796 (33
574 2765 657 2797 dett.
684 2766 721 2796 Ο.
750 2783 782 2787 -
813 2767 862 2796 47.
897 2765 1080 2795 inanimata
1109 2763 1155 2794 R3
1187 2764 1306 2794 Sever.
1341 2762 1405 2804 [?]:
1442 2763 1621 2801 animalia,
1652 2762 1861 2802 inanimalia,

112 2815 261 2846 animata
284 2814 367 2845 dett.
394 2813 603 2855 (inanimalia
626 2819 731 2853 tanta,
759 2818 823 2846 tam
849 2815 985 2853 imlt'gyna
1010 2813 1086 2844 cod.
1113 2813 1204 2844 Mon.
1229 2813 1379 2851 Sevcr.);
1406 2813 1557 2843 inanima
1578 2813 1686 2853 Naug.
1712 2813 1737 2844 Ο
1760 2812 1861 2853 prob.

112 2864 224 2895 Madv.
246 2863 290 2894 ad
312 2864 380 2894 Fin.
403 2872 435 2904 p.
451 2864 525 2896 5411.
555 2865 617 2904 [Cf.
644 2864 767 2896 Halmii
787 2864 880 2895 Anat.
906 2863 1055 2894 Tulliana
1080 2864 1104 2894 Ι.
1124 2864 1194 2893 not.
1214 2864 1244 2894 5.
1263 2871 1296 2903 p.
1318 2862 1357 2893 53
1372 2871 1423 2902 sq.
1451 2861 1566 2893 Simile
1584 2862 1637 2893 est
1651 2862 1770 2892 vitium
1788 2861 1821 2892 in
1837 2862 1863 2893 R

112 2921 146 2953 p.
163 2912 237 2950 433,
255 2913 288 2952 2,
315 2912 373 2944 ubi
392 2913 497 2946 habet
513 2914 620 2945 dedita
641 2918 765 2945 lantum
783 2922 845 2955 pro
862 2913 933 2944 dedi
957 2912 1110 2953 tantum]
1131 2931 1165 2936 —
1184 2913 1362 2945 acerbitate
1376 2913 1435 2952 R3‚
1454 2913 1556 2944 codd.
1576 2912 1710 2951 Lamb,
1729 2914 1863 2944 Seven:

114 2962 282 2993 atrocitate
306 2961 389 2994 dett.
417 2964 454 2993 O.
486 2979 520 2984 --
546 2964 598 2994 49.
624 2967 653 2995 et
676 2964 871 2995 iudiciorum
894 2964 919 2993 R
942 2960 962 2992 λ
986 2962 1093 3002 ng:
1120 2966 1149 2994 et
1172 2972 1242 2995 om.
1268 2963 1326 2999 G3,
1353 2963 1457 3000 dett.;
1483 2963 1741 3001 iudiciorumque
1763 2962 1799 2993 Ο.
1823 2978 1858 2984 -

114 3013 144 3041 et
166 3012 244 3042 ante
267 3012 350 3042 iuris
373 3021 442 3044 om.
468 3013 570 3052 Lg29.
598 3030 634 3035 —
659 3022 699 3044 ne
723 3024 788 3044 non
817 3012 907 3044 delet
938 3013 980 3043 de
1007 3012 1132 3044 Wolffii
1157 3015 1245 3045 coni.
1272 3013 1385 3045 Madv.
1410 3021 1444 3053 p.
1472 3012 1545 3044 1134.
1586 3014 1628 3044 At
1651 3014 1746 3043 recte
1770 3012 1861 3044 Bake

115 3060 241 3101 1).54.:
275 3063 385 3095 «Unus
411 3063 475 3094 iste
501 3063 584 3093 civis
608 3064 782 3095 Romanus
808 3066 859 3095 est
882 3063 1007 3094 Verres
1032 3063 1117 3103 ipse.
1149 3063 1366 3094 Seri-andum
1398 3064 1451 3095 est
1473 3071 1512 3094 ne
1533 3072 1598 3093 non
1621 3062 1678 3093 iste
1702 3060 1777 3093 coll.
1804 3062 1858 3093 [V.

116 3110 146 3149 ἓ.
165 3110 216 3141 82.
240 3111 280 3142 V.
305 3111 335 3151 ἓ.
354 3112 429 3143 78.»
455 3112 504 3144 Cf.
532 3113 635 3143 etiam
660 3113 769 3144 Halm.
797 3113 841 3144 ad
867 3113 898 3144 h.
922 3112 942 3143 l.
972 3113 1002 3143 in
1029 3112 1082 3143 ecl.
1111 3113 1199 3152 Lips.
1221 3131 1255 3135 —-
1276 3114 1326 3144 ⁴24.
1354 3114 1520 3144 lacrumas
1542 3113 1580 3144 R.
1603 3129 1637 3133 —
1656 3112 1707 3142 22.
1726 3110 1862 3151 indigna

115 3158 161 3190 R3
186 3157 206 3189 λ
228 3160 332 3200 Lg29:
360 3162 584 3202 indignissima,
607 3162 690 3194 dett.
717 3163 753 3194 O.
781 3180 816 3184 —
842 3162 895 3194 ⁵34.
922 3163 1065 3193 omnium
1089 3170 1157 3193 om.
1185 3162 1268 3193 dett.
1295 3163 1332 3193 O.
1354 3180 1389 3184 —
1415 3163 1467 3194 25.
1493 3161 1740 3194 existumandus
1762 3161 1799 3192 R.
1819 3178 1857 3183 —

116 3208 270 3247 quoniam
292 3210 325 3240 id
347 3214 376 3242 et
406 3212 488 3243 dett.
522 3213 559 3243 Ο.
589 3230 623 3234 -
647 3213 768 3244 veritas
798 3214 941 3244 omnium
975 3213 1057 3243 dett.
1086 3229 1121 3233 ——
1147 3212 1199 3243 26.
1232 3211 1414 3251 ubicunque
1444 3212 1533 3252 Lg29
1557 3212 1609 3244 45.
1638 3227 1672 3231 —
1700 3209 1752 3240 27.
1783 3212 1860 3242 vest.

116 3266 216 3290 sever.
241 3259 422 3292 desiderant
445 3270 514 3293 0111.
540 3262 598 3300 1z3,
624 3263 722 3294 uncis
747 3262 825 3295 incl.
852 3261 962 3293 Halm.
991 3279 1025 3284 -—
1052 3261 1217 3301 inplorant
1241 3262 1276 3292 R.
1305 3279 1340 3283 —
1367 3261 1420 3292 29.
1444 3261 1573 3293 versari
1596 3269 1663 3291 om.
1690 3258 1791 3298 [4329.
1821 3277 1856 3281 —

117 3306 168 3337 30.
193 3306 344 3339 haberent
367 3310 465 3350 Lg29.
493 3329 527 3332 —
554 3311 672 3352 tamen]
704 3315 771 3342 tam
794 3314 838 3350 R;
871 3311 1000 3343 addidit
1025 3320 1071 3342 m.
1098 3312 1128 3342 2.
1155 3313 1194 3341 et.
1222 3328 1256 3332 —-
1283 3311 1433 3342 ceciderit
1455 3311 1544 3342 coni.
1571 3308 1792 3341 Guilielmius.
1818 3326 1854 3330 —

117 3355 169 3387 31.
188 3365 265 3389 nam
280 3359 336 3390 etsi
352 3369 417 3399 qua
433 3362 534 3401 Lagg.
552 3363 693 3402 praeter
707 3362 760 3402 29,
780 3362 817 3393 Ο.
844 3361 893 3393 Cf.
913 3361 1025 3393 Madv,
1046 3369 1078 3402 p.
1098 3360 1173 3392 1135.
1195 3378 1228 3383 —
1248 3360 1367 3400 eripuit
1382 3361 1419 3392 R.
1436 3377 1471 3382 -—
1491 3360 1543 3392 32.
1558 3367 1652 3400 posse
1671 3358 1744 3402 fieri
1759 3358 1806 3390 (33
1822 3357 1853 3392 λ.
