2143 3713
321 233 519 274 ORATIO
550 233 618 273 DE
650 231 866 272 IMPERIO
902 231 980 271 CN.
1010 232 1240 272 POMPEII.
1283 231 1377 272 cst.
1409 234 1438 273 1.
1469 231 1541 286 §§.
1573 232 1710 276 4-2.
1795 234 1876 276 517

141 344 170 378 ‘21
191 363 222 374 =
249 344 392 377 Codices
417 353 549 376 omnes.

140 396 165 427 R
190 404 222 415 ε
249 394 378 435 Reliqui
402 394 539 426 codices
563 394 701 434 praeter
724 400 803 428 eos,
834 400 921 432 quos
946 392 1068 432 quovis
1091 391 1167 424 loco
1191 393 1485 424 enumeravimus.

140 447 167 475 A
191 460 223 471 =
249 444 357 476 Editio
380 444 587 476 Aseensiana
612 442 720 483 prima
745 450 775 472 a.
803 441 896 472 4511.

143 494 165 524 L
191 508 222 519 =
248 494 355 525 Editio
379 492 598 525 Lambiniana
622 499 652 521 a.
679 491 774 521 4566.

142 541 163 575 53
193 551 225 562 =
250 543 358 574 Editio
383 541 601 573 Lambiniana
625 548 655 570 a.
683 538 774 571 4584.

142 592 167 623 O
191 601 223 613 Ξ
248 592 355 624 Editio
379 590 544 623 Orelliana
567 590 661 630 prior
683 597 713 620 a.
741 589 834 621 4826.

1452 476 1465 497 ’ἱ

249 823 278 861 I.
311 818 347 860 sl.
380 821 642 872 Quamquam
676 819 773 859 mihi
804 833 966 873 semper
994 820 1190 873 frequens
1213 825 1459 873 conspectus
1490 826 1627 860 vester
1654 822 1784 862 multo
1816 823 1878 863 iu-

138 885 430 929 cundissimus,
474 882 542 921 hic
580 887 718 921 autem
760 882 876 921 locus
914 882 964 922 ad
995 883 1198 934 agendum
1229 882 1530 935 amplissimus,
1575 882 1626 922 ad
1658 884 1878 924 dicendum

137 946 420 986 ornatissimus
460 949 521 984 est
558 945 690 990 visus,
735 944 940 992 Quirites,
988 952 1123 985 tamen
1162 944 1241 983 hoc
1271 945 1385 983 aditu
1415 944 1572 992 laudis,
1613 945 1684 998 qui
1716 959 1879 999 semper

137 1007 292 1059 optimo
323 1006 473 1059 cuique
503 1006 680 1046 maxime
712 1007 865 1058 patuit,
906 1021 988 1047 non
1029 1020 1122 1047 mea
1151 1020 1215 1046 me
1246 1007 1439 1046 voluntas
1471 1006 1627 1054 adhuc,
1665 1007 1738 1047 sed
1769 1009 1877 1048 vitae

136 1081 249 1108 meae
280 1068 461 1107 rationes
492 1068 542 1107 ab
573 1068 741 1107 ineunte
772 1073 904 1108 aetate
936 1074 1152 1121 susceptae
1188 1068 1505 1121 prohibuerunt.
1548 1071 1652 1109 Nam
1683 1083 1776 1109 cum
1806 1081 1910 1110 ein-5

135 1135 200 1170 tea
230 1143 304 1183 per
332 1134 506 1169 aetatem
538 1130 720 1169 nondum
751 1129 874 1170 huius
906 1131 1190 1170 auctoritatem
1220 1130 1300 1169 loci
1329 1131 1530 1183 attingere
1562 1131 1757 1171 auderem
1796 1137 1878 1173 sta-

135 1198 375 1244 tueremque
406 1191 509 1231 nibil
537 1191 619 1230 huc
649 1192 728 1231 nisi
759 1192 985 1244 perfectum
1017 1192 1202 1244 ingenio,
1233 1192 1489 1232 elaboratum
1511 1193 1716 1233 industria
1740 1195 1877 1234 afferri

135 1259 347 1306 oportere,
379 1266 500 1292 omne
530 1266 667 1293 meum
700 1259 860 1306 tempus
891 1254 1119 1293 amicorum
1141 1254 1398 1306 temporibus
1419 1255 1783 1296 transmittendum
1802 1271 1878 1310 pu-

134 1316 229 1355 tavi.
286 1313 324 1354 2.
354 1316 415 1355 lta
452 1329 592 1369 neque
628 1315 696 1355 hic
736 1315 853 1355 locus
892 1329 1047 1355 vacuus
1077 1328 1275 1368 umquam
1304 1315 1386 1354 fuit
1415 1315 1465 1355 ab
1495 1316 1565 1363 iis,
1598 1317 1669 1370 qui
1698 1324 1876 1358 vestram

133 1389 298 1417 causam
330 1377 621 1424 defenderent,
664 1382 705 1416 et
734 1390 849 1417 meus
879 1377 1014 1424 labor,
1046 1377 1089 1416 in
1120 1377 1377 1430 privatorum
1406 1378 1601 1431 periculis
1631 1384 1741 1420 caste
1774 1381 1926 1421 inte-40

133 1452 288 1492 greque
318 1445 527 1486 versatus,
559 1452 611 1478 ex
640 1445 774 1479 vestro
804 1437 960 1478 iudicio
989 1438 1166 1479 fructum
1193 1445 1255 1479 est
1284 1439 1582 1493 amplissimum
1613 1448 1876 1483 consecutus.

132 1502 234 1540 Nam
277 1513 370 1540 cum
408 1506 577 1554 propter
614 1500 859 1541 dilationem
898 1501 1156 1541 comitiorum
1195 1507 1256 1541 ter
1294 1507 1461 1554 praetor
1489 1503 1648 1555 primus
1680 1505 1877 1545 centuriis

134 1562 293 1602 cunctis
323 1563 582 1602 renuntiatus
613 1577 725 1610 sum,
763 1562 883 1602 facile
914 1562 1123 1610 intellexi,
1155 1563 1358 1612 Quirites,
1390 1569 1432 1603 et
1461 1565 1563 1618 quid
1593 1564 1644 1620 de
1674 1580 1739 1606 me
1769 1567 1878 1607 iudi-

134 1624 284 1664 caretis
315 1629 356 1664 et
385 1625 485 1677 quid
516 1624 608 1664 aliis
639 1624 988 1677 praescriberetis.
1032 1626 1150 1665 Nune
1181 1639 1274 1665 cum
1296 1630 1337 1665 et
1361 1627 1618 1668 auctoritatis
1638 1628 1682 1668 in
1703 1643 1767 1670 me
1788 1636 1877 1670 tan-

135 1692 221 1726 tum
252 1686 329 1732 sit,
361 1691 561 1739 quantum
590 1700 663 1726 vos
692 1687 920 1726 honoribus
952 1688 1197 1727 mandandis
1228 1701 1319 1728 esse
1350 1688 1560 1736 voluistis,
1602 1695 1642 1730 et
1671 1692 1723 1732 ad
1753 1704 1925 1746 agen-⁴5

138 1748 234 1787 dum
275 1747 481 1787 facultatis
520 1753 700 1797 tantum,
739 1754 939 1802 quantum
968 1749 1126 1789 homini
1157 1749 1342 1803 vigilanti
1374 1763 1426 1790 ex
1453 1750 1611 1792 forensi
1641 1766 1720 1793 usu
1747 1768 1877 1808 prope

136 1809 379 1863 quotidiana
408 1809 572 1849 dicendi
604 1811 841 1850 exercitatio
873 1811 1010 1863 potuit
1038 1812 1206 1859 afferre,
1244 1817 1352 1852 certe
1378 1817 1420 1852 et
1439 1812 1474 1852 si
1497 1812 1599 1866 quid
1619 1816 1877 1856 auctoritatis

137 1871 180 1910 in
211 1884 274 1910 me
306 1876 389 1918 est,
420 1873 530 1924 apud
562 1885 633 1912 eos
662 1879 776 1920 utar,
808 1873 880 1926 qui
913 1886 1001 1913 eam
1021 1873 1120 1912 mihi
1143 1874 1368 1921 dederunt,
1399 1879 1440 1914 et
1460 1874 1494 1914 si
1517 1875 1617 1928 quid
1638 1876 1681 1915 in
1702 1877 1876 1917 dicendo
1920 1890 1922 1892 ’

137 1934 335 1986 consequi
365 1945 555 1985 possum,
588 1934 638 1974 iis
670 1935 884 1974 ostendam
914 1935 1196 1987 potissimum,
1236 1936 1309 1989 qui
1339 1936 1377 1976 ei
1409 1949 1578 1991 quoque
1608 1938 1670 1978 rei
1698 1937 1877 1979 fructum

220 2141 268 2173 DE
293 2150 422 2173 mpsiuo
448 2142 505 2173 cx.
533 2142 602 2182 (Gx.
630 2143 704 2181 EV)
730 2144 866 2174 Pompeii
889 2144 932 2175 W
947 2144 969 2175 C
984 2144 1060 2181 EV,
1086 2144 1192 2177 Aulus
1217 2145 1344 2177 Gellius
1367 2147 1392 2177 I.
1416 2146 1446 2185 7,
1467 2147 1518 2177 45.
1536 2147 1589 2177 ⁶20.
1617 2146 1670 2185 (cf.
1688 2147 1727 2178 X.
1745 2147 1799 2187 ΞΟ,
1817 2148 1876 2188 3.),

134 2191 327 2223 Priscianus
352 2191 404 2222 IX.
430 2192 482 2228 40,
507 2191 558 2223 54.
585 2200 617 2232 p.
645 2191 717 2223 468.
744 2193 820 2230 Kr.‚
847 2193 1028 2233 Emporius
1052 2194 1181 2226 Rhetor
1204 2194 1246 2226 de
1272 2194 1498 2227 deliberativa
1521 2197 1638 2236 speeie
1662 2206 1696 2238 p.
1720 2197 1794 2230 344.
1820 2198 1875 2231 ed.

134 2241 256 2281 Capp.‚
282 2241 469 2272 Arusianus
493 2241 638 2272 Messius
663 2251 694 2282 p.
717 2242 790 2273 ⁶250.
819 2242 911 2273 Lind.
939 2242 991 2280 (cs.
1020 2251 1053 2283 p.
1080 2244 1140 2274 230
1165 2252 1217 2283 sq.
1244 2244 1317 2275 235.
1344 2244 1450 2283 264),
1476 2243 1579 2277 Iulius
1603 2247 1721 2279 Victor
1742 2257 1776 2289 p.
1802 2249 1877 2281 257.

132 2299 165 2321 V.
191 2289 243 2321 30.
269 2289 351 2322 edit.
377 2292 538 2321 nostrae:
560 2299 623 2329 pro
647 2291 713 2331 lege
734 2292 876 2322 Manilia
898 2292 922 2323 B
937 2293 980 2329 03
1007 2301 1072 2331 pro
1094 2292 1160 2332 leqe
1182 2293 1324 2324 Manilia
1346 2294 1411 2325 sive
1434 2294 1472 2325 de
1493 2294 1693 2334 imperatore
1715 2298 1879 2338 deligendo

133 2341 177 2376 A?
199 2348 262 2379 pro
285 2340 351 2380 leye
366 2340 520 2377 Manilia,
546 2349 602 2371 sea
624 2341 662 2372 de
684 2341 881 2380 imperatore
895 2342 1044 2382 Pompeio
1067 2343 1248 2382 deliyendo,
1276 2343 1319 2373 ad
1338 2343 1496 2383 populum
1520 2345 1543 2375 L
1558 2343 1591 2378 8.
1620 2346 1658 2377 In
1681 2347 1703 2378 F
1727 2347 1879 2379 subseri-

133 2390 231 2430 ptum
255 2391 308 2420 est
328 2389 417 2420 Finis
437 2389 645 2428 Pompeiane,
678 2392 782 2430 atque
807 2391 998 2423 orationem
1021 2392 1255 2431 Pompeianam
1276 2394 1380 2424 vocat
1405 2392 1507 2424 etiam
1532 2394 1671 2427 Servius
1695 2395 1739 2427 ad
1762 2396 1876 2438 Virgil.

134 2439 256 2478 Georg.
282 2439 336 2469 ΙΙΙ.
362 2437 414 2470 64.
440 2440 474 2470 et
497 2438 685 2471 Scholiasta
709 2441 946 2471 Gronovianus
969 2449 1003 2481 p.
1027 2441 1101 2472 437.
1129 2442 1163 2472 et
1184 2440 1258 2473 442.
1286 2441 1341 2472 ed.
1367 2443 1517 2474 nostrae.

220 2494 250 2525 A.
275 2493 371 2525 michi
393 2494 422 2524 V
447 2494 491 2534 (et
513 2494 562 2526 sic
587 2495 752 2536 semper).
780 2513 815 2518 —
840 2495 1088 2527 iocundissimus
1109 2497 1149 2528 V.
1176 2513 1213 2519 -
1240 2497 1270 2528 ⁶2.
1297 2497 1397 2537 ampl.
1423 2501 1453 2529 et
1475 2499 1519 2529 ad
1542 2499 1603 2530 dic.
1623 2500 1656 2531 F.
1678 2518 1714 2523 —
1740 2500 1770 2533 3.
1798 2502 1879 2542 Qui-

132 2543 220 2584 rites]
245 2551 348 2583 quare
370 2543 448 2582 EV,
474 2543 537 2575 sed
560 2544 593 2574 111
618 2544 646 2573 V
669 2545 809 2584 Quirites
832 2553 849 2575 a
874 2554 944 2577 sec.
971 2554 1017 2577 m.
1045 2547 1253 2578 correctum.
1282 2564 1317 2568 —
1344 2546 1373 2579 4.
1399 2556 1473 2579 mea
1497 2557 1565 2580 om.
1584 2549 1623 2587 V,
1650 2549 1713 2582 sed
1736 2551 1879 2593 supple-

134 2595 207 2625 tum
230 2593 264 2624 in
287 2601 396 2633 marg.
422 2595 500 2624 ante
523 2594 683 2625 voluntas.
705 2611 740 2617 -
768 2595 873 2626 adhuc
895 2596 958 2627 EV
984 2596 1057 2635 (sed
1081 2596 1137 2627 hic
1161 2597 1263 2634 aduc,
1290 2596 1384 2637 quod
1408 2597 1442 2628 in
1466 2597 1568 2629 adhoc
1591 2602 1790 2632 correctum
1815 2602 1876 2641 est)

133 2643 177 2674 F:
204 2651 273 2674 om.
299 2641 485 2675 RALQO.
514 2660 550 2665 —-
584 2644 669 2675 vitae
697 2653 785 2675 meae
813 2643 1014 2683 EVQFB:
1046 2654 1136 2677 meae
1165 2646 1251 2677 vitae
1273 2645 1424 2680 ALsso.
1453 2665 1488 2670 —
1521 2648 1552 2679 5.
1578 2656 1650 2679 cum
1676 2657 1738 2688 per
1763 2653 1879 2682 etatem

133 2695 231 2723 antea
246 2692 388 2722 nondam
402 2691 443 2723 V.
464 2707 498 2714 -
525 2692 555 2724 6.
575 2693 734 2733 adimere
750 2694 792 2724 W
806 2694 830 2724 E
844 2692 873 2733 *E
885 2696 909 2726 B
924 2696 967 2726 O:
994 2696 1158 2735 actinyere
1173 2695 1221 2731 V;
1248 2696 1433 2737 continqere
1448 2697 1473 2728 R
1486 2698 1514 2729 A
1528 2698 1551 2729 L
1565 2697 1587 2732 ἓ
1600 2697 1638 2729 O.
1655 2714 1689 2719 —
1709 2697 1739 2729 8.
1757 2699 1875 2740 meum]

132 2745 276 2773 uestrum
298 2739 340 2780 Ἦ.
366 2758 401 2763 -
432 2741 462 2773 9.
488 2743 597 2782 itaque
620 2752 720 2782 neque
743 2741 823 2782 VU.
854 2762 888 2766 —
920 2753 1044 2775 ¹vacuus
1064 2744 1115 2775 hic
1137 2744 1226 2776 locus
1248 2745 1282 2776 F.
1311 2763 1346 2767 —
1379 2745 1442 2786 fuit
1464 2747 1546 2778 WC
1561 2747 1628 2778 EV
1643 2747 1687 2778 0:
1717 2755 1785 2779 om.
1812 2749 1877 2781 ΒΑ

133 2790 204 2825 [ἓ.
232 2809 267 2813 -
293 2791 333 2822 ab
355 2791 413 2830 hys
437 2791 468 2831 (i.
494 2801 524 2823 e.
549 2792 619 2832 hiis)
645 2793 691 2830 V;
722 2793 762 2823 ab
785 2794 833 2824 his
855 2796 899 2824 est
921 2793 958 2824 B.
988 2809 1022 2815 —
1058 2794 1109 2824 ll.
1136 2793 1187 2834 ex]
1213 2797 1242 2825 et
1264 2794 1340 2826 EV.
1378 2795 1428 2827 Cf.
1453 2804 1486 2827 v.
1514 2796 1564 2827 «¹6.
1590 2795 1621 2836 ἓ.
1653 2795 1683 2827 3.
1709 2796 1739 2827 7.
1765 2797 1795 2828 9.
1821 2798 1874 2829 4¹1.

134 2842 184 2873 ⁴5.
203 2841 255 2873 23.
277 2859 312 2863 —
339 2841 390 2872 43.
414 2840 563 2882 Quirites]
587 2851 647 2873 cur
670 2843 746 2874 EV.
766 2861 800 2865 —
830 2846 859 2874 et
881 2851 947 2874 om.
968 2843 1003 2874 F.
1025 2858 1059 2864 —
1086 2843 1270 2874 iudicaritis
1291 2844 1316 2875 E
1335 2844 1412 2884 (Fr.)
1435 2846 1469 2876 et
1491 2853 1511 2876 a
1534 2853 1586 2886 pr.
1605 2853 1651 2876 m.
1673 2846 1720 2884 (ut
1740 2846 1875 2878 Prienio

131 2891 276 2930 videtur)
300 2890 340 2922 V.
353 2907 388 2912 —-
416 2889 467 2922 li.
492 2894 522 2922 et
544 2893 622 2923 ante
639 2895 725 2923 auct.
744 2901 812 2924 om.
842 2893 875 2924 1³.
893 2910 928 2914 —
956 2893 1006 2923 vl5.
1024 2893 1221 2924 mandandis
1242 2894 1287 2925 W
1300 2894 1324 2925 C
1338 2893 1363 2925 E
1377 2894 1405 2923 V
1430 2895 1459 2932 (a
1475 2903 1528 2935 pr.
1546 2895 1607 2934 m.)
1625 2893 1693 2934 ’BA
1706 2895 1731 2926 Ο
1746 2904 1752 2925 :
1778 2905 1876 2927 man-

133 2941 277 2971 dandam
298 2941 323 2972 B
338 2941 371 2979 F,
398 2948 487 2971 corr.
505 2941 544 2979 V,
570 2942 613 2976 L;
638 2942 831 2973 mandatum
847 2949 927 2972 cum
944 2940 999 2972 ed.
1019 2941 1232 2982 Hervagiana
1248 2941 1287 2980 δε
1315 2943 1478 2974 mandatis
1494 2952 1561 2984 mg.
1581 2942 1614 2978 8.
1636 2962 1671 2967 —-
1698 2945 1748 2976 46.
1767 2946 1819 2987 ex]
1847 2949 1877 2977 et

134 2989 211 3020 EV.
243 2989 291 3022 Cf.
317 2998 351 3021 V.
378 2990 429 3020 Μ.
457 3007 492 3012 -
518 2998 578 3021 usu
599 2991 719 3030 forensi
742 2993 778 3023 L.
793 3008 828 3013 —
856 2992 906 3022 47.
933 2991 1111 3022 cottidiana.
1133 2992 1173 3023 V.
1196 3010 1231 3015 —
1257 2995 1286 3023 et
1307 2993 1334 3023 si
1358 2994 1436 3032 quid
1451 2994 1591 3025 --mihi
1614 2995 1770 3026 dederunt
1792 2996 1873 3028 WC

135 3037 259 3078 Evas,
283 3048 352 3080 mg.
378 3038 418 3078 ἓ,
446 3040 489 3071 O:
517 3048 586 3071 om.
612 3041 796 3076 FBALss.
824 3059 858 3063 —
892 3040 943 3072 218.
969 3041 1058 3079 apud
1082 3039 1210 3079 EV‘B:
1236 3050 1276 3072 ea
1299 3043 1388 3082 apud
1410 3051 1479 3083 mg.
1506 3042 1548 3082 8,
1575 3043 1611 3075 Ο.
1648 3043 1875 3076 Urbaniorem

135 3089 230 3127 putat
262 3087 415 3121 Halmius
447 3090 640 3122 orationem
668 3092 872 3132 pronomine
903 3091 1049 3127 omiSSO,
1080 3092 1265 3130 propterea
1290 3090 1383 3130 quod
1406 3091 1475 3123 iam
1498 3101 1566 3124 non
1589 3093 1784 3132 auctoritas,
1810 3093 1874 3125 sed

135 3136 162 3167 si
185 3137 261 3175 quid
282 3139 487 3169 auctoritatis
510 3148 552 3170 ex
575 3141 745 3172 sententia
768 3140 909 3172 relativa
932 3138 1164 3179 repetendum
1188 3140 1240 3171 sit.
1268 3140 1318 3171 Cf.
1345 3140 1415 3172 Cic.
1434 3149 1468 3181 p.
1488 3140 1578 3173 Sulla
1603 3141 1634 3182 g.
1650 3142 1684 3172 ⁶2¹
1706 3150 1713 3172 z
1737 3142 1771 3173 in
1795 3151 1874 3182 quos

137 3185 316 3217 testimonia
337 3188 466 3227 dixisti,
492 3189 639 3219 damnati
661 3193 746 3221 sunt.
777 3189 807 3230 S.
834 3190 891 3221 92:
925 3197 1011 3228 quae
1028 3190 1141 3228 prima
1163 3190 1340 3221 innocentis
1361 3190 1440 3221 mihi
1463 3191 1601 3230 defensio
1624 3194 1668 3222 est
1690 3191 1799 3223 oblata
1820 3200 1873 3223 sue

135 3235 231 3274 scepi.
257 3252 291 3258 —
316 3237 404 3278 utar]
428 3238 593 3277 effundam
616 3236 656 3277 'B-
685 3257 719 3262 —
744 3240 822 3270 mihi
844 3247 916 3270 eam
938 3237 980 3278 ⁵13.
1008 3255 1042 3260 —
1070 3238 1096 3268 si
1119 3239 1197 3277 quid
1218 3239 1253 3269 in
1275 3239 1407 3270 dicendo
1429 3237 1555 3279 EV‘B:
1591 3240 1619 3271 si
1641 3241 1718 3280 quid
1740 3241 1872 3273 dicendo

137 3291 206 3324 mg.
232 3282 272 3322 23
302 3285 329 3316 si
357 3287 434 3324 quid
459 3288 556 3318 etiam
586 3289 619 3319 in
649 3289 781 3320 dicendo
805 3290 845 3328 F;
878 3290 905 3320 si
934 3288 1012 3328 quid
1040 3288 1139 3320 etiam
1167 3288 1299 3320 dicendo
1322 3287 1509 3324 BALssO.
1543 3307 1578 3312 —
1610 3290 1662 3322 49.
1690 3290 1812 3330 possim
1833 3292 1868 3323 F.

141 3349 176 3355 -
199 3332 260 3364 hiis
280 3333 326 3372 V;
357 3335 405 3367 his
426 3336 498 3369 FB.
526 3353 560 3359 —
589 3337 628 3382 ei]
652 3337 720 3370 eius
741 3336 771 3378 (Β
