2127 3708
701 209 797 252 cst.
827 210 989 252 1—111.
1031 209 1104 264 33.
1134 208 1273 251 4-8.
1806 210 1851 253 34

119 326 253 379 capite
284 330 326 367 et
354 323 530 366 fortunis
561 322 751 370 alterius,
784 322 1135 377 quemadmodum
1167 327 1499 370 consueverunt,
1532 336 1700 365 causam
1729 324 1861 365 velint

118 389 267 429 dicere.
316 388 438 437 Quod
467 386 602 426 adhuc
631 398 706 425 vos
738 385 930 438 ignorare
960 399 1045 425 non
1076 386 1226 425 mirum
1257 390 1342 432 est,
1372 390 1595 438 propterea
1625 387 1740 440 quod
1761 401 1860 427 con-

118 452 227 491 sulto
268 451 318 491 ab
355 448 665 491 accusatoribus
706 448 796 487 eius
833 449 916 495 rei,
963 461 1069 501 quae
1101 448 1296 488 conflavit
1325 447 1404 487 1100
1435 448 1656 495 111(110111111,
1702 450 1858 489 mentio

117 513 224 553 sacta
264 525 348 552 non
387 516 461 551 est.
521 509 558 549 G.
600 509 717 558 Quae
749 524 814 550 res
846 524 894 550 ea
925 512 1016 550 est?
1061 512 1174 550 Bona
1206 510 1335 563 patris
1365 510 1540 550 huiusce
1572 511 1666 550 Sex.
1698 512 1858 560 Roscii,

118 588 225 628 quae
264 578 359 614 sunt
397 573 606 625 sexagies,
653 585 760 625 quae
800 573 850 612 de
891 573 980 612 viro
1024 572 1253 612 clarissimo
1286 576 1326 611 et
1354 571 1604 620 fortissimo,
1646 573 1691 611 L.
1724 575 1859 622 Sulla,
1891 580 1910 609 5

118 650 241 690 quem
269 635 438 675 honoris
470 648 594 674 causa
624 635 816 681 nomino,
849 635 1012 674 duobus
1044 635 1211 675 milibus
1241 648 1455 674 nummum
1477 648 1568 674 sese
1590 635 1690 675 dicit
1711 638 1859 678 emisse

115 698 357 738 adolescens
387 698 452 737 vel
482 697 799 750 potentissimus
829 697 908 735 hoc
940 702 1127 749 tempore
1150 703 1317 737 nostrae
1341 697 1542 743 civitatis,
1574 696 1617 735 L.
1642 697 1859 739 Cornelius

117 760 420 814 Chrysogonus.
478 761 517 799 Is
548 773 572 799 a
601 760 742 806 vohis,
783 759 962 806 iudices,
1001 760 1081 799 hoc
1112 759 1318 811 postulat,
1360 763 1425 805 ut,
1458 759 1657 811 quoniam
1689 760 1731 799 in
1761 761 1861 801 alie-

115 836 207 862 nam
248 823 466 876 pecuniam
497 826 579 862 tam
619 822 785 875 plenam
816 826 943 875 atque
975 821 1231 874 praeclaram
1262 820 1377 860 nullo
1408 820 1497 859 iure
1528 821 1728 861 invaserit
1758 836 1862 876 quo-

114 885 307 939 niamque
348 885 384 925 ei
423 885 627 938 pecuniae
664 885 750 924 vita
787 884 882 924 Sex.
922 884 1061 923 Roscii
1100 884 1263 924 obstare
1295 888 1422 936 atque
1454 880 1620 923 officere
1651 883 1910 933 videatur‚›1o

114 948 285 988 deleatis
317 962 368 988 ex
398 948 538 988 animo
570 960 645 988 suo
678 947 961 1000 suspicionem
994 960 1244 1000 omnemque
1276 950 1431 985 metum
1458 945 1637 985 tollatis:
1669 960 1760 987 sese
1781 948 1861 988 hoc

113 1009 311 1050 incolumi
349 1024 434 1051 non
475 1010 697 1050 arbitratur
737 1009 863 1049 huius
894 1009 1132 1050 innocentis
1164 1008 1462 1061 patrimonium
1493 1012 1576 1047 tam
1607 1009 1790 1061 amplum
1821 1015 1863 1051 et

113 1073 329 1125 copiosum
359 1086 484 1126 posse
515 1072 725 1120 obtinere;
757 1072 952 1111 damnato
985 1076 1026 1111 et
1056 1071 1188 1111 eiecto
1221 1076 1361 1124 sperat
1381 1084 1424 1110 se
1453 1084 1596 1124 posse,
1628 1073 1742 1125 quod
1764 1074 1862 1113 ade-

112 1139 207 1187 ptus
238 1141 301 1175 est
329 1149 405 1189 per
434 1135 593 1182 scelus,
624 1135 667 1174 id
697 1148 773 1187 per
802 1134 1009 1174 luxuriam
1041 1134 1254 1174 effundere
1285 1139 1412 1187 atque
1435 1147 1692 1175 consumere.
1739 1136 1861 1176 Hunc

113 1196 191 1236 sibi
222 1211 274 1238 ex
304 1199 442 1239 animo
473 1198 738 1251 scrupulum,
770 1197 843 1250 qui
874 1211 917 1237 se
949 1197 1038 1237 dies
1068 1202 1300 1250 noctesque
1332 1197 1584 1237 stimulatae
1614 1198 1784 1252 pungit,
1815 1204 1910 1239 ut⁴5

113 1259 320 1308 evellatis,
359 1261 545 1314 postulat
587 1265 634 1300 ut
675 1260 726 1299 ad
764 1259 872 1299 hanc
916 1273 1032 1299 suam
1074 1259 1271 1312 praedam
1302 1263 1386 1298 tam
1415 1259 1616 1299 nefariam
1647 1261 1860 1301 adiutores

112 1333 186 1362 vos
217 1320 509 1375 profiteamini.
569 1320 607 1362 7.
649 1322 692 1362 Si
722 1322 840 1362 vobis
871 1334 1006 1375 aequa
1036 1326 1077 1361 et
1104 1321 1282 1361 honesta
1310 1322 1540 1374 postulatio
1571 1323 1756 1372 videtur,
1798 1324 1861 1364 iu-

112 1384 243 1433 dices,
285 1398 361 1439 ego
403 1390 547 1426 contra
574 1386 743 1425 brevem
772 1385 1098 1439 postulationem
1129 1382 1258 1423 affero
1290 1389 1348 1431 et,
1393 1385 1605 1438 quomodo
1637 1386 1738 1426 mihi
1767 1400 1862 1440 per-

112 1447 291 1496 suadeo,
322 1449 536 1502 aliquanto
568 1447 824 1501 aequiorem.
884 1448 953 1486 ΙΙΙ.
984 1447 1169 1486 Primum
1199 1460 1222 1486 a
1255 1446 1525 1501 Chrysogono
1557 1453 1681 1501 peto,
1712 1453 1759 1489 ut
1788 1463 1861 1503 pe-

113 1511 235 1550 cunia
276 1510 539 1565 fortunisque
578 1511 732 1550 nostris
768 1514 988 1550 contentus
1021 1510 1092 1557 sit,
1138 1509 1384 1563 sanguinem
1415 1515 1455 1550 et
1484 1511 1610 1551 vitam
1641 1525 1693 1552 ne
1722 1515 1909 1565 petat320

113 1572 264 1613 deinde
296 1586 320 1614 a
347 1573 485 1621 vobis,
515 1573 699 1620 iudices,
730 1577 777 1612 ut
806 1573 1026 1612 audacium
1058 1573 1204 1613 sceleri
1225 1573 1452 1621 resistatis,
1483 1573 1771 1615 innocentium
1794 1588 1861 1616 ca-

112 1632 337 1676 lamitatem
377 1636 524 1677 levetis
564 1641 605 1675 et
642 1635 685 1675 iu
732 1648 856 1675 causa
899 1636 994 1675 Sex.
1024 1636 1166 1675 Roscii
1196 1636 1455 1689 periculum,
1496 1637 1609 1690 quod
1639 1637 1684 1676 in
1715 1651 1859 1678 omnes

112 1696 359 1747 intenditur,
390 1699 658 1753 propulsetis.
704 1697 742 1737 8.
775 1698 897 1746 Quod
930 1698 963 1737 si
995 1703 1066 1737 aut
1096 1711 1221 1738 causa
1252 1698 1437 1738 criminis
1462 1704 1534 1738 aut
1553 1699 1652 1739 facti
1675 1700 1859 1753 suspicio

115 1766 186 1801 aut
215 1762 425 1815 quaelihet
455 1761 636 1814 denique
666 1760 732 1800 vel
762 1760 934 1799 minima
962 1773 1027 1799 res
1058 1760 1310 1813 reperietur,
1343 1774 1467 1814 quam
1499 1762 1551 1801 ob
1582 1776 1669 1802 rem
1691 1763 1861 1803 videan-

115 1829 182 1862 tur
211 1822 271 1863 illi
302 1823 495 1863 nonnihil
525 1828 664 1862 tamen
685 1823 727 1861 in
749 1822 973 1863 deferendo
995 1824 1165 1864 nomine
1186 1824 1339 1872 secuti,
1371 1830 1607 1878 postremo,
1640 1826 1674 1865 si
1696 1830 1861 1879 praeter
1874 1831 1910 1861 25

115 1898 204 1926 eam
234 1886 449 1938 praedam,
481 1898 606 1938 quam
636 1884 741 1931 dixi,
774 1884 1005 1938 quidquam
1034 1886 1147 1926 aliud
1169 1900 1317 1926 causae
1339 1887 1605 1935 inveneritis,
1635 1901 1722 1928 non
1741 1902 1861 1928 recu-

115 1960 274 1994 samus,
306 1947 409 2000 quin
439 1946 605 1986 illorum
635 1946 801 1985 libidini
834 1946 928 1986 Sex.
951 1948 1090 1987 Roscii
1122 1948 1207 1988 vita
1237 1949 1424 1989 dedatur.
1476 1950 1549 1990 Sin
1580 1951 1693 1991 aliud
1724 1952 1861 2004 agitur

113 2009 238 2057 nihil,
282 2010 362 2049 nisi
401 2013 447 2048 ut
485 2009 535 2048 iis
566 2022 617 2048 ne
650 2009 750 2062 quid
781 2009 908 2056 desit,
940 2010 1091 2063 quihus
1123 2011 1222 2051 satis
1259 2011 1364 2051 nihil
1404 2017 1489 2060 est3
1535 2013 1570 2052 si
1606 2012 1688 2053 hoc
1724 2014 1860 2054 solum

111 2071 192 2111 hoc
235 2076 421 2124 tempore
464 2076 694 2124 pugnatur,
739 2076 785 2110 ut
829 2071 880 2110 ad
917 2072 1031 2112 illam
1067 2073 1249 2126 opimam
1278 2074 1622 2129 praeclaramque
1662 2076 1860 2129 praedam

59 2162 62 2164 ψ
113 2134 322 2174 damnatio
369 2134 464 2174 Sex.
502 2133 642 2173 Roscii
688 2133 802 2172 velut
846 2135 1035 2174 cumulus
1073 2136 1263 2175 accedat:
1309 2149 1449 2177 nonne
1490 2151 1583 2178 cum
1623 2138 1754 2178 multa
1795 2138 1908 2179 in-30

112 2196 255 2249 digna,
294 2200 383 2235 tum
417 2195 482 2235 vel
511 2195 592 2235 hoc
621 2195 959 2248 indignissimum
990 2201 1072 2244 est,
1110 2210 1185 2237 vos
1215 2197 1392 2238 idoneos
1420 2198 1608 2247 habitos,
1647 2214 1723 2253 per
1754 2214 1860 2255 quo-

109 2271 201 2298 rum
231 2258 456 2298 sententias
486 2258 635 2311 iusque
666 2257 888 2298 iurandum
917 2257 960 2297 id
991 2263 1288 2313 assequantur,
1321 2260 1436 2313 quod
1457 2266 1579 2301 antea
1597 2261 1680 2315 ipsi
1701 2263 1859 2304 scelere

111 2325 153 2361 et
178 2319 288 2360 ferro
319 2320 486 2375 assequi
517 2322 856 2361 consueverunt?
907 2320 989 2369 Qui
1021 2335 1074 2362 ex
1104 2320 1270 2362 civitate
1300 2321 1345 2361 in
1375 2327 1565 2364 senatum
1595 2329 1769 2379 propter
1799 2326 1861 2366 di-

196 2480 226 2512 4.
251 2483 484 2512 consueverunt
506 2482 608 2520 Gac‚
634 2481 713 2522 Lag.
739 2481 792 2513 26.
812 2481 870 2512 65:
896 2481 1121 2513 consueverint
1136 2489 1175 2520 v;
1201 2485 1397 2513 consuerunt
1417 2483 1501 2516 MO.
1525 2501 1560 2507 —
1586 2485 1618 2516 5.
1644 2487 1817 2527 sexagines
1833 2488 1860 2520 G

113 2529 329 2571 (corruptum
352 2539 394 2562 ex
415 2531 602 2571 sexagiens,
635 2532 673 2562 ut
696 2532 749 2562 est
771 2531 805 2562 111
829 2530 848 2562 4
871 2532 999 2572 Lagg.).
1030 2548 1064 2554 —
1098 2532 1181 2564 clar.
1207 2536 1236 2564 et
1263 2533 1340 2573 fort.
1367 2532 1386 2565 4
1410 2534 1531 2575 Lagg,
1569 2544 1636 2575 30,
1669 2538 1859 2570 Arusianus

109 2587 143 2621 p.
168 2580 229 2612 227
254 2579 370 2612 Liud.:
394 2580 471 2620 fort.
497 2583 527 2612 et
549 2581 632 2612 clar.
659 2580 759 2613 codd.
785 2579 857 2612 rell.
883 2581 920 2612 O.
950 2599 985 2603 —
1010 2581 1104 2621 Sylla
1126 2582 1158 2613 M
1174 2590 1196 2611 v
1212 2590 1230 2612 a
1249 2590 1286 2619 ος
1312 2582 1386 2614 silla
1403 2583 1430 2614 G
1447 2584 1491 2623 (et
1506 2585 1556 2616 510
1569 2584 1803 2628 plerumque).
1820 2605 1855 2610 -—

110 2629 141 2661 8.
167 2629 332 2670 quoniam]
358 2630 413 2669 qui
434 2638 467 2661 v.
497 2647 532 2653 —-
564 2631 616 2662 40.
643 2629 781 2670 obstare]
807 2629 938 2662 obscure
962 2632 998 2662 G.
1028 2649 1063 2653 —-
1097 2632 1149 2663 44.
1176 2640 1366 2671 omnemque
1386 2635 1507 2664 metu-m
1530 2634 1610 2676 Lag.
1636 2636 1696 2667 ⁶26:
1733 2647 1859 2670 omnem

108 2682 290 2718 metumque
312 2677 384 2710 rell.
411 2679 448 2711 Ο.
477 2697 510 2703 -
539 2680 591 2712 43.
616 2683 727 2720 sperat
749 2681 782 2712 M
797 2688 818 2710 v
835 2689 854 2711 a
871 2689 910 2712 c:
935 2685 1040 2721 speret
1057 2683 1096 2721 G,
1123 2682 1155 2713 S.
1174 2682 1276 2721 Vict.‚
1302 2681 1399 2720 Pall.,
1418 2682 1436 2714 3
1459 2683 1541 2715 Oxx.
1563 2703 1598 2708 —
1623 2694 1655 2717 se
1678 2695 1747 2719 om.
1765 2696 1799 2719 v,
1819 2706 1855 2711 —

110 2728 162 2760 44.
187 2728 231 2770 id]
256 2738 321 2760 non
344 2730 380 2760 G.
409 2747 445 2751 —
471 2729 523 2761 45.
555 2730 621 2761 dies
649 2739 689 2761 ac
714 2733 820 2761 noctes
842 2729 976 2763 Probus
999 2731 1043 2763 de
1067 2732 1208 2763 nomine
1234 2731 1265 2772 S.
1291 2731 1343 2764 43.
1369 2733 1405 2764 in
1426 2732 1524 2764 Anat.
1549 2744 1714 2775 97·amm.;
1751 2740 1860 2769 noctes

109 2778 236 2818 diesque
259 2779 338 2818 Lag.
363 2778 416 2809 26.
445 2796 479 2800 -
505 2779 645 2811 stimulet
667 2789 706 2811 ac
726 2783 854 2820 pungat
878 2781 966 2812 coni.
993 2781 1098 2818 Ern.;
1124 2780 1188 2812 sed
1211 2780 1328 2812 firmat
1346 2783 1465 2823 punyit
1488 2783 1633 2817 Probus.
1663 2804 1698 2808 -
1725 2787 1776 2818 46.
1798 2795 1859 2826 po·

108 2827 208 2859 stulat
228 2827 274 2869 ut]
296 2827 440 2867 postulat
462 2830 491 2859 et
515 2830 603 2860 coni.
630 2829 862 2867 Hotomanus3
888 2830 943 2861 Or.
962 2831 981 2862 2
1003 2833 1143 2862 autem:
1170 2834 1206 2862 ut
1229 2831 1373 2863 evellatis
1387 2833 1551 2872 postulat,·
1570 2836 1716 2874 postulat
1736 2840 1773 2868 ut
1789 2839 1856 2869 cet.

108 2878 151 2908 At
172 2876 303 2917 pendet
326 2878 459 2909 tantum
481 2878 656 2918 posterius
680 2882 715 2910 ut
738 2887 757 2909 a
775 2879 936 2919 postulat,
966 2881 1062 2921 prius
1086 2880 1135 2921 (ut
1157 2881 1312 2922 evellatis)
1339 2881 1384 2912 ad
1409 2883 1517 2915 totam
1543 2885 1750 2917 sententiam
1775 2895 1859 2927 per—

109 2927 209 2965 tinet,
235 2929 315 2959 cu'm
339 2926 430 2959 dicat
454 2929 590 2960 orator:
619 2928 683 2960 «ad
699 2929 793 2961 hunc
810 2928 1013 2970 scrupulum
1029 2930 1094 2962 sibi
1118 2939 1159 2962 ex
1176 2931 1291 2962 31111110
1309 2930 1530 2964 evellendum
1546 2934 1696 2974 postulat
1711 2937 1750 2967 ut
1766 2938 1855 2969 eet.»

115 2992 151 2999 —
169 2976 220 3007 47.
243 2976 281 3016 si]
305 2976 368 3007 nisi
391 2978 428 3008 G.
458 2995 492 3000 —-
519 2978 571 3009 48.
598 2979 710 3019 adfero
734 2981 770 3011 G.
799 2996 834 3000 —
861 2979 913 3010 20.
938 2979 988 3021 ne]
1012 2989 1078 3011 non
1100 2981 1180 3020 Lag.
1198 2980 1250 3012 26.
1275 2997 1311 3003 --
1336 2981 1389 3012 24.
1415 2982 1615 3015 calamitatis
1637 2985 1717 3025 Lag.
1738 2986 1789 3018 42.
1818 3005 1854 3010 -

111 3025 164 3057 22.
193 3026 228 3057 in
256 3035 363 3058 omnes
391 3026 492 3058 codd.
524 3029 559 3059 et
585 3037 637 3060 30
668 3028 743 3068 (sed
766 3027 897 3069 aliquot
919 3030 1038 3068 omnis,
1074 3031 1112 3061 ut
1135 3031 1168 3062 M
1192 3032 1226 3062 et
1248 3029 1268 3062 4
1292 3031 1429 3072 Lagg.):
1461 3032 1496 3063 in
1519 3033 1666 3065 omnibus
1687 3043 1726 3074 v,
1761 3035 1856 3068 unde

108 3075 220 3108 Madv.
253 3077 448 3117 suspicatus
480 3079 548 3110 est:
581 3077 739 3110 omnibus.
767 3095 802 3101 —-
836 3078 888 3110 23.
912 3079 963 3110 vel
988 3080 1068 3120 facti
1094 3080 1160 3112 Μ4.
1189 3097 1225 3103 —-
1261 3079 1313 3112 24.
1338 3080 1402 3122 res]
1421 3091 1507 3122 pars
1528 3091 1550 3113 v
1573 3084 1608 3114 et
1630 3084 1710 3124 Lag.
1736 3085 1789 3116 26.
1818 3103 1853 3107 —

109 3124 162 3157 25.
187 3126 305 3167 tamen]
329 3129 398 3158 tum
418 3127 494 3165 Ra;
521 3135 591 3159 om.
616 3127 685 3159 Pal.
704 3128 735 3160 3.
757 3145 793 3150 —
819 3128 871 3159 27.
896 3128 1039 3172 illorum]
1063 3139 1176 3162 eorum
1196 3131 1223 3161 G
1246 3129 1340 3162 solus
1365 3140 1408 3162 ex
1429 3132 1538 3171 notis,
1566 3131 1660 3172 quod
1682 3133 1728 3164 ita
1750 3142 1856 3175 prae-

109 3173 292 3208 ferendum
312 3175 467 3216 videtur,
493 3178 531 3208 ut
552 3185 656 3218 supra
680 3178 732 3209 isti
754 3187 818 3219 pro
841 3178 889 3209 illo·
911 3177 1054 3220 legatur.
1083 3198 1118 3202 —
1145 3181 1196 3213 28.
1222 3181 1273 3222 iis]
1297 3181 1325 3212 is
1348 3182 1393 3219 G;
1418 3182 1467 3213 his
1488 3190 1511 3212 v
1535 3183 1569 3213 et
1592 3182 1610 3213 3
1626 3183 1728 3224 Lagg.
1751 3202 1787 3208 —
1811 3188 1857 3217 est

107 3233 177 3257 om.
202 3225 239 3257 G.
269 3243 305 3249 —-
335 3227 363 3258 si
384 3226 435 3258 hic
461 3227 541 3267 Lag.
567 3227 621 3259 26.
654 3245 690 3250 —-
720 3228 772 3260 30.
804 3227 908 3259 multa
935 3229 1087 3270 maligna
1115 3232 1149 3262 et
1177 3229 1304 3262 deinde
1333 3231 1605 3272 malignissimum
1627 3233 1708 3274 Lag.
1734 3234 1787 3266 26.
1816 3253 1852 3259 -

106 3272 158 3305 33.
183 3275 316 3315 adsequi
338 3276 376 3307 G.
396 3292 434 3299 —
458 3281 693 3309 consueverunt
713 3278 793 3318 Lag.
816 3277 876 3319 26,
902 3278 979 3310 Gv:
1004 3283 1201 3313 consuerunt
1222 3280 1335 3322 Mac,
1360 3279 1455 3321 rell.,
1482 3281 1524 3320 03
1550 3286 1746 3315 consuerant
1761 3285 1851 3317 coni.

105 3322 185 3356 Ern.
211 3324 456 3366 probabiliter;
480 3335 515 3360 v.
540 3328 659 3360 tamen
680 3327 806 3360 Iordan
828 3325 850 3360 l.
877 3335 908 3360 0.
932 3336 968 3370 p.
987 3329 1061 3362 660.
