2143 3713
671 220 765 260 011».
795 219 1051 259 vn-vm.
1088 217 1160 271 gg.
1192 215 1385 257 48-26.
1803 213 1881 253 607

146 350 236 375 eum
269 335 448 387 denique
479 347 553 373 nos
583 345 724 384 agrum
756 331 797 369 P.
820 330 939 369 Rullo
970 330 1249 375 concessisse,
1281 329 1350 382 qui
1383 341 1480 380 ager
1509 330 1596 382 ipse
1627 342 1700 383 per
1726 342 1816 368 sese
1849 334 1887 368 et

147 398 340 436 Sullanae
371 394 639 436 dominationi
671 398 709 431 et
731 392 1007 431 Gracchorum
1040 391 1249 443 largitioni
1280 391 1508 430 restitisset.
1551 392 1642 430 Non
1673 391 1792 437 dico,
1823 404 1889 430 so-

147 460 228 498 lnm
260 460 338 498 hoc
367 460 409 498 in
440 472 482 496 re
513 456 673 509 publica
702 454 873 505 vectigal
908 468 1020 500 csse,
1053 453 1165 506 quod
1197 452 1358 491 amissis
1389 452 1479 490 aliis
1501 458 1732 499 remaneat,
1765 454 1889 491 inter-

147 521 281 559 missis
314 534 395 559 non
426 518 712 570 conquiescat,
746 515 784 553 in
818 529 918 567 pace
949 517 1099 560 niteat,
1131 515 1171 553 in
1195 513 1304 553 bello
1328 526 1410 552 non
1434 513 1683 559 obsolescat,
1716 514 1887 553 militem

146 588 363 628 sustentet,
393 582 552 620 hostem
584 591 667 616 non
697 576 973 628 pertimescat.
1024 576 1311 616 Praetermitto
1335 588 1498 614 omnem
1530 575 1635 615 hanc
1659 577 1886 615 orationem
1904 581 1921 606 Ξῖ

147 651 186 684 et
215 643 396 683 contioni
437 652 625 681 reservo:
666 638 715 678 de
756 638 939 690 periculo
975 639 1118 678 salutis
1149 652 1196 677 ac
1227 637 1428 677 libertatis
1460 637 1621 689 loquor.
1682 635 1747 676 22.
1779 637 1886 685 Quid

148 707 256 745 enim
296 703 538 745 existimatis
577 702 782 752 integrum
815 702 931 740 vohis
963 702 1005 740 in
1036 715 1078 741 re
1110 700 1278 752 publica
1307 699 1395 739 fore
1427 704 1498 738 aut
1528 699 1570 738 in
1601 705 1738 739 vestra
1769 699 1890 738 liber-

148 774 226 808 tate
257 781 303 807 ac
333 765 530 818 dignitate
560 762 796 809 retinenda,
827 776 919 802 cum
941 763 1086 803 Rullus
1108 767 1233 815 atque
1254 762 1302 808 ii,
1335 775 1441 814 quos
1464 761 1593 800 multo
1615 760 1745 812 magis
1767 774 1889 813 quam

146 830 308 869 Rullum
350 827 524 872 timetis,
570 838 661 864 cum
701 825 812 863 omni
853 826 1063 877 egentium
1112 829 1236 875 atque
1276 824 1562 876 improborum
1604 835 1750 868 manu,
1797 835 1888 860 cum

147 891 335 930 omnibus
365 887 515 941 copiis,
554 900 645 926 cum
684 887 795 925 omni
828 892 999 939 argento
1032 892 1072 925 et
1101 899 1201 925 auro
1237 886 1420 938 Capuam
1453 890 1493 924 et
1524 885 1646 924 urbes
1678 884 1785 923 circa
1817 883 1940 923 Ca-40

147 965 268 1005 puam
299 949 572 1001 occuparint?
603 948 676 987 llis
700 961 775 999 ego
800 949 941 995 rebus,
973 955 1109 1001 patres
1133 948 1378 1001 conscripti,
1410 947 1599 987 resistam
1623 946 1891 986 vehementer

146 1019 267 1066 atque
307 1011 456 1050 acriter
491 1023 628 1063 neque
669 1009 802 1062 patiar
843 1010 1032 1049 homines
1073 1023 1119 1049 ea
1158 1023 1222 1049 me
1262 1010 1433 1050 consule
1475 1022 1738 1062 expromere,
1785 1021 1890 1060 quae

146 1080 286 1114 contra
314 1087 401 1112 rem
431 1072 641 1126 publicam
671 1072 750 1111 iam
782 1071 852 1110 din
885 1072 1131 1123 cogitarunt.

255 1132 321 1175 ⁶23.
352 1135 551 1181 Errastis,
581 1133 720 1179 Rulle,
755 1134 1019 1173 vehementer
1049 1140 1088 1174 et
1119 1139 1161 1173 tu
1192 1139 1233 1173 et
1262 1147 1345 1172 non
1376 1133 1479 1173 nulli
1506 1133 1687 1185 collegae
1710 1132 1790 1180 tui,
1823 1132 1891 1186 qui

144 1197 339 1250 sperastis
370 1210 443 1237 vos
475 1202 616 1236 contra
647 1196 858 1235 consulem
882 1197 1069 1243 veritate,
1101 1209 1186 1235 non
1207 1195 1483 1235 ostentatione
1505 1194 1748 1248 popularem
1769 1207 1892 1246 posse
1911 1200 1942 1227 ¹5

144 1260 185 1299 in
216 1259 439 1299 evertenda
466 1271 510 1298 re
540 1256 707 1310 publica
737 1257 959 1310 populares
983 1257 1222 1297 existimari.
1265 1258 1442 1296 Lacesso
1462 1270 1560 1304 vos;
1592 1257 1633 1296 in
1656 1256 1891 1295 contionem

143 1335 270 1369 voco;
301 1321 457 1374 populo
488 1321 674 1359 Romano
706 1319 982 1371 disceptatore
1018 1319 1078 1358 nti
1109 1318 1219 1358 volo.
1279 1319 1386 1358 vul.
1417 1319 1603 1365 Etenim,
1644 1323 1688 1357 ut
1718 1317 1893 1357 circum—

144 1384 364 1436 spiciamus
395 1383 554 1429 omnia,
586 1394 693 1434 quae
724 1381 880 1433 populo
912 1387 1026 1433 grata
1057 1386 1182 1434 atque
1212 1380 1394 1420 incunda
1430 1381 1533 1427 sint,
1572 1379 1676 1419 nihil
1707 1385 1789 1419 tam
1821 1393 1894 1432 po-

143 1445 285 1498 pulare
317 1458 439 1498 quam
470 1457 637 1497 pacem,
669 1456 791 1496 quam
823 1442 1108 1490 concordiam,
1141 1456 1266 1496 quam
1297 1442 1427 1482 otium
1459 1442 1730 1494 reperiemus.
1772 1441 1895 1480 Solli-

145 1507 266 1546 citam
304 1506 403 1546 mihi
445 1506 652 1546 civitatem
684 1505 945 1557 suspicione,
986 1518 1232 1557 suspensam
1263 1509 1398 1551 metu,
1437 1504 1716 1557 perturbatam
1745 1503 1943 1542 vestris20

144 1569 303 1621 legibus
334 1573 374 1608 et
404 1567 666 1608 contionibus
697 1572 737 1606 et
767 1567 1042 1607 seditionibus
1075 1567 1326 1607 tradidistis:
1369 1579 1484 1618 spem
1526 1565 1724 1618 improbis
1756 1570 1895 1605 osten-

146 1631 282 1677 distis,
312 1631 502 1670 timorem
533 1629 653 1669 bonis
687 1629 908 1674 iniecistis,
939 1628 1062 1667 fidem
1084 1629 1134 1668 de
1165 1628 1278 1674 foro,
1310 1628 1550 1680 dignitatem
1573 1628 1624 1667 de
1655 1641 1698 1667 re
1728 1627 1892 1680 publica

147 1692 383 1732 sustulistis.
441 1689 507 1730 ⁶24.
539 1692 624 1731 Hoc
664 1697 777 1730 motu
808 1697 933 1743 atquc
964 1691 1040 1730 hac
1070 1691 1380 1743 perturbatione
1411 1690 1644 1730 animorum
1675 1694 1800 1742 atque
1830 1703 1894 1729 re-

147 1768 256 1800 rum,
298 1767 389 1793 cum
419 1753 574 1806 populo
604 1754 789 1792 Romano
822 1766 902 1791 vox
942 1759 983 1792 et
1021 1753 1242 1793 auctoritas
1275 1752 1456 1792 consulis
1488 1757 1659 1805 repente
1695 1752 1738 1790 in
1768 1751 1893 1791 tantis

147 1816 327 1855 tenebris
357 1815 563 1861 illuxerit,
595 1828 686 1854 cum
719 1814 947 1854 ostenderit
976 1814 1080 1853 nihil
1111 1828 1200 1854 esse
1232 1813 1521 1860 metuendum,
1554 1814 1713 1853 nullum
1735 1813 1895 1853 exerci-
1908 1821 1943 1849 25

146 1883 254 1924 tum,
295 1877 450 1916 nullam
481 1890 667 1923 manum,
707 1877 840 1915 nullas
873 1876 1078 1923 colonias,
1117 1877 1274 1917 nullam
1304 1876 1588 1915 venditionem
1619 1875 1893 1928 vectigalium,

146 1939 306 1979 nullum
337 1939 555 1991 imperium
586 1952 763 1985 novum,
804 1938 964 1977 nullum
995 1953 1168 1991 regnum
1201 1938 1494 1985 decemvirale,
1537 1938 1692 1978 nullam
1723 1937 1894 1977 alteram

146 2002 318 2040 Romam
358 2014 495 2053 neque
525 2000 646 2039 aliam
678 2000 819 2039 sedem
851 2000 1011 2053 imperii
1043 2001 1162 2041 nobis
1192 2001 1433 2041 consulibus
1461 2000 1642 2041 suturam
1671 2013 1895 2040 summam-

147 2075 227 2116 que
258 2062 599 2114 tranquillitatem
631 2063 743 2115 pacis
780 2068 904 2115 atque
937 2062 1030 2109 otii,
1074 2063 1322 2109 verendum,
1367 2063 1515 2110 credo,
1555 2063 1676 2102 nohis
1708 2063 1802 2110 erit,
1842 2076 1894 2102 ne

146 2129 281 2164 vestra
310 2124 388 2163 ista
416 2124 630 2176 praeclara
661 2116 727 2163 lex
759 2124 919 2177 agraria
950 2124 1079 2177 magis
1110 2125 1321 2177 popularis
1345 2138 1436 2165 esse
1458 2125 1658 2164 videatur.
1703 2122 1769 2164 25.
1793 2125 1943 2164 Cum30

146 2198 244 2225 vero
283 2185 440 2225 scelera
479 2186 747 2226 consiliorum
778 2192 1006 2225 vestrorum
1043 2185 1317 2240 fraudemque
1348 2187 1452 2239 legis
1483 2192 1525 2226 et
1552 2186 1748 2233 insidias,
1788 2200 1894 2240 quae

147 2247 226 2300 ipsi
255 2247 410 2300 populo
440 2248 625 2287 Romano
656 2261 679 2287 a
708 2247 978 2300 popularibus
1010 2247 1182 2288 tribunis
1214 2249 1346 2301 plebis
1377 2246 1496 2295 fiant,
1527 2249 1772 2297 ostendero,
1802 2263 1895 2302 per-

146 2310 381 2357 timescam,
412 2309 559 2356 credo,
592 2324 642 2349 116
673 2309 774 2348 mihi
806 2323 890 2348 non
920 2309 1041 2349 liceat
1072 2316 1216 2350 contra
1245 2324 1319 2350 vos
1350 2311 1392 2350 in
1424 2310 1619 2350 contione
1650 2311 1894 2358 consistere,

148 2372 387 2424 praesertim
420 2386 512 2411 cum
544 2371 645 2411 mihi
677 2372 950 2411 deliberatum
982 2376 1022 2410 et
1052 2372 1323 2412 constitutum
1356 2372 1428 2419 sit,
1459 2373 1516 2412 ita
1540 2385 1681 2425 gerere
1705 2373 1895 2413 consula-

148 2439 257 2481 tum,
288 2446 370 2486 quo
402 2447 485 2473 uno
515 2434 639 2473 modo
671 2434 758 2486 geri
791 2434 966 2485 graviter
988 2439 1027 2472 et
1056 2433 1184 2473 libere
1207 2438 1363 2486 potest,
1396 2440 1439 2473 ut
1469 2448 1606 2487 neque
1637 2434 1948 2487 provinciam35

149 2508 285 2549 neque
315 2495 517 2535 honorem
547 2508 684 2549 neque
702 2500 989 2535 ornamentum
1019 2495 1191 2548 aliquod
1212 2501 1283 2535 aut
1304 2495 1569 2535 commodum
1599 2509 1737 2550 neque
1767 2496 1896 2536 ullam

147 2570 255 2604 rem,
288 2570 391 2610 quae
423 2572 446 2597 a
475 2557 641 2597 tribuno
673 2558 807 2610 plebis
838 2556 1030 2609 impediri
1062 2558 1216 2609 possit,
1248 2559 1506 2611 appetiturus
1537 2558 1629 2597 sim.
1688 2555 1754 2596 QG.
1786 2558 1896 2599 Dicit

147 2619 483 2673 frequentissimo
528 2624 674 2659 senatu
714 2619 859 2659 consul
898 2618 1096 2657 Kalendis
1127 2620 1326 2659 Ianuariis
1359 2633 1471 2666 sese,
1513 2620 1547 2659 si
1579 2625 1707 2659 status
1737 2619 1805 2659 hic
1834 2620 1894 2659 rei

147 2681 337 2734 publicae
368 2686 531 2720 maneat
559 2694 696 2733 neque
726 2681 897 2734 aliquod
927 2680 1140 2733 negotium
1172 2682 1397 2730 exstiterit,
1442 2681 1553 2735 quod
1591 2682 1767 2722 honeste
1798 2682 1894 2722 sub-

149 2741 355 2794 terfugere
385 2755 469 2782 non
499 2742 650 2795 possit,
682 2743 724 2782 in
755 2742 1011 2795 provinciam
1040 2756 1124 2782 non
1162 2744 1330 2784 iturum.
1390 2743 1457 2783 Sic
1487 2756 1552 2783 me
1583 2743 1626 2783 in
1655 2744 1736 2784 hoc
1766 2743 1894 2796 magi·
1908 2751 1946 2780 40

236 2919 265 2950 1.
290 2919 324 2950 P.
351 2927 421 2949 om.
448 2919 480 2949 F.
509 2936 542 2940 —
569 2920 599 2950 6.
625 2920 771 2951 concioni
796 2920 866 2951 Iit-1
893 2937 925 2941 -
953 2920 1002 2959 ar]
1028 2924 1056 2951 el
1081 2921 1113 2951 F.
1136 2939 1168 2942 —a
1197 2922 1226 2952 7.
1254 2921 1462 2952 existimastis
1487 2921 1523 2952 E.
1546 2940 1578 2943 —
1606 2921 1637 2952 8.
1664 2918 1832 2953 retinenda
1850 2921 1893 2955 F:

150 2968 350 3000 retinendum
372 2969 435 3000 AL
450 2967 482 3000 Q.
510 2985 546 2990 —
574 2969 595 2999 ii
619 2978 687 3000 om.
715 2970 747 3000 F.
769 2987 803 2990 —
831 2971 883 3001 110.
909 2970 997 3001 circa
1015 2971 1173 3011 Capuam]
1198 2972 1288 3002 circa
1310 2980 1383 3002 eam
1406 2971 1451 3007 E3
1476 2971 1566 3001 circa
1583 2971 1727 3001 Graevio
1752 2972 1894 3001 auctore

151 3015 317 3055 Klotzius;
342 3019 466 3049 circum
489 3017 637 3057 Capuam
660 3017 837 3050 Gebhardt
860 3018 880 3049 l.
901 3017 920 3049 l.
947 3020 970 3049 1.
997 3027 1029 3059 p.
1049 3020 1088 3050 4⁵2
1106 3028 1183 3060 sqq.
1211 3020 1260 3051 Cf.
1287 3020 1317 3060 ἓ.
1336 3021 1389 3052 20.
1416 3019 1460 3051 ad
1483 3022 1548 3052 Att.
1574 3020 1658 3051 VIII.
1686 3021 1725 3051 42
1746 3022 1785 3057 Α,
1812 3019 1892 3051 3.-

153 3066 204 3096 41.
228 3067 288 3098 hiis
303 3068 336 3098 F.
357 3085 392 3089 -—
419 3067 582 3108 69016ν90
598 3068 623 3099 E
637 3068 658 3099 F
672 3069 707 3100 P.
724 3086 759 3089 —
787 3069 838 3100 113.
864 3069 932 3099 iam
948 3069 973 3100 E
988 3069 1008 3100 F
1022 3070 1045 3100 P
1059 3069 1100 3099 T:
1128 3078 1196 3101 om.
1215 3073 1242 3102 A
1256 3071 1279 3101 L
1293 3069 1315 3104 (ἐ
1329 3071 1367 3101 O.
1384 3088 1418 3093 —
1445 3071 1631 3110 cogitarunt
1647 3068 1891 3100 Lauredanus:

152 3115 326 3155 cogitat-int
340 3115 508 3150 EFAQO.
526 3133 562 3140 -
590 3116 640 3148 ⁴4.
658 3118 789 3149 Errasti
812 3118 848 3149 E.
867 3135 901 3139 —
929 3118 979 3149 15.
997 3118 1136 3157 speratis
1151 3119 1173 3150 F
1179 3137 1228 3150 .——
1253 3121 1423 3151 veritatem
1446 3120 1470 3151 E
1485 3120 1518 3152 F.
1533 3137 1567 3141 —
1595 3118 1838 3152 ostentationem
1853 3117 1891 3149 E.

153 3164 205 3194 ⁴7.
225 3166 460 3205 perspiciamus
477 3167 514 3198 E.
532 3183 567 3189 —
595 3167 646 3199 48.
665 3167 728 3199 sint
750 3168 775 3199 E
789 3168 828 3198 F:
854 3171 927 3199 sunt
949 3169 975 3199 A
990 3168 1012 3199 L
1027 3165 1046 3199 <3
1061 3168 1098 3199 O.
1112 3185 1146 3189 —
1174 3167 1225 3199 1¹9.
1251 3168 1470 3208 repperiemus
1485 3169 1521 3199 E.
1543 3186 1578 3191 —
1603 3168 1657 3200 ⁶24.
1683 3165 1895 3198 deditionibus

154 3212 178 3242 E
193 3213 250 3244 FP
265 3214 301 3244 Α.
321 3214 536 3254 (seditionibus
559 3216 628 3247 iam
651 3215 706 3247 ed.
724 3215 872 3256 Aldina.)
899 3235 934 3239 —
960 3215 1011 3247 33.
1037 3225 1102 3247 non
1125 3224 1195 3248 om.
1222 3217 1256 3248 F.
1274 3234 1309 3239 -
1334 3216 1387 3248 36.
1412 3216 1538 3255 aliquid
1560 3217 1673 3249 EF.—
1700 3216 1802 3247 ullam
1823 3225 1893 3248 rem

153 3261 196 3292 E:
222 3270 291 3293 rem
312 3263 412 3295 ullam
435 3263 617 3297 FALQO.
647 3283 681 3288 —-
708 3265 760 3297 38.
785 3266 860 3298 Kal.
886 3266 1040 3297 Ianuaris
1063 3266 1104 3303 Ἐς
1129 3265 1203 3297 Kal.
1228 3266 1300 3296 Ian.
1325 3267 1371 3303 Α;
1398 3266 1551 3298 Kalendis
1572 3266 1642 3297 Ian.
1668 3267 1714 3303 1.;
1738 3265 1894 3297 Kalendis

153 3316 303 3350 Ianuarii
323 3317 362 3357 83
392 3311 438 3353 ᾗ.
460 3311 541 3353 W
555 3321 593 3354 E.
615 3339 648 3345 —
676 3320 728 3353 39.
753 3322 886 3362 aliquod
902 3322 923 3354 F
937 3322 979 3354 T:
1004 3321 1130 3362 aliquid
1146 3322 1169 3354 P
1193 3322 1228 3354 et
1250 3329 1425 3363 superscr.
1451 3320 1560 3354 Ilttera
1577 3331 1595 3354 0
1611 3321 1654 3360 E}
1683 3321 1774 3353 atiud
1788 3319 1886 3354 ΛΜΞ.
