2143 3713
609 251 678 293 AD
710 249 910 291 LIBRUM
938 249 989 290 ΙΙ.
1019 246 1414 290 ACCUSATIONIS.
1807 240 1887 283 453

153 354 230 386 dicii
252 352 292 386 42
308 361 342 395 Ρ.
361 353 395 384 et
409 352 463 384 29.
480 368 523 375 —-
543 350 596 382 27.
620 357 733 381 verum
754 347 800 389 ut]
823 351 979 380 venerunt
1001 347 1053 380 42.
1072 365 1115 371 -
1136 346 1189 378 29.
1214 346 1414 385 imperatum
1435 348 1480 376 est
1495 344 1536 377 42
1553 353 1586 386 Ρ.
1605 361 1648 367 —
1671 343 1723 376 30.
1742 343 1887 376 omnium

153 410 194 443 42
217 419 251 451 Ρ.
268 427 311 433 --
335 408 387 441 32.
412 408 471 439 illa
490 409 581 438 nocte
602 404 775 444 Syracusis
797 412 865 435 non
889 403 1011 442 habet,
1038 404 1075 434 ut
1098 411 1139 434 ex
1161 402 1195 433 Z.
1215 400 1436 432 adnotatione
1453 401 1621 439 conicias,
1647 400 1727 439 Lag.
1746 399 1799 438 42,
1825 398 1888 431 sed

153 465 246 498 solus
268 465 326 503 29,
352 472 459 506 quare
483 470 544 494 nos
568 460 725 493 ordinem
747 457 925 499 vulgarem
950 459 1172 491 restituimus.

238 528 315 562 pag.
342 519 415 551 490.
440 526 472 550 ν.
497 518 528 549 2.
553 516 663 555 incipit
686 514 815 546 habent
840 516 940 555 Lagg.
967 522 1099 546 omnes.
1125 531 1168 537 —
1190 511 1221 544 4.
1248 511 1286 543 de
1309 510 1446 552 absente]
1471 510 1633 542 absentem
1657 509 1697 541 42
1721 518 1775 551 Ρ.;
1808 509 1885 541 sort.

153 577 187 608 in
210 576 381 607 absentem.
405 591 448 597 —-
470 573 500 604 7.
524 571 640 603 multos
664 572 698 602 et
721 570 806 608 quod
829 571 856 601 si
879 569 919 602 42
943 579 977 611 p.
999 587 1032 592 -
1060 569 1090 601 8.
1117 568 1268 599 accedere
1290 567 1329 598 V.
1358 566 1437 606 (ΒΓ.)
1473 565 1572 607 Apud
1597 566 1724 597 Maium
1748 565 1780 596 in
1805 565 1885 596 adn.

154 634 306 664 erratum
330 632 393 662 est.
418 646 460 652 --
487 628 517 660 9.
543 626 737 665 iniquiorem
765 626 868 657 etiam
894 626 921 656 V
954 626 1032 665 (non
1062 622 1249 663 iniquiore).
1275 641 1317 646 —-
1353 623 1405 654 40.
1431 622 1634 662 recorrigere
1655 620 1723 651 vult
1745 621 1891 659 apertius

154 687 194 719 42
218 697 251 729 p.
277 705 319 710 —-
343 686 393 718 43.
419 684 537 716 iudices
558 691 600 714 ea:
623 681 699 723 leqe]
723 682 871 712 uidelicet
894 681 926 713 C.
953 681 1019 722 leqe
1042 680 1082 712 42
1105 688 1139 721 p.
1176 678 1358 717 Adhaesit,
1389 678 1425 709 ut
1448 676 1600 714 videtur,
1627 675 1661 708 C.
1689 684 1731 707 ex
1754 674 1888 715 syllaba

153 752 219 782 ces,
250 743 434 784 postquam
463 738 531 770 iudi
559 738 591 769 in
621 737 768 768 uidelicet
796 737 944 775 transiit,
976 737 1013 768 ut
1043 733 1338 768 consultissimum
1370 733 1530 764 videatur
1560 732 1681 763 iudices
1705 731 1773 772 leqe
1796 739 1837 762 ex
1859 731 1889 761 V

154 797 319 831 scribere.
339 815 382 820 —-
398 795 506 836 pridie
528 801 626 833 quam
648 793 757 823 multis
781 792 925 823 lacrimis
947 794 1056 823 oraret
1080 800 1150 823 om.
1169 794 1266 830 atque
1289 789 1471 821 obsecraret
1493 788 1533 820 42
1551 796 1584 828 p.
1602 805 1644 810 ——
1668 787 1720 818 46.
1739 786 1767 817 V
1783 785 1889 817 habet

153 854 213 886 EX
235 852 340 885 VRNA
356 850 380 888 ll
394 850 413 885 «Ὺ
425 850 494 888 118,
525 850 640 880 certae
671 850 751 880 sunt
780 847 912 880 litterae
942 847 1134 885 urna..is‚
1168 847 1257 877 inter
1289 854 1375 886 quas
1407 844 1496 876 duae
1520 845 1636 875 tresve
1661 841 1746 874 aliae
1771 842 1888 874 exsta-

154 910 255 946 bant3
287 907 422 940 videtur
444 907 477 938 in
501 904 578 936 cod.
605 904 729 936 ruisse:
766 913 808 935 ec
835 913 922 934 urna
953 904 1012 935 tris
1033 903 1061 934 is
1082 901 1136 934 vel
1161 911 1203 934 ex
1226 910 1314 933 urna
1337 901 1426 938 [riis.
1467 898 1598 939 syllaba
1624 899 1651 930 is
1674 907 1693 930 a
1717 898 1886 938 sequente

153 973 229 997 voc.
254 964 294 994 iis
315 962 491 1002 absorpta.
517 979 559 984 -—
581 960 634 991 23.
656 960 805 999 praetori
829 959 1006 999 imperetur
1028 958 1068 991 42
1092 968 1126 999 p.
1151 976 1194 981 ——
1217 959 1269 990 25.
1295 957 1396 989 emitti
1420 956 1524 988 idem.
1542 973 1586 978 —
1608 955 1662 987 26.
1686 954 1802 996 negari
1823 962 1889 985 non

150 1023 207 1061 pot
229 1018 299 1060 (sio)
323 1017 364 1050 42
386 1026 434 1058 Ρ.,
460 1018 481 1049 i.
505 1025 536 1048 e.
561 1025 626 1047 non
643 1018 764 1055 potest,
791 1015 883 1055 quod
908 1023 1030 1046 verum
1054 1013 1179 1045 iudico.
1198 1032 1240 1036 —
1263 1013 1315 1045 26.
1342 1012 1471 1053 iudices]
1494 1011 1641 1043 videlicet
1663 1009 1703 1042 42
1719 1018 1776 1051 Ρ.;
1800 1009 1889 1040 iudi-

152 1076 238 1107 cium
259 1082 328 1106 sec.
355 1082 402 1105 m.
427 1091 470 1096 —-
496 1072 548 1104 34.
573 1071 701 1102 sortitos
723 1079 788 1102 esse
810 1079 862 1102 eos
884 1070 924 1102 42
949 1079 982 1111 p.

237 1138 314 1171 pag.
341 1129 414 1160 494.
438 1137 472 1160 v.
497 1128 528 1159 2.
552 1127 627 1158 velit
650 1126 690 1159 42
713 1135 746 1167 p.
772 1144 815 1149 ——
839 1125 869 1158 4.
895 1127 1069 1158 hereditate
1092 1134 1160 1157 om.
1187 1123 1228 1156 42
1251 1133 1286 1166 Ρ.
1310 1142 1354 1148 -—
1382 1125 1414 1156 5.
1441 1123 1584 1163 quidem,
1612 1120 1707 1163 quod
1731 1120 1831 1153 deest
1852 1120 1888 1152 in

152 1187 210 1227 42,
235 1195 297 1218 nos
320 1183 539 1222 inclusimus;
567 1184 815 1215 enumerantur
830 1190 886 1214 res
905 1181 1120 1223 complures,
1146 1189 1260 1221 neque
1285 1189 1353 1211 una
1378 1179 1490 1220 aliqua
1507 1179 1648 1220 praeter
1664 1176 1765 1208 aliam
1783 1176 1888 1208 effer-

152 1245 218 1274 tur.
243 1259 286 1265 --
309 1241 339 1273 6.
365 1249 426 1272 sua
447 1240 539 1280 fama
560 1239 600 1271 42
623 1248 658 1280 p.
696 1239 745 1271 Cf.
772 1238 850 1270 lect.
876 1247 949 1270 var.
975 1237 1018 1269 ad
1043 1246 1093 1269 or.
1113 1236 1209 1268 Catil.
1235 1238 1259 1268 I.
1288 1235 1318 1277 5.
1339 1235 1389 1267 43.
1415 1253 1458 1258 -
1481 1236 1512 1266 7.
1539 1237 1567 1266 et
1590 1234 1666 1265 dum
1689 1232 1729 1264 42
1745 1241 1780 1273 p.
1804 1232 1885 1272 (om.

152 1299 218 1338 Z.),
243 1298 264 1329 i.
291 1305 321 1329 e.
346 1299 376 1328 et
398 1299 481 1334 tum3
506 1296 614 1327 recte.
639 1312 681 1318 —-
705 1294 735 1326 9.
758 1298 871 1334 postea
894 1294 934 1326 42
957 1302 991 1335 p.
1017 1311 1060 1316 —
1084 1293 1135 1324 45.
1161 1292 1244 1331 huic]
1270 1291 1386 1322 abhinc
1409 1290 1449 1322 42
1474 1300 1507 1331 p.
1545 1289 1734 1322 Arusianus
1756 1297 1789 1329 p.
1809 1288 1884 1320 265.

151 1353 266 1386 locum
289 1353 339 1385 sic
361 1351 486 1384 habet:
511 1352 650 1392 fecerat,
675 1351 844 1390 aliquanto
868 1353 1046 1389 antequam
1068 1351 1113 1380 est
1134 1351 1282 1379 mortuus
1303 1347 1377 1378 huic
1398 1346 1549 1378 Heraclio
1573 1345 1639 1376 etc.
1657 1361 1700 1367 ——
1722 1343 1775 1376 48.
1799 1343 1888 1374 here-

151 1410 282 1441 ditatem
300 1407 495 1448 propinquis
517 1407 560 1438 da
584 1415 652 1438 om.
671 1406 711 1438 42
726 1415 761 1447 p.
779 1424 822 1429 —-
845 1406 897 1437 26.
925 1405 998 1437 Cor.
1021 1413 1195 1442 vasorum,
1221 1403 1378 1442 quidquid
1399 1401 1568 1442 stragulae
1590 1400 1685 1432 vestis
1707 1398 1828 1431 Lamb.
1843 1417 1886 1422 —

150 1465 202 1497 33.
226 1463 341 1505 muita]
367 1463 495 1495 erravit
518 1462 560 1494 de
585 1462 625 1494 42
650 1462 827 1503 Zumptius
851 1470 885 1503 p.
910 1461 984 1493 286.
1009 1479 1052 1483 —
1084 1460 1136 1492 34.
1163 1463 1450 1498 quantumcunque
1472 1457 1513 1489 42
1536 1465 1570 1497 p.
1595 1473 1639 1479 —
1661 1455 1714 1487 35.
1738 1464 1803 1487 uno
1825 1464 1887 1486 no-

148 1521 234 1552 mine
257 1520 332 1552 CCC
351 1521 440 1551 iussu
457 1519 625 1560 praetoris
646 1518 740 1549 clara
761 1526 826 1549 esse
849 1517 955 1549 habet
977 1516 1017 1549 42
1040 1525 1089 1558 Ρ.,
1114 1517 1153 1547 ut
1176 1524 1239 1555 ego
1263 1514 1361 1546 Nieb.
1389 1515 1487 1546 notas
1511 1511 1672 1552 intelligo.

234 1597 313 1630 pag.
339 1588 411 1620 492.
444 1596 478 1619 v,
503 1586 535 1619 4.
561 1587 687 1618 clamor
709 1589 752 1618 est
772 1586 879 1626 factus
902 1585 954 1617 29.
987 1602 1030 1607 —-
1064 1585 1094 1616 7.
1121 1587 1187 1615 tam
1210 1583 1260 1614 sui
1283 1582 1322 1614 42
1346 1591 1380 1624 p.
1405 1600 1449 1604 —
1482 1581 1513 1613 8.
1539 1583 1648 1612 tamen
1670 1587 1744 1611 cum
1765 1578 1819 1611 42.
1848 1596 1883 1601 -

149 1647 179 1677 et
210 1644 381 1684 manifesto
413 1643 496 1683 forte
525 1642 565 1675 42
596 1651 644 1683 Ρ.,
676 1642 697 1674 i.
731 1650 761 1673 e.
799 1645 827 1673 et
860 1650 949 1672 man.
982 1640 1086 1681 furto,
1124 1638 1217 1679 quod
1252 1637 1508 1670 restituendum
1540 1637 1604 1668 est.
1645 1635 1727 1676 (om.
1761 1634 1809 1674 Z.)
1848 1652 1883 1657 —

151 1699 204 1733 44.
228 1699 328 1732 verba
350 1707 388 1731 ne
418 1699 507 1739 apud
535 1701 682 1730 senatum
707 1698 781 1738 fecit
805 1696 856 1729 42.
884 1697 975 1737 (sort.
1004 1704 1062 1727 ex:
1094 1695 1256 1734 verbaque
1278 1694 1366 1734 apud
1390 1695 1456 1724 cet.
1490 1691 1589 1730 Quod
1614 1692 1706 1723 enim
1730 1691 1887 1732 sequitur

151 1756 258 1787 docuit
279 1755 534 1795 praepositum,
560 1753 653 1785 idem
678 1755 730 1785 est
753 1753 844 1794 quod
870 1753 976 1784 docuit
998 1752 1106 1791 enim.)
1124 1769 1167 1774 —
1190 1751 1243 1783 48.
1268 1750 1421 1781 comitum
1443 1747 1520 1780 loco
1536 1747 1631 1779 vocis
1646 1755 1791 1785 suorum,
1816 1754 1887 1778 non

150 1820 284 1843 suorum
306 1811 460 1842 comitum
482 1809 613 1841 habent
635 1810 735 1849 Lagg.
761 1810 901 1850 praeter
924 1807 964 1840 42
979 1833 986 1847 ‚
1011 1809 1049 1839 ut
1072 1808 1105 1838 in
1130 1806 1246 1838 adnot.
1273 1805 1500 1837 correximus.
1526 1802 1632 1836 Aliter
1648 1804 1683 1836 Z.
1702 1812 1737 1844 p.
1754 1803 1886 1836 288.—

151 1867 203 1899 20.
229 1867 349 1898 sodalis
371 1865 423 1898 42.
448 1883 491 1889 —-
512 1866 567 1898 22.
592 1869 699 1897 tamen
721 1865 857 1906 summa]
883 1868 990 1896 tamen
1014 1872 1083 1895 om.
1101 1871 1228 1894 summa
1251 1861 1291 1893 42
1312 1870 1368 1902 p.;
1395 1869 1468 1892 cum
1488 1868 1616 1891 summa
1631 1858 1672 1891 42
1689 1867 1761 1891 sec.
1778 1867 1825 1890 m.
1843 1875 1887 1881 —

151 1922 204 1955 23.
229 1931 308 1954 suae
327 1922 438 1963 famae
461 1929 530 1953 om.
556 1921 595 1953 42
619 1930 653 1962 p.
678 1939 720 1943 —-
749 1919 801 1952 24.
828 1921 913 1960 quod
937 1928 1005 1951 om.
1032 1918 1071 1951 42
1095 1927 1130 1960 p.
1154 1937 1197 1942 --
1220 1918 1272 1949 26.
1297 1917 1352 1949 HS
1375 1916 1450 1949 CCC
1471 1915 1511 1948 42
1534 1923 1569 1956 p.
1594 1933 1638 1938 —
1660 1914 1713 1946 30.
1738 1914 1887 1954 Syracu-

151 1999 247 2022 sanos
270 1998 340 2023 om.
365 1989 406 2022 42
428 1998 463 2031 p.
488 2007 531 2012 -
559 1989 611 2021 31.
638 1988 932 2029 Lagoniarsinium
958 1986 1144 2019 lectionem
1175 1989 1204 2017 et
1230 1985 1288 2016 illa
1310 1985 1431 2016 scelera
1454 1991 1539 2023 quae
1561 1983 1596 2015 in
1620 1983 1690 2015 suis
1713 1981 1810 2014 libris
1832 1983 1887 2015 in-

151 2047 307 2085 venisse,
333 2046 413 2077 hinc
436 2046 545 2077 conici
568 2046 702 2086 potest,
727 2043 820 2085 quod
844 2043 1052 2075 Niebuhrius
1077 2044 1210 2074 tantum
1231 2050 1272 2073 ex
1288 2040 1328 2072 73
1346 2041 1390 2082 (=
1409 2040 1480 2072 edit
1495 2038 1617 2071 Lamb.
1637 2039 1745 2080 4566.)
1769 2037 1888 2071 lectio-

152 2110 233 2134 nem
256 2101 355 2133 etiam
376 2101 435 2133 illa
457 2101 577 2133 scelera
600 2103 673 2132 sunt
696 2109 779 2140 quae
802 2100 835 2131 in
859 2108 966 2140 marg.
993 2098 1109 2129 hahet.
1748 2136 1750 2138 .

237 2166 314 2198 pag.
341 2157 414 2189 493.
439 2165 472 2189 v.
500 2158 530 2189 4.
555 2156 810 2195 Dyonisidorum
832 2154 872 2187 42
896 2164 929 2196 p.
949 2156 983 2186 et
998 2154 1050 2186 29.
1069 2172 1112 2177 —-
1132 2152 1350 2184 munitissima
1373 2151 1413 2183 42
1430 2160 1464 2192 p.
1482 2169 1525 2174 —
1548 2151 1578 2183 3.
1604 2151 1700 2192 siqna
1714 2150 1777 2182 ista
1793 2149 1832 2182 42
1848 2159 1884 2192 p.

151 2231 193 2237 ——
216 2212 248 2245 8.
273 2221 316 2244 ea:
337 2221 412 2244 aere
435 2221 504 2244 om.
530 2212 571 2244 42
594 2221 628 2253 p.
656 2211 709 2252 (de
734 2220 801 2252 quo
825 2211 859 2242 Z.
887 2210 1005 2250 taceo·⁷
1042 2210 1162 2242 contra
1185 2212 1229 2241 est
1251 2209 1330 2250 post
1351 2207 1443 2248 facta
1466 2206 1597 2239 habent
1619 2207 1722 2247 Lagg.
1749 2215 1884 2239 omnes.

150 2270 188 2300 In
210 2267 404 2301 Metelliano
427 2268 554 2300 desunt
574 2267 681 2299 verba
705 2276 747 2299 eac
769 2275 844 2298 aere
865 2267 956 2307 facta
980 2267 1058 2306 (non
1083 2266 1166 2297 item
1190 2268 1252 2303 est,
1284 2265 1322 2295 ut
1345 2272 1387 2295 ex
1410 2262 1545 2295 Iordani
1569 2262 1686 2294 adnot.
1712 2262 1885 2302 conicias),

151 2325 189 2356 ut
211 2325 270 2355 aut
293 2332 373 2355 cum
397 2323 464 2355 hoc
487 2323 712 2356 scribendum
736 2323 779 2354 sit
801 2325 911 2354 statua
933 2326 994 2361 est,
1021 2323 1079 2353 aut
1103 2330 1144 2352 ex
1161 2319 1380 2352 Fabricianoz
1405 2322 1515 2350 statua
1534 2322 1595 2358 cst,
1621 2327 1663 2350 ea:
1686 2327 1764 2350 aere
1783 2318 1882 2358 facta.

151 2398 193 2404 —-
215 2380 247 2412 9.
268 2383 448 2420 posuerunt
468 2381 571 2420 Lagg.
596 2380 736 2420 praeter
758 2378 810 2410 42.
836 2396 878 2401 —
902 2378 953 2410 45.
979 2377 1178 2410 Mithridatis
1200 2375 1253 2408 29.
1271 2393 1314 2398 —-
1337 2376 1390 2407 46.
1415 2375 1523 2406 Mutia
1546 2374 1586 2406 42
1609 2383 1644 2415 p.
1672 2375 1706 2406 et
1729 2375 1747 2406 5
1764 2373 1887 2406 alii.—

151 2434 203 2468 49.
223 2445 286 2476 per
309 2445 388 2476 quos
409 2435 467 2467 illa
490 2435 530 2468 42
554 2444 588 2477 p.
616 2452 650 2456 —
677 2435 730 2466 24.
759 2434 873 2466 Verria
897 2437 955 2465 aut
979 2434 1038 2474 (sic
1063 2433 1166 2465 etiam
1182 2432 1233 2472 29)
1259 2434 1392 2473 agerent
1415 2433 1473 2462 aut
1495 2439 1568 2462 eum
1591 2431 1675 2462 diem
1698 2439 1765 2470 qua
1786 2431 1889 2462 sacris

150 2491 191 2525 42
213 2501 247 2534 p.
265 2511 308 2516 —
330 2491 384 2524 24.
409 2492 507 2524 velint
527 2491 568 2524 42
584 2499 618 2532 p.
635 2509 678 2514 —
700 2491 754 2523 26.
780 2490 835 2529 qui
857 2499 888 2522 se
911 2490 1002 2521 istius
1018 2489 1057 2522 42
1073 2498 1108 2530 Ρ.
1128 2490 1234 2521 recte.
1253 2506 1296 2511 -—
1319 2488 1371 2520 27.
1394 2487 1486 2519 Verri
1508 2487 1578 2518 iam
1595 2485 1778 2526 praeclara
1793 2485 1833 2518 42
1849 2495 1884 2527 p.

149 2566 192 2572 —
213 2548 267 2580 28.
292 2549 349 2588 qui
376 2551 412 2580 tu
439 2548 569 2579 domum
598 2547 654 2587 qui
678 2547 791 2578 urbem
821 2545 861 2578 42
892 2554 926 2587 Ρ.
956 2563 999 2568 -
1028 2544 1080 2577 29.
1107 2546 1192 2584 quod
1222 2554 1287 2576 non
1319 2546 1405 2575 extet
1427 2551 1572 2575 eversum
1594 2541 1765 2580 reliqueris
1786 2541 1827 2574 42
1849 2551 1884 2583 Ρ.

150 2605 326 2637 Fortasse:
353 2604 438 2644 quod
460 2612 525 2635 non
548 2606 712 2635 extersum
736 2605 764 2634 et
788 2610 932 2633 eversum
954 2601 1013 2633 rei.
1038 2619 1081 2623 —-
1103 2601 1156 2634 29.
1184 2609 1250 2641 qua
1272 2600 1482 2640 appellantur
1505 2597 1545 2630 42
1570 2606 1604 2638 Ρ.

234 2667 313 2701 pag.
339 2659 413 2692 494.
438 2668 472 2691 v.
498 2659 529 2690 4.
555 2659 595 2700 et]
618 2662 653 2690 ut
676 2657 716 2690 42
740 2666 774 2699 Ρ.
799 2676 842 2680 -
871 2657 902 2689 4.
931 2657 1034 2698 «huic-J
1064 2657 1092 2688 ei
1116 2657 1164 2697 (ut
1185 2656 1254 2688 vid.
1279 2655 1381 2696 42).»
1416 2655 1470 2686 Sic
1494 2653 1720 2692 Niebuhrius‚
1755 2652 1813 2692 qui
1834 2650 1887 2684 le-

150 2716 302 2748 ctionem
331 2722 350 2746 a
379 2715 521 2755 Lagom.
555 2715 599 2746 ita
629 2714 839 2755 exscriptam
871 2713 1043 2745 invenisse
1067 2712 1222 2751 videtur,
1255 2713 1291 2743 ut
1313 2718 1480 2742 numerus
1505 2708 1635 2741 codicis
1659 2717 1727 2740 non
1750 2707 1886 2740 additus

150 2772 255 2803 esset.
292 2770 492 2802 Lectionem
517 2778 639 2801 veram
669 2777 746 2801 esse
776 2771 810 2800 et
841 2777 903 2810 per
931 2777 968 2800 se
1000 2769 1112 2809 ipsam
1137 2766 1376 2800 commendari
1404 2764 1501 2799 facile
1525 2765 1686 2806 apparet,
1720 2765 1886 2804 recteque

149 2825 298 2858 Klotzius
320 2826 465 2867 recepit.
490 2843 533 2849 -—
556 2825 586 2857 8.
611 2825 674 2856 nisi
688 2842 736 2847 --
751 2825 911 2856 hereditas
934 2833 1003 2856 om.
1033 2823 1073 2856 42
1097 2833 1153 2865 Ρ.,
1179 2824 1262 2855 item
1285 2823 1430 2864 coqitare
1452 2830 1485 2854 v.
1505 2821 1536 2853 9.
1554 2839 1597 2844 —
1620 2820 1673 2852 40.
1692 2819 1765 2861 quo]
1787 2828 1887 2859 quam

149 2881 189 2921 V,
214 2881 329 2913 addito
354 2889 430 2923 sup.
456 2880 513 2913 lin.
532 2881 813 2920 quemadmodum.
841 2881 905 2919 Qui
928 2880 1058 2913 factum
1081 2880 1125 2911 sit
1147 2881 1185 2911 ut
1206 2878 1391 2911 lectionem
1416 2887 1534 2918 quam,
1560 2885 1650 2918 quae
1672 2875 1815 2916 insignis
1833 2876 1887 2907 est

152 2936 364 2976 emendatio,
401 2936 505 2968 etiam
527 2935 678 2969 Klotzius
701 2938 965 2978 aspernaretur,
1004 2934 1167 2976 equidem
1190 2944 1260 2967 non
1283 2942 1464 3009 assqupr.
1488 2950 1532 2957 —
1561 2933 1614 2965 42.
1638 2934 1675 2963 ut
1696 2932 1772 2963 item
1788 2931 1885 2971 pate-

1411 2987 1421 3008 t

152 3022 256 3054 strina
276 3022 395 3055 ebidini
412 3025 557 3063 peterent
578 3022 619 3054 42
641 3031 676 3064 Ρ.
703 3024 752 3064 (V,
780 3022 824 3055 de
848 3031 916 3064 quo
941 3023 1048 3055 Maius
1072 3023 1216 3061 erravit,
1251 3021 1359 3054 habet
1380 3020 1446 3052 bini
1464 3019 1635 3061 peterent).
1659 3037 1703 3042 —-
1724 3018 1777 3051 44.
1798 3019 1886 3059 peti-

152 3077 270 3109 uissent
290 3077 330 3117 V,
355 3079 463 3110 recte.
488 3096 532 3102 -
558 3080 716 3119 numquid
737 3078 778 3111 42
802 3088 836 3120 p.
862 3098 904 3102 —
937 3079 988 3110 45.
1015 3079 1103 3110 Cum
1127 3078 1302 3110 adnotatio
1333 3077 1421 3109 iusto
1444 3075 1586 3108 brevior
1607 3075 1669 3114 sit,
1701 3075 1740 3105 ut
1771 3074 1884 3107 omnis

155 3141 252 3164 error
272 3132 424 3174 tollatur,
448 3142 576 3166 moneo
599 3135 633 3166 in
649 3135 679 3166 V
702 3143 799 3167 esse:
826 3135 882 3175 qui
904 3135 1012 3165 statim
1036 3135 1121 3174 quod
1142 3134 1251 3166 statim
1269 3133 1513 3173 praesensisset,
1538 3132 1572 3163 in
1595 3132 1674 3171 Lag.
1701 3131 1818 3161 autem
1840 3130 1882 3162 29

154 3188 190 3219 et
211 3186 274 3220 42·.
299 3189 355 3227 qui
375 3190 485 3221 statim
508 3190 592 3230 quod
610 3199 764 3230 praesens
786 3194 872 3223 esset.
895 3208 939 3214 —-
962 3191 1014 3222 48.
1041 3190 1202 3231 neyliqere
1224 3189 1327 3229 coepit
1349 3191 1378 3220 et
1400 3191 1601 3220 contemnere
1623 3186 1663 3218 42
1678 3195 1713 3227 Ρ.
1733 3185 1813 3226 (om.
1831 3186 1880 3227 Z.)

153 3242 223 3282 Ego
245 3241 384 3276 mallem
406 3246 509 3286 coepit
525 3245 676 3278 abesset.
694 3264 738 3269 ——
760 3247 974 3287 Scripturam
989 3247 1124 3287 Regium
1140 3246 1244 3277 etiam
1260 3246 1362 3285 Lagg.
1380 3243 1578 3286 complures
1593 3242 1722 3283 ubique
1738 3240 1880 3274 habent.

153 3314 196 3321 ——
217 3297 270 3330 23.
295 3298 443 3340 abfuerat
465 3310 544 3334 esse
567 3302 602 3333 in
625 3302 727 3343 Lagg.
752 3303 929 3344 Zumptius
953 3303 1061 3341 tacet,
1088 3302 1145 3342 qui
1169 3303 1202 3333 in
1226 3300 1342 3333 adnot.
1362 3301 1479 3332 critica
1495 3299 1539 3332 ad
1562 3299 1596 3331 h.
1614 3298 1637 3331 l.
1654 3305 1776 3338 graves
1791 3298 1881 3330 scri—

153 3352 259 3387 bendi
286 3362 422 3390 errores
450 3358 624 3390 commisit
653 3357 802 3400 (profert
830 3359 921 3391 enim
952 3367 994 3390 ex
1023 3357 1078 3389 ed.
1103 3358 1211 3398 Naug.
1236 3356 1422 3389 lectionem
1451 3357 1616 3396 affuerunt
1637 3362 1700 3395 pro
1723 3353 1879 3395 affuerat,
