<?xml version="1.0" encoding="UTF-8"?>
<!DOCTYPE html PUBLIC "-//W3C//DTD XHTML 1.0 Transitional//EN"
    "http://www.w3.org/TR/xhtml1/DTD/xhtml1-transitional.dtd">
<html xmlns="http://www.w3.org/1999/xhtml" xml:lang="en" lang="en">
 <head>
  <title>
</title>
<meta http-equiv="Content-Type" content="text/html;charset=utf-8" />
  <meta name='ocr-system' content='tesseract 3.04.00' />
  <meta name='ocr-capabilities' content='ocr_page ocr_carea ocr_par ocr_line ocrx_word'/>
</head>
<body>
  <div class='ocr_page' id='page_1' title='image "./p1operaquaesupersu02ciceuoft_0682.png"; bbox 0 0 2143 3713; ppageno 0'>
   <div class='ocr_carea' id='block_1_1' title="bbox 257 246 1480 293">
    <p class='ocr_par' dir='ltr' id='par_1_1' title="bbox 257 246 1480 293">
     <span class='ocr_line' id='line_1_1' title="bbox 257 246 1480 293; baseline 0.006 -7"><span class='ocrx_word' id='word_1_1' title='bbox 257 246 338 287; x_wconf 83' lang='lat'>666</span> <span class='ocrx_word' id='word_1_2' title='bbox 784 250 839 289; x_wconf 93' lang='lat' dir='ltr'>IN</span> <span class='ocrx_word' id='word_1_3' title='bbox 869 250 913 290; x_wconf 88' lang='lat' dir='ltr'>L.</span> <span class='ocrx_word' id='word_1_4' title='bbox 945 249 1236 292; x_wconf 89' lang='lat' dir='ltr'><strong>CATILINAM</strong></span> <span class='ocrx_word' id='word_1_5' title='bbox 1263 251 1421 293; x_wconf 89' lang='lat' dir='ltr'><strong>LIBER</strong></span> <span class='ocrx_word' id='word_1_6' title='bbox 1450 254 1480 292; x_wconf 90' lang='grc' dir='ltr'>Ι.</span> 
     </span>
    </p>
   </div>
   <div class='ocr_carea' id='block_1_2' title="bbox 203 359 2012 1657">
    <p class='ocr_par' dir='ltr' id='par_1_2' title="bbox 203 359 2012 1657">
     <span class='ocr_line' id='line_1_2' title="bbox 259 359 2006 421; baseline 0.006 -24"><span class='ocrx_word' id='word_1_7' title='bbox 259 359 332 398; x_wconf 92' lang='lat' dir='ltr'>uni</span> <span class='ocrx_word' id='word_1_8' title='bbox 363 359 587 400; x_wconf 86' lang='lat' dir='ltr'>multorum</span> <span class='ocrx_word' id='word_1_9' title='bbox 617 360 770 401; x_wconf 86' lang='lat' dir='ltr'>civium</span> <span class='ocrx_word' id='word_1_10' title='bbox 799 375 947 409; x_wconf 90' lang='lat' dir='ltr'>neces,</span> <span class='ocrx_word' id='word_1_11' title='bbox 976 362 1052 403; x_wconf 87' lang='lat' dir='ltr'>tibi</span> <span class='ocrx_word' id='word_1_12' title='bbox 1077 363 1240 403; x_wconf 84' lang='lat' dir='ltr'>vexatio</span> <span class='ocrx_word' id='word_1_13' title='bbox 1271 364 1533 419; x_wconf 85' lang='lat' dir='ltr'>direptioque</span> <span class='ocrx_word' id='word_1_14' title='bbox 1564 366 1773 406; x_wconf 91' lang='lat' dir='ltr'>sociorum</span> <span class='ocrx_word' id='word_1_15' title='bbox 1802 366 2006 421; x_wconf 89' lang='lat' dir='ltr'>impunita</span> 
     </span>
     <span class='ocr_line' id='line_1_3' title="bbox 260 421 2006 481; baseline 0.004 -19"><span class='ocrx_word' id='word_1_16' title='bbox 260 421 338 462; x_wconf 89' lang='lat' dir='ltr'>suit</span> <span class='ocrx_word' id='word_1_17' title='bbox 366 435 413 462; x_wconf 89' lang='lat' dir='ltr'>ac</span> <span class='ocrx_word' id='word_1_18' title='bbox 442 422 593 462; x_wconf 90' lang='lat' dir='ltr'>libera:</span> <span class='ocrx_word' id='word_1_19' title='bbox 632 428 676 463; x_wconf 89' lang='lat' dir='ltr'>tu</span> <span class='ocrx_word' id='word_1_20' title='bbox 715 437 800 464; x_wconf 89' lang='lat' dir='ltr'>non</span> <span class='ocrx_word' id='word_1_21' title='bbox 841 424 973 464; x_wconf 90' lang='lat' dir='ltr'>solum</span> <span class='ocrx_word' id='word_1_22' title='bbox 1004 424 1056 464; x_wconf 89' lang='lat' dir='ltr'>ad</span> <span class='ocrx_word' id='word_1_23' title='bbox 1086 425 1356 477; x_wconf 83' lang='lat' dir='ltr'>negligendas</span> <span class='ocrx_word' id='word_1_24' title='bbox 1386 427 1499 480; x_wconf 85' lang='lat' dir='ltr'>leges</span> <span class='ocrx_word' id='word_1_25' title='bbox 1530 432 1572 467; x_wconf 89' lang='lat' dir='ltr'>et</span> <span class='ocrx_word' id='word_1_26' title='bbox 1601 428 1893 481; x_wconf 79' lang='lat' dir='ltr'>quaestiones,</span> <span class='ocrx_word' id='word_1_27' title='bbox 1936 444 2006 470; x_wconf 82' lang='lat' dir='ltr'>ve-</span> 
     </span>
     <span class='ocr_line' id='line_1_4' title="bbox 256 483 2007 544; baseline 0.005 -22"><span class='ocrx_word' id='word_1_28' title='bbox 256 496 348 522; x_wconf 88' lang='lat' dir='ltr'>rum</span> <span class='ocrx_word' id='word_1_29' title='bbox 377 483 501 523; x_wconf 86' lang='lat' dir='ltr'>etiam</span> <span class='ocrx_word' id='word_1_30' title='bbox 531 483 582 524; x_wconf 88' lang='lat' dir='ltr'>ad</span> <span class='ocrx_word' id='word_1_31' title='bbox 605 485 850 526; x_wconf 89' lang='lat' dir='ltr'>evertendas</span> <span class='ocrx_word' id='word_1_32' title='bbox 879 485 1282 540; x_wconf 82' lang='lat' dir='ltr'>perfringendasque</span> <span class='ocrx_word' id='word_1_33' title='bbox 1303 489 1484 529; x_wconf 88' lang='lat' dir='ltr'>valuisti.</span> <span class='ocrx_word' id='word_1_34' title='bbox 1517 490 1741 542; x_wconf 85' lang='lat' dir='ltr'>Superiora</span> <span class='ocrx_word' id='word_1_35' title='bbox 1759 490 1842 538; x_wconf 89' lang='lat' dir='ltr'>illa,</span> <span class='ocrx_word' id='word_1_36' title='bbox 1865 504 2007 544; x_wconf 90' lang='lat' dir='ltr'>quam-</span> 
     </span>
     <span class='ocr_line' id='line_1_5' title="bbox 258 543 2007 602; baseline 0.005 -18"><span class='ocrx_word' id='word_1_37' title='bbox 258 557 383 597; x_wconf 91' lang='lat' dir='ltr'>quam</span> <span class='ocrx_word' id='word_1_38' title='bbox 411 543 584 586; x_wconf 87' lang='lat' dir='ltr'>ferenda</span> <span class='ocrx_word' id='word_1_39' title='bbox 612 560 699 587; x_wconf 89' lang='lat' dir='ltr'>non</span> <span class='ocrx_word' id='word_1_40' title='bbox 726 547 914 594; x_wconf 90' lang='lat' dir='ltr'>fuerunt,</span> <span class='ocrx_word' id='word_1_41' title='bbox 946 552 1104 595; x_wconf 89' lang='lat' dir='ltr'>tamen,</span> <span class='ocrx_word' id='word_1_42' title='bbox 1137 553 1182 599; x_wconf 81' lang='lat' dir='ltr'>ut</span> <span class='ocrx_word' id='word_1_43' title='bbox 1211 550 1348 602; x_wconf 89' lang='lat' dir='ltr'>potui,</span> <span class='ocrx_word' id='word_1_44' title='bbox 1378 551 1476 591; x_wconf 91' lang='lat' dir='ltr'>tuli:</span> <span class='ocrx_word' id='word_1_45' title='bbox 1516 565 1626 591; x_wconf 89' lang='lat' dir='ltr'>nunc</span> <span class='ocrx_word' id='word_1_46' title='bbox 1657 565 1754 591; x_wconf 90' lang='lat' dir='ltr'>vero</span> <span class='ocrx_word' id='word_1_47' title='bbox 1784 565 1850 592; x_wconf 90' lang='lat' dir='ltr'>me</span> <span class='ocrx_word' id='word_1_48' title='bbox 1880 559 2007 593; x_wconf 88' lang='lat' dir='ltr'>totam</span> 
     </span>
     <span class='ocr_line' id='line_1_6' title="bbox 225 607 2007 667; baseline 0.005 -22"><span class='ocrx_word' id='word_1_49' title='bbox 225 610 348 646; x_wconf 67' lang='lat' dir='ltr'>besse</span> <span class='ocrx_word' id='word_1_50' title='bbox 379 607 422 646; x_wconf 92' lang='lat' dir='ltr'>in</span> <span class='ocrx_word' id='word_1_51' title='bbox 452 612 563 647; x_wconf 89' lang='lat' dir='ltr'>metu</span> <span class='ocrx_word' id='word_1_52' title='bbox 592 614 763 662; x_wconf 88' lang='lat' dir='ltr'>propter</span> <span class='ocrx_word' id='word_1_53' title='bbox 791 623 921 649; x_wconf 89' lang='lat' dir='ltr'>unum</span> <span class='ocrx_word' id='word_1_54' title='bbox 953 614 1014 656; x_wconf 83' lang='lat' dir='ltr'>te,</span> <span class='ocrx_word' id='word_1_55' title='bbox 1056 610 1263 664; x_wconf 89' lang='lat' dir='ltr'>quidquid</span> <span class='ocrx_word' id='word_1_56' title='bbox 1301 612 1571 667; x_wconf 84' lang='lat' dir='ltr'>increpuerit,</span> <span class='ocrx_word' id='word_1_57' title='bbox 1611 613 1829 653; x_wconf 87' lang='lat' dir='ltr'>Catilinam</span> <span class='ocrx_word' id='word_1_58' title='bbox 1858 615 2007 662; x_wconf 87' lang='lat' dir='ltr'>timeri,</span> 
     </span>
     <span class='ocr_line' id='line_1_7' title="bbox 255 668 2010 728; baseline 0.005 -20"><span class='ocrx_word' id='word_1_59' title='bbox 255 668 417 709; x_wconf 82' lang='lat' dir='ltr'>nullum</span> <span class='ocrx_word' id='word_1_60' title='bbox 446 670 578 710; x_wconf 88' lang='lat' dir='ltr'>videri</span> <span class='ocrx_word' id='word_1_61' title='bbox 609 677 751 712; x_wconf 88' lang='lat' dir='ltr'>contra</span> <span class='ocrx_word' id='word_1_62' title='bbox 780 686 846 712; x_wconf 90' lang='lat' dir='ltr'>me</span> <span class='ocrx_word' id='word_1_63' title='bbox 880 672 1099 712; x_wconf 88' lang='lat' dir='ltr'>consilium</span> <span class='ocrx_word' id='word_1_64' title='bbox 1130 673 1226 713; x_wconf 92' lang='lat' dir='ltr'>iniri</span> <span class='ocrx_word' id='word_1_65' title='bbox 1255 687 1402 726; x_wconf 90' lang='lat' dir='ltr'>posse,</span> <span class='ocrx_word' id='word_1_66' title='bbox 1444 676 1557 728; x_wconf 91' lang='lat' dir='ltr'>quod</span> <span class='ocrx_word' id='word_1_67' title='bbox 1596 689 1620 715; x_wconf 91' lang='lat' dir='ltr'>a</span> <span class='ocrx_word' id='word_1_68' title='bbox 1650 680 1722 715; x_wconf 89' lang='lat' dir='ltr'>tuo</span> <span class='ocrx_word' id='word_1_69' title='bbox 1753 676 1908 716; x_wconf 87' lang='lat' dir='ltr'>scelere</span> <span class='ocrx_word' id='word_1_70' title='bbox 1938 677 2010 716; x_wconf 83' lang='lat' dir='ltr'>ab·</span> 
     </span>
     <span class='ocr_line' id='line_1_8' title="bbox 253 730 2008 790; baseline 0.005 -21"><span class='ocrx_word' id='word_1_71' title='bbox 253 730 445 780; x_wconf 88' lang='lat' dir='ltr'>horreat,</span> <span class='ocrx_word' id='word_1_72' title='bbox 490 745 576 772; x_wconf 89' lang='lat' dir='ltr'>non</span> <span class='ocrx_word' id='word_1_73' title='bbox 621 739 685 773; x_wconf 89' lang='lat' dir='ltr'>est</span> <span class='ocrx_word' id='word_1_74' title='bbox 722 734 953 774; x_wconf 86' lang='lat' dir='ltr'>serendum.</span> <span class='ocrx_word' id='word_1_75' title='bbox 1014 734 1148 782; x_wconf 86' lang='lat' dir='ltr'>Quam</span> <span class='ocrx_word' id='word_1_76' title='bbox 1188 735 1240 774; x_wconf 88' lang='lat' dir='ltr'>ob</span> <span class='ocrx_word' id='word_1_77' title='bbox 1277 748 1364 775; x_wconf 87' lang='lat' dir='ltr'>rem</span> <span class='ocrx_word' id='word_1_78' title='bbox 1406 736 1573 778; x_wconf 83' lang='lat' dir='ltr'>discede</span> <span class='ocrx_word' id='word_1_79' title='bbox 1612 742 1738 790; x_wconf 90' lang='lat' dir='ltr'>atque</span> <span class='ocrx_word' id='word_1_80' title='bbox 1767 737 1878 777; x_wconf 90' lang='lat' dir='ltr'>hunc</span> <span class='ocrx_word' id='word_1_81' title='bbox 1907 737 2008 777; x_wconf 87' lang='lat' dir='ltr'>mihi</span> 
     </span>
     <span class='ocr_line' id='line_1_9' title="bbox 257 793 2010 850; baseline 0.004 -17"><span class='ocrx_word' id='word_1_82' title='bbox 257 793 446 834; x_wconf 88' lang='lat' dir='ltr'>timorem</span> <span class='ocrx_word' id='word_1_83' title='bbox 478 795 613 848; x_wconf 90' lang='lat' dir='ltr'>eripe:</span> <span class='ocrx_word' id='word_1_84' title='bbox 656 796 690 836; x_wconf 90' lang='lat' dir='ltr'>si</span> <span class='ocrx_word' id='word_1_85' title='bbox 732 801 795 836; x_wconf 86' lang='lat' dir='ltr'>est</span> <span class='ocrx_word' id='word_1_86' title='bbox 825 810 970 844; x_wconf 84' lang='lat' dir='ltr'>verus,</span> <span class='ocrx_word' id='word_1_87' title='bbox 1009 809 1061 835; x_wconf 89' lang='lat' dir='ltr'>ne</span> <span class='ocrx_word' id='word_1_88' title='bbox 1092 797 1326 850; x_wconf 84' lang='lat' dir='ltr'>opprimar;</span> <span class='ocrx_word' id='word_1_89' title='bbox 1372 799 1437 838; x_wconf 90' lang='lat' dir='ltr'>sin</span> <span class='ocrx_word' id='word_1_90' title='bbox 1471 798 1624 847; x_wconf 83' lang='lat' dir='ltr'>falsus,</span> <span class='ocrx_word' id='word_1_91' title='bbox 1663 804 1710 839; x_wconf 90' lang='lat' dir='ltr'>ut</span> <span class='ocrx_word' id='word_1_92' title='bbox 1739 799 1904 840; x_wconf 91' lang='lat' dir='ltr'>tandem</span> <span class='ocrx_word' id='word_1_93' title='bbox 1934 800 2010 839; x_wconf 92' lang='lat' dir='ltr'>ali-</span> 
     </span>
     <span class='ocr_line' id='line_1_10' title="bbox 256 855 2009 915; baseline 0.005 -21"><span class='ocrx_word' id='word_1_94' title='bbox 256 856 426 908; x_wconf 90' lang='lat' dir='ltr'>quando</span> <span class='ocrx_word' id='word_1_95' title='bbox 456 857 601 897; x_wconf 88' lang='lat' dir='ltr'>timere</span> <span class='ocrx_word' id='word_1_96' title='bbox 632 858 855 898; x_wconf 86' lang='lat' dir='ltr'>desinam.»</span> <span class='ocrx_word' id='word_1_97' title='bbox 917 859 1024 898; x_wconf 89' lang='lat' dir='ltr'>VIII.</span> <span class='ocrx_word' id='word_1_98' title='bbox 1056 855 1122 898; x_wconf 67' lang='lat'>119.</span> <span class='ocrx_word' id='word_1_99' title='bbox 1153 859 1266 898; x_wconf 87' lang='lat' dir='ltr'>Haec</span> <span class='ocrx_word' id='word_1_100' title='bbox 1296 860 1330 899; x_wconf 90' lang='lat' dir='ltr'>si</span> <span class='ocrx_word' id='word_1_101' title='bbox 1362 865 1520 909; x_wconf 87' lang='lat' dir='ltr'>tecum,</span> <span class='ocrx_word' id='word_1_102' title='bbox 1562 867 1608 901; x_wconf 83' lang='lat' dir='ltr'>ut</span> <span class='ocrx_word' id='word_1_103' title='bbox 1638 861 1748 908; x_wconf 85' lang='lat' dir='ltr'>dixi,</span> <span class='ocrx_word' id='word_1_104' title='bbox 1787 862 1920 915; x_wconf 85' lang='lat' dir='ltr'>patria</span> <span class='ocrx_word' id='word_1_105' title='bbox 1948 862 2009 902; x_wconf 93' lang='lat' dir='ltr'>lo-</span> 
     </span>
     <span class='ocr_line' id='line_1_11' title="bbox 207 918 2006 977; baseline 0.003 -19"><span class='ocrx_word' id='word_1_106' title='bbox 207 918 429 971; x_wconf 77' lang='lat' dir='ltr'>10quatur,</span> <span class='ocrx_word' id='word_1_107' title='bbox 470 933 610 960; x_wconf 91' lang='lat' dir='ltr'>nonne</span> <span class='ocrx_word' id='word_1_108' title='bbox 646 921 866 973; x_wconf 89' lang='lat' dir='ltr'>impetrare</span> <span class='ocrx_word' id='word_1_109' title='bbox 912 920 1083 968; x_wconf 88' lang='lat' dir='ltr'>debeat,</span> <span class='ocrx_word' id='word_1_110' title='bbox 1128 921 1250 960; x_wconf 87' lang='lat' dir='ltr'>etiam</span> <span class='ocrx_word' id='word_1_111' title='bbox 1291 921 1325 961; x_wconf 88' lang='lat' dir='ltr'>si</span> <span class='ocrx_word' id='word_1_112' title='bbox 1365 922 1447 962; x_wconf 89' lang='lat' dir='ltr'>vim</span> <span class='ocrx_word' id='word_1_113' title='bbox 1487 923 1684 963; x_wconf 89' lang='lat' dir='ltr'>adhibere</span> <span class='ocrx_word' id='word_1_114' title='bbox 1724 937 1807 963; x_wconf 92' lang='lat' dir='ltr'>non</span> <span class='ocrx_word' id='word_1_115' title='bbox 1847 924 2006 977; x_wconf 77' lang='lat' dir='ltr'>possit?</span> 
     </span>
     <span class='ocr_line' id='line_1_12' title="bbox 256 980 2007 1039; baseline 0.003 -19"><span class='ocrx_word' id='word_1_116' title='bbox 256 980 403 1028; x_wconf 72' lang='lat' dir='ltr'>Quid?</span> <span class='ocrx_word' id='word_1_117' title='bbox 434 982 547 1034; x_wconf 92' lang='lat' dir='ltr'>quod</span> <span class='ocrx_word' id='word_1_118' title='bbox 578 987 622 1021; x_wconf 89' lang='lat' dir='ltr'>tu</span> <span class='ocrx_word' id='word_1_119' title='bbox 653 987 693 1022; x_wconf 85' lang='lat' dir='ltr'>te</span> <span class='ocrx_word' id='word_1_120' title='bbox 723 983 813 1035; x_wconf 88' lang='lat' dir='ltr'>ipse</span> <span class='ocrx_word' id='word_1_121' title='bbox 844 982 887 1021; x_wconf 92' lang='lat' dir='ltr'>in</span> <span class='ocrx_word' id='word_1_122' title='bbox 918 981 1151 1022; x_wconf 84' lang='lat' dir='ltr'>custodiam</span> <span class='ocrx_word' id='word_1_123' title='bbox 1182 982 1368 1023; x_wconf 76' lang='lat' dir='ltr'>dedisti?</span> <span class='ocrx_word' id='word_1_124' title='bbox 1401 984 1513 1038; x_wconf 90' lang='lat' dir='ltr'>quod</span> <span class='ocrx_word' id='word_1_125' title='bbox 1535 984 1725 1025; x_wconf 84' lang='lat' dir='ltr'>vitandae</span> <span class='ocrx_word' id='word_1_126' title='bbox 1756 986 2007 1039; x_wconf 87' lang='lat' dir='ltr'>suspicionis</span> 
     </span>
     <span class='ocr_line' id='line_1_13' title="bbox 255 1043 2008 1101; baseline 0.004 -20"><span class='ocrx_word' id='word_1_127' title='bbox 255 1055 379 1082; x_wconf 87' lang='lat' dir='ltr'>causa</span> <span class='ocrx_word' id='word_1_128' title='bbox 424 1043 475 1082; x_wconf 90' lang='lat' dir='ltr'>ad</span> <span class='ocrx_word' id='word_1_129' title='bbox 516 1043 581 1084; x_wconf 84' lang='grc' dir='ltr'>Μ’.</span> <span class='ocrx_word' id='word_1_130' title='bbox 619 1044 823 1097; x_wconf 92' lang='lat' dir='ltr'>Lepidum</span> <span class='ocrx_word' id='word_1_131' title='bbox 861 1049 901 1084; x_wconf 87' lang='lat' dir='ltr'>tc</span> <span class='ocrx_word' id='word_1_132' title='bbox 937 1043 1125 1084; x_wconf 86' lang='lat' dir='ltr'>hahitare</span> <span class='ocrx_word' id='word_1_133' title='bbox 1168 1045 1276 1085; x_wconf 88' lang='lat' dir='ltr'>velle</span> <span class='ocrx_word' id='word_1_134' title='bbox 1316 1045 1490 1086; x_wconf 77' lang='lat' dir='ltr'>dixisti?</span> <span class='ocrx_word' id='word_1_135' title='bbox 1537 1060 1560 1086; x_wconf 92' lang='lat' dir='ltr'>a</span> <span class='ocrx_word' id='word_1_136' title='bbox 1591 1060 1674 1100; x_wconf 89' lang='lat' dir='ltr'>quo</span> <span class='ocrx_word' id='word_1_137' title='bbox 1705 1060 1788 1086; x_wconf 92' lang='lat' dir='ltr'>non</span> <span class='ocrx_word' id='word_1_138' title='bbox 1818 1053 2008 1101; x_wconf 88' lang='lat' dir='ltr'>receptus</span> 
     </span>
     <span class='ocr_line' id='line_1_14' title="bbox 257 1104 2008 1162; baseline 0.003 -19"><span class='ocrx_word' id='word_1_139' title='bbox 257 1104 379 1144; x_wconf 89' lang='lat' dir='ltr'>etiam</span> <span class='ocrx_word' id='word_1_140' title='bbox 408 1105 460 1144; x_wconf 92' lang='lat' dir='ltr'>ad</span> <span class='ocrx_word' id='word_1_141' title='bbox 491 1118 556 1145; x_wconf 91' lang='lat' dir='ltr'>me</span> <span class='ocrx_word' id='word_1_142' title='bbox 585 1106 728 1145; x_wconf 88' lang='lat' dir='ltr'>venire</span> <span class='ocrx_word' id='word_1_143' title='bbox 758 1119 885 1146; x_wconf 90' lang='lat' dir='ltr'>ausus</span> <span class='ocrx_word' id='word_1_144' title='bbox 917 1120 979 1154; x_wconf 89' lang='lat' dir='ltr'>es,</span> <span class='ocrx_word' id='word_1_145' title='bbox 1010 1110 1136 1160; x_wconf 86' lang='lat' dir='ltr'>atque</span> <span class='ocrx_word' id='word_1_146' title='bbox 1156 1113 1202 1147; x_wconf 90' lang='lat' dir='ltr'>ut</span> <span class='ocrx_word' id='word_1_147' title='bbox 1232 1107 1345 1147; x_wconf 93' lang='lat' dir='ltr'>domi</span> <span class='ocrx_word' id='word_1_148' title='bbox 1364 1121 1481 1149; x_wconf 89' lang='lat' dir='ltr'>meae</span> <span class='ocrx_word' id='word_1_149' title='bbox 1502 1114 1542 1149; x_wconf 89' lang='lat' dir='ltr'>te</span> <span class='ocrx_word' id='word_1_150' title='bbox 1563 1121 1820 1149; x_wconf 86' lang='lat' dir='ltr'>asservarem</span> <span class='ocrx_word' id='word_1_151' title='bbox 1840 1111 2008 1162; x_wconf 89' lang='lat' dir='ltr'>rogasti.</span> 
     </span>
     <span class='ocr_line' id='line_1_15' title="bbox 257 1165 2009 1223; baseline 0.003 -17"><span class='ocrx_word' id='word_1_152' title='bbox 257 1165 359 1206; x_wconf 91' lang='lat' dir='ltr'>Cum</span> <span class='ocrx_word' id='word_1_153' title='bbox 389 1180 413 1206; x_wconf 87' lang='lat' dir='ltr'>a</span> <span class='ocrx_word' id='word_1_154' title='bbox 443 1181 507 1207; x_wconf 90' lang='lat' dir='ltr'>me</span> <span class='ocrx_word' id='word_1_155' title='bbox 539 1181 708 1222; x_wconf 92' lang='lat' dir='ltr'>quoque</span> <span class='ocrx_word' id='word_1_156' title='bbox 738 1168 781 1208; x_wconf 92' lang='lat' dir='ltr'>id</span> <span class='ocrx_word' id='word_1_157' title='bbox 811 1181 1061 1221; x_wconf 89' lang='lat' dir='ltr'>responsum</span> <span class='ocrx_word' id='word_1_158' title='bbox 1091 1169 1281 1217; x_wconf 88' lang='lat' dir='ltr'>tulisses,</span> <span class='ocrx_word' id='word_1_159' title='bbox 1323 1183 1389 1209; x_wconf 89' lang='lat' dir='ltr'>me</span> <span class='ocrx_word' id='word_1_160' title='bbox 1419 1171 1533 1210; x_wconf 90' lang='lat' dir='ltr'>nullo</span> <span class='ocrx_word' id='word_1_161' title='bbox 1565 1169 1691 1210; x_wconf 91' lang='lat' dir='ltr'>modo</span> <span class='ocrx_word' id='word_1_162' title='bbox 1721 1183 1846 1223; x_wconf 87' lang='lat' dir='ltr'>posse</span> <span class='ocrx_word' id='word_1_163' title='bbox 1876 1172 2009 1211; x_wconf 88' lang='lat' dir='ltr'>isdem</span> 
     </span>
     <span class='ocr_line' id='line_1_16' title="bbox 206 1228 2009 1286; baseline 0.003 -18"><span class='ocrx_word' id='word_1_164' title='bbox 206 1228 484 1281; x_wconf 80' lang='lat' dir='ltr'>⁴5parietibus</span> <span class='ocrx_word' id='word_1_165' title='bbox 516 1234 605 1270; x_wconf 90' lang='lat' dir='ltr'>tuto</span> <span class='ocrx_word' id='word_1_166' title='bbox 636 1243 728 1270; x_wconf 89' lang='lat' dir='ltr'>esse</span> <span class='ocrx_word' id='word_1_167' title='bbox 759 1235 917 1278; x_wconf 87' lang='lat' dir='ltr'>tecum,</span> <span class='ocrx_word' id='word_1_168' title='bbox 964 1231 1036 1285; x_wconf 92' lang='lat' dir='ltr'>qui</span> <span class='ocrx_word' id='word_1_169' title='bbox 1066 1244 1216 1284; x_wconf 84' lang='lat' dir='ltr'>magno</span> <span class='ocrx_word' id='word_1_170' title='bbox 1246 1232 1288 1272; x_wconf 92' lang='lat' dir='ltr'>in</span> <span class='ocrx_word' id='word_1_171' title='bbox 1317 1232 1503 1285; x_wconf 89' lang='lat' dir='ltr'>periculo</span> <span class='ocrx_word' id='word_1_172' title='bbox 1535 1246 1692 1280; x_wconf 85' lang='lat' dir='ltr'>essem,</span> <span class='ocrx_word' id='word_1_173' title='bbox 1733 1233 1847 1286; x_wconf 90' lang='lat' dir='ltr'>quod</span> <span class='ocrx_word' id='word_1_174' title='bbox 1877 1232 2009 1273; x_wconf 88' lang='lat' dir='ltr'>isdem</span> 
     </span>
     <span class='ocr_line' id='line_1_17' title="bbox 256 1290 2010 1349; baseline 0.003 -20"><span class='ocrx_word' id='word_1_175' title='bbox 256 1290 473 1331; x_wconf 89' lang='lat' dir='ltr'>moenibus</span> <span class='ocrx_word' id='word_1_176' title='bbox 505 1292 837 1341; x_wconf 88' lang='lat' dir='ltr'>contineremur,</span> <span class='ocrx_word' id='word_1_177' title='bbox 869 1292 919 1335; x_wconf 87' lang='lat' dir='ltr'>ad</span> <span class='ocrx_word' id='word_1_178' title='bbox 953 1294 1002 1341; x_wconf 90' lang='lat' dir='ltr'>Q.</span> <span class='ocrx_word' id='word_1_179' title='bbox 1023 1293 1238 1333; x_wconf 88' lang='lat' dir='ltr'>Metellum</span> <span class='ocrx_word' id='word_1_180' title='bbox 1268 1300 1501 1347; x_wconf 87' lang='lat' dir='ltr'>praetorem</span> <span class='ocrx_word' id='word_1_181' title='bbox 1523 1295 1694 1335; x_wconf 77' lang='lat' dir='ltr'>venisti:</span> <span class='ocrx_word' id='word_1_182' title='bbox 1725 1307 1748 1334; x_wconf 91' lang='lat' dir='ltr'>a</span> <span class='ocrx_word' id='word_1_183' title='bbox 1779 1309 1862 1349; x_wconf 88' lang='lat' dir='ltr'>quo</span> <span class='ocrx_word' id='word_1_184' title='bbox 1887 1308 2010 1348; x_wconf 90' lang='lat' dir='ltr'>repu-</span> 
     </span>
     <span class='ocr_line' id='line_1_18' title="bbox 256 1352 2009 1409; baseline 0.003 -18"><span class='ocrx_word' id='word_1_185' title='bbox 256 1352 393 1392; x_wconf 85' lang='lat' dir='ltr'>diatus</span> <span class='ocrx_word' id='word_1_186' title='bbox 438 1353 489 1393; x_wconf 88' lang='lat' dir='ltr'>ad</span> <span class='ocrx_word' id='word_1_187' title='bbox 530 1354 715 1394; x_wconf 90' lang='lat' dir='ltr'>sodalem</span> <span class='ocrx_word' id='word_1_188' title='bbox 754 1359 889 1402; x_wconf 91' lang='lat' dir='ltr'>tuum,</span> <span class='ocrx_word' id='word_1_189' title='bbox 937 1356 1071 1395; x_wconf 82' lang='lat' dir='ltr'>virum</span> <span class='ocrx_word' id='word_1_190' title='bbox 1111 1355 1338 1408; x_wconf 90' lang='lat' dir='ltr'>optimum,</span> <span class='ocrx_word' id='word_1_191' title='bbox 1392 1357 1445 1396; x_wconf 88' lang='lat' dir='ltr'>M.</span> <span class='ocrx_word' id='word_1_192' title='bbox 1485 1357 1698 1397; x_wconf 86' lang='lat' dir='ltr'>Metellum</span> <span class='ocrx_word' id='word_1_193' title='bbox 1747 1355 2009 1409; x_wconf 85' lang='lat' dir='ltr'>demigrasti:</span> 
     </span>
     <span class='ocr_line' id='line_1_19' title="bbox 260 1415 2012 1472; baseline 0.003 -18"><span class='ocrx_word' id='word_1_194' title='bbox 260 1428 385 1468; x_wconf 91' lang='lat' dir='ltr'>quem</span> <span class='ocrx_word' id='word_1_195' title='bbox 418 1421 462 1456; x_wconf 90' lang='lat' dir='ltr'>tu</span> <span class='ocrx_word' id='word_1_196' title='bbox 493 1416 688 1457; x_wconf 86' lang='lat' dir='ltr'>videlicet</span> <span class='ocrx_word' id='word_1_197' title='bbox 718 1422 758 1457; x_wconf 86' lang='lat' dir='ltr'>et</span> <span class='ocrx_word' id='word_1_198' title='bbox 787 1418 838 1457; x_wconf 88' lang='lat' dir='ltr'>ad</span> <span class='ocrx_word' id='word_1_199' title='bbox 869 1418 1188 1458; x_wconf 86' lang='lat' dir='ltr'>custodiendum</span> <span class='ocrx_word' id='word_1_200' title='bbox 1222 1415 1291 1471; x_wconf 87' lang='lat' dir='ltr'>[te]</span> <span class='ocrx_word' id='word_1_201' title='bbox 1331 1418 1694 1470; x_wconf 88' lang='lat' dir='ltr'>diligentissimum</span> <span class='ocrx_word' id='word_1_202' title='bbox 1725 1424 1766 1459; x_wconf 86' lang='lat' dir='ltr'>et</span> <span class='ocrx_word' id='word_1_203' title='bbox 1795 1419 1846 1458; x_wconf 90' lang='lat' dir='ltr'>ad</span> <span class='ocrx_word' id='word_1_204' title='bbox 1876 1419 2012 1472; x_wconf 93' lang='lat' dir='ltr'>suspi-</span> 
     </span>
     <span class='ocr_line' id='line_1_20' title="bbox 255 1477 2010 1534; baseline 0.003 -18"><span class='ocrx_word' id='word_1_205' title='bbox 255 1477 432 1518; x_wconf 86' lang='lat' dir='ltr'>candum</span> <span class='ocrx_word' id='word_1_206' title='bbox 463 1479 775 1531; x_wconf 88' lang='lat' dir='ltr'>sagacissimum</span> <span class='ocrx_word' id='word_1_207' title='bbox 807 1484 849 1520; x_wconf 86' lang='lat' dir='ltr'>ct</span> <span class='ocrx_word' id='word_1_208' title='bbox 877 1479 929 1518; x_wconf 91' lang='lat' dir='ltr'>ad</span> <span class='ocrx_word' id='word_1_209' title='bbox 959 1480 1253 1520; x_wconf 83' lang='lat' dir='ltr'>vindicandum</span> <span class='ocrx_word' id='word_1_210' title='bbox 1282 1480 1552 1520; x_wconf 87' lang='lat' dir='ltr'>fortissimum</span> <span class='ocrx_word' id='word_1_211' title='bbox 1582 1480 1673 1520; x_wconf 85' lang='lat' dir='ltr'>sore</span> <span class='ocrx_word' id='word_1_212' title='bbox 1704 1481 1872 1534; x_wconf 83' lang='lat' dir='ltr'>putasti.</span> <span class='ocrx_word' id='word_1_213' title='bbox 1929 1481 2010 1521; x_wconf 84' lang='lat' dir='ltr'>Sed</span> 
     </span>
     <span class='ocr_line' id='line_1_21' title="bbox 203 1540 2010 1597; baseline 0.002 -17"><span class='ocrx_word' id='word_1_214' title='bbox 203 1540 242 1572; x_wconf 74' lang='lat'>20</span> <span class='ocrx_word' id='word_1_215' title='bbox 257 1553 379 1594; x_wconf 89' lang='lat' dir='ltr'>quam</span> <span class='ocrx_word' id='word_1_216' title='bbox 419 1541 545 1594; x_wconf 88' lang='lat' dir='ltr'>longe</span> <span class='ocrx_word' id='word_1_217' title='bbox 581 1542 746 1582; x_wconf 84' lang='lat' dir='ltr'>videtur</span> <span class='ocrx_word' id='word_1_218' title='bbox 783 1556 807 1582; x_wconf 87' lang='lat' dir='ltr'>a</span> <span class='ocrx_word' id='word_1_219' title='bbox 846 1555 1009 1582; x_wconf 86' lang='lat' dir='ltr'>carcere</span> <span class='ocrx_word' id='word_1_220' title='bbox 1048 1548 1172 1595; x_wconf 87' lang='lat' dir='ltr'>atque</span> <span class='ocrx_word' id='word_1_221' title='bbox 1211 1555 1236 1582; x_wconf 85' lang='lat' dir='ltr'>a</span> <span class='ocrx_word' id='word_1_222' title='bbox 1265 1542 1441 1582; x_wconf 84' lang='lat' dir='ltr'>vinculis</span> <span class='ocrx_word' id='word_1_223' title='bbox 1472 1542 1617 1582; x_wconf 85' lang='lat' dir='ltr'>abesse</span> <span class='ocrx_word' id='word_1_224' title='bbox 1650 1543 1823 1591; x_wconf 86' lang='lat' dir='ltr'>debere,</span> <span class='ocrx_word' id='word_1_225' title='bbox 1863 1543 1935 1597; x_wconf 90' lang='lat' dir='ltr'>qui</span> <span class='ocrx_word' id='word_1_226' title='bbox 1967 1557 2010 1584; x_wconf 83' lang='lat' dir='ltr'>sc</span> 
     </span>
     <span class='ocr_line' id='line_1_22' title="bbox 255 1603 2010 1657; baseline 0.002 -15"><span class='ocrx_word' id='word_1_227' title='bbox 255 1603 343 1656; x_wconf 90' lang='lat' dir='ltr'>ipse</span> <span class='ocrx_word' id='word_1_228' title='bbox 382 1603 464 1643; x_wconf 89' lang='lat' dir='ltr'>iam</span> <span class='ocrx_word' id='word_1_229' title='bbox 497 1604 668 1657; x_wconf 86' lang='lat' dir='ltr'>dignum</span> <span class='ocrx_word' id='word_1_230' title='bbox 699 1604 887 1645; x_wconf 90' lang='lat' dir='ltr'>custodia</span> <span class='ocrx_word' id='word_1_231' title='bbox 925 1604 1153 1645; x_wconf 74' lang='lat' dir='ltr'>iudicarit?</span> <span class='ocrx_word' id='word_1_232' title='bbox 1213 1603 1279 1644; x_wconf 66' lang='lat'>20.</span> <span class='ocrx_word' id='word_1_233' title='bbox 1312 1604 1431 1653; x_wconf 84' lang='lat' dir='ltr'>Quae</span> <span class='ocrx_word' id='word_1_234' title='bbox 1462 1617 1555 1644; x_wconf 89' lang='lat' dir='ltr'>cum</span> <span class='ocrx_word' id='word_1_235' title='bbox 1585 1605 1642 1644; x_wconf 88' lang='lat' dir='ltr'>ita</span> <span class='ocrx_word' id='word_1_236' title='bbox 1671 1605 1776 1653; x_wconf 87' lang='lat' dir='ltr'>sint,</span> <span class='ocrx_word' id='word_1_237' title='bbox 1820 1605 2010 1653; x_wconf 91' lang='lat' dir='ltr'>Catilina,</span> 
     </span>
    </p>
   </div>
   <div class='ocr_carea' id='block_1_3' title="bbox 249 1827 2016 3412">
    <p class='ocr_par' dir='ltr' id='par_1_3' title="bbox 249 1827 2016 3412">
     <span class='ocr_line' id='line_1_23' title="bbox 342 1827 2013 1868; baseline 0.002 -10"><span class='ocrx_word' id='word_1_238' title='bbox 342 1828 372 1858; x_wconf 66' lang='lat'>11.</span> <span class='ocrx_word' id='word_1_239' title='bbox 399 1827 537 1867; x_wconf 73' lang='lat' dir='ltr'>direptio</span> <span class='ocrx_word' id='word_1_240' title='bbox 559 1828 756 1867; x_wconf 68' lang='lat' dir='ltr'>vexatioque</span> <span class='ocrx_word' id='word_1_241' title='bbox 779 1837 797 1859; x_wconf 93' lang='lat' dir='ltr'>e</span> <span class='ocrx_word' id='word_1_242' title='bbox 811 1837 842 1859; x_wconf 94' lang='lat' dir='ltr'>o.</span> <span class='ocrx_word' id='word_1_243' title='bbox 865 1846 900 1851; x_wconf 88' lang='lat'>—</span> <span class='ocrx_word' id='word_1_244' title='bbox 927 1829 1090 1860; x_wconf 81' lang='lat' dir='ltr'>sociorum</span> <span class='ocrx_word' id='word_1_245' title='bbox 1108 1828 1405 1868; x_wconf 65' lang='lat' dir='ltr'>proximorumque</span> <span class='ocrx_word' id='word_1_246' title='bbox 1429 1829 1503 1866; x_wconf 62' lang='lat' dir='ltr'>,c&#39;h3</span> <span class='ocrx_word' id='word_1_247' title='bbox 1526 1829 1760 1868; x_wconf 71' lang='lat' dir='ltr'>prooeimorzmi</span> <span class='ocrx_word' id='word_1_248' title='bbox 1781 1828 1830 1861; x_wconf 87' lang='lat' dir='ltr'>vel</span> <span class='ocrx_word' id='word_1_249' title='bbox 1851 1828 2013 1861; x_wconf 82' lang='lat' dir='ltr'>sociorum</span> 
     </span>
     <span class='ocr_line' id='line_1_24' title="bbox 255 1877 2013 1919; baseline 0.001 -10"><span class='ocrx_word' id='word_1_250' title='bbox 255 1887 273 1909; x_wconf 83' lang='lat' dir='ltr'>c</span> <span class='ocrx_word' id='word_1_251' title='bbox 288 1888 307 1909; x_wconf 87' lang='lat' dir='ltr'>o</span> <span class='ocrx_word' id='word_1_252' title='bbox 340 1878 585 1918; x_wconf 69' lang='lat' dir='ltr'>(proeimorum</span> <span class='ocrx_word' id='word_1_253' title='bbox 621 1879 674 1909; x_wconf 83' lang='lat' dir='ltr'>est</span> <span class='ocrx_word' id='word_1_254' title='bbox 697 1878 780 1909; x_wconf 87' lang='lat' dir='ltr'>item</span> <span class='ocrx_word' id='word_1_255' title='bbox 804 1879 837 1909; x_wconf 92' lang='lat' dir='ltr'>in</span> <span class='ocrx_word' id='word_1_256' title='bbox 862 1879 881 1909; x_wconf 90' lang='lat' dir='ltr'>k</span> <span class='ocrx_word' id='word_1_257' title='bbox 897 1888 919 1919; x_wconf 84' lang='lat' dir='ltr'>q</span> <span class='ocrx_word' id='word_1_258' title='bbox 943 1881 978 1910; x_wconf 86' lang='lat' dir='ltr'>ct</span> <span class='ocrx_word' id='word_1_259' title='bbox 1000 1880 1058 1918; x_wconf 81' lang='lat' dir='ltr'>Lg.</span> <span class='ocrx_word' id='word_1_260' title='bbox 1085 1878 1114 1909; x_wconf 89' lang='grc'>6.</span> <span class='ocrx_word' id='word_1_261' title='bbox 1142 1879 1201 1917; x_wconf 77' lang='grc'>65,</span> <span class='ocrx_word' id='word_1_262' title='bbox 1236 1879 1270 1910; x_wconf 91' lang='lat' dir='ltr'>in</span> <span class='ocrx_word' id='word_1_263' title='bbox 1298 1887 1367 1918; x_wconf 85' lang='lat' dir='ltr'>quo</span> <span class='ocrx_word' id='word_1_264' title='bbox 1391 1877 1580 1910; x_wconf 77' lang='lat' dir='ltr'>Niehulirio</span> <span class='ocrx_word' id='word_1_265' title='bbox 1600 1879 1852 1918; x_wconf 80' lang='lat' dir='ltr'>provinciarum</span> <span class='ocrx_word' id='word_1_266' title='bbox 1874 1878 2013 1910; x_wconf 85' lang='lat' dir='ltr'>videtur</span> 
     </span>
     <span class='ocr_line' id='line_1_25' title="bbox 255 1927 2014 1969; baseline 0 -10"><span class='ocrx_word' id='word_1_267' title='bbox 255 1927 385 1966; x_wconf 77' lang='lat' dir='ltr'>latere).</span> <span class='ocrx_word' id='word_1_268' title='bbox 413 1943 450 1949; x_wconf 85' lang='lat'>—</span> <span class='ocrx_word' id='word_1_269' title='bbox 476 1928 507 1958; x_wconf 67' lang='lat'>2.</span> <span class='ocrx_word' id='word_1_270' title='bbox 534 1927 579 1968; x_wconf 78' lang='lat' dir='ltr'>tu]</span> <span class='ocrx_word' id='word_1_271' title='bbox 603 1930 638 1958; x_wconf 78' lang='lat' dir='ltr'>ut</span> <span class='ocrx_word' id='word_1_272' title='bbox 662 1929 696 1959; x_wconf 81' lang='lat' dir='ltr'>t:</span> <span class='ocrx_word' id='word_1_273' title='bbox 730 1931 765 1959; x_wconf 84' lang='lat' dir='ltr'>tu</span> <span class='ocrx_word' id='word_1_274' title='bbox 793 1929 892 1959; x_wconf 77' lang='lat' dir='ltr'>etiam</span> <span class='ocrx_word' id='word_1_275' title='bbox 916 1938 950 1969; x_wconf 86' lang='lat' dir='ltr'>q.</span> <span class='ocrx_word' id='word_1_276' title='bbox 977 1946 1012 1951; x_wconf 89' lang='lat'>—-</span> <span class='ocrx_word' id='word_1_277' title='bbox 1046 1929 1265 1969; x_wconf 62' lang='lat' dir='ltr'>neyliqendas]</span> <span class='ocrx_word' id='word_1_278' title='bbox 1289 1929 1461 1960; x_wconf 74' lang='lat' dir='ltr'>vertendas</span> <span class='ocrx_word' id='word_1_279' title='bbox 1483 1929 1593 1969; x_wconf 83' lang='lat' dir='ltr'>adp⁷</span> <span class='ocrx_word' id='word_1_280' title='bbox 1628 1931 1686 1969; x_wconf 78' lang='lat' dir='ltr'>Lg.</span> <span class='ocrx_word' id='word_1_281' title='bbox 1712 1929 1773 1967; x_wconf 80' lang='lat'>53,</span> <span class='ocrx_word' id='word_1_282' title='bbox 1804 1928 1883 1961; x_wconf 85' lang='lat' dir='ltr'>cod.</span> <span class='ocrx_word' id='word_1_283' title='bbox 1910 1928 2014 1960; x_wconf 87' lang='lat' dir='ltr'>Colo—</span> 
     </span>
     <span class='ocr_line' id='line_1_26' title="bbox 254 1976 2014 2019; baseline 0.001 -11"><span class='ocrx_word' id='word_1_284' title='bbox 254 1977 394 2009; x_wconf 81' lang='lat' dir='ltr'>niensis.</span> <span class='ocrx_word' id='word_1_285' title='bbox 423 1994 455 2000; x_wconf 90' lang='lat'><em>-</em></span> <span class='ocrx_word' id='word_1_286' title='bbox 485 1979 584 2016; x_wconf 79' lang='lat' dir='ltr'>alque</span> <span class='ocrx_word' id='word_1_287' title='bbox 607 1976 644 2014; x_wconf 89' lang='lat' dir='ltr'>d;</span> <span class='ocrx_word' id='word_1_288' title='bbox 671 1986 710 2008; x_wconf 84' lang='lat' dir='ltr'>ae</span> <span class='ocrx_word' id='word_1_289' title='bbox 733 1977 807 2008; x_wconf 78' lang='lat' dir='ltr'>kw.</span> <span class='ocrx_word' id='word_1_290' title='bbox 836 1995 871 1999; x_wconf 97' lang='lat'><strong>—</strong></span> <span class='ocrx_word' id='word_1_291' title='bbox 905 1978 935 2009; x_wconf 87' lang='lat'>3.</span> <span class='ocrx_word' id='word_1_292' title='bbox 962 1979 1151 2010; x_wconf 75' lang='lat' dir='ltr'>evertendas</span> <span class='ocrx_word' id='word_1_293' title='bbox 1174 1987 1232 2018; x_wconf 89' lang='lat' dir='ltr'>qu</span> <span class='ocrx_word' id='word_1_294' title='bbox 1256 1979 1313 2018; x_wconf 80' lang='lat' dir='ltr'>Lg.</span> <span class='ocrx_word' id='word_1_295' title='bbox 1340 1977 1391 2010; x_wconf 72' lang='grc'>46,</span> <span class='ocrx_word' id='word_1_296' title='bbox 1419 1978 1479 2015; x_wconf 81' lang='grc'>65,</span> <span class='ocrx_word' id='word_1_297' title='bbox 1515 1977 1648 2016; x_wconf 77' lang='lat' dir='ltr'>Colon..</span> <span class='ocrx_word' id='word_1_298' title='bbox 1674 1980 1750 2010; x_wconf 86' lang='lat' dir='ltr'>Par.</span> <span class='ocrx_word' id='word_1_299' title='bbox 1777 1979 1790 2010; x_wconf 75' lang='lat'>4</span> <span class='ocrx_word' id='word_1_300' title='bbox 1821 1980 1854 2010; x_wconf 83' lang='lat' dir='ltr'>et</span> <span class='ocrx_word' id='word_1_301' title='bbox 1877 1979 1897 2010; x_wconf 81' lang='lat'>5</span> <span class='ocrx_word' id='word_1_302' title='bbox 1921 1978 2014 2019; x_wconf 83' lang='lat' dir='ltr'>apud</span> 
     </span>
     <span class='ocr_line' id='line_1_27' title="bbox 254 2027 2014 2070; baseline 0.002 -12"><span class='ocrx_word' id='word_1_303' title='bbox 254 2027 535 2058; x_wconf 71' lang='lat' dir='ltr'>Steinmetzium:</span> <span class='ocrx_word' id='word_1_304' title='bbox 555 2035 624 2058; x_wconf 90' lang='lat' dir='ltr'>om.</span> <span class='ocrx_word' id='word_1_305' title='bbox 641 2035 680 2065; x_wconf 82' lang='lat' dir='ltr'>x;</span> <span class='ocrx_word' id='word_1_306' title='bbox 699 2027 892 2059; x_wconf 73' lang='lat' dir='ltr'>evincendas</span> <span class='ocrx_word' id='word_1_307' title='bbox 904 2027 925 2059; x_wconf 87' lang='lat' dir='ltr'>b</span> <span class='ocrx_word' id='word_1_308' title='bbox 941 2037 959 2060; x_wconf 88' lang='lat' dir='ltr'>c</span> <span class='ocrx_word' id='word_1_309' title='bbox 973 2037 990 2060; x_wconf 93' lang='lat' dir='ltr'>e</span> <span class='ocrx_word' id='word_1_310' title='bbox 1005 2029 1014 2060; x_wconf 94' lang='lat' dir='ltr'>i</span> <span class='ocrx_word' id='word_1_311' title='bbox 1028 2037 1050 2069; x_wconf 89' lang='lat' dir='ltr'>q</span> <span class='ocrx_word' id='word_1_312' title='bbox 1063 2037 1109 2060; x_wconf 91' lang='lat' dir='ltr'>rs</span> <span class='ocrx_word' id='word_1_313' title='bbox 1123 2037 1168 2066; x_wconf 80' lang='lat' dir='ltr'>w;</span> <span class='ocrx_word' id='word_1_314' title='bbox 1186 2029 1361 2060; x_wconf 77' lang='lat' dir='ltr'>vincendas</span> <span class='ocrx_word' id='word_1_315' title='bbox 1375 2029 1399 2060; x_wconf 95' lang='lat' dir='ltr'>C</span> <span class='ocrx_word' id='word_1_316' title='bbox 1414 2038 1433 2060; x_wconf 90' lang='lat' dir='ltr'>a</span> <span class='ocrx_word' id='word_1_317' title='bbox 1447 2027 1491 2060; x_wconf 92' lang='lat' dir='ltr'>dl</span> <span class='ocrx_word' id='word_1_318' title='bbox 1507 2037 1527 2060; x_wconf 95' lang='lat' dir='ltr'>o</span> <span class='ocrx_word' id='word_1_319' title='bbox 1540 2038 1562 2070; x_wconf 92' lang='lat' dir='ltr'>p</span> <span class='ocrx_word' id='word_1_320' title='bbox 1577 2030 1587 2060; x_wconf 89' lang='lat' dir='ltr'>t</span> <span class='ocrx_word' id='word_1_321' title='bbox 1604 2038 1610 2065; x_wconf 87' lang='lat'>;</span> <span class='ocrx_word' id='word_1_322' title='bbox 1628 2030 1841 2061; x_wconf 77' lang='lat' dir='ltr'>devincendas</span> <span class='ocrx_word' id='word_1_323' title='bbox 1855 2030 1884 2060; x_wconf 94' lang='lat' dir='ltr'>V</span> <span class='ocrx_word' id='word_1_324' title='bbox 1897 2038 1920 2070; x_wconf 87' lang='lat' dir='ltr'>y</span> <span class='ocrx_word' id='word_1_325' title='bbox 1932 2038 2014 2061; x_wconf 78' lang='lat' dir='ltr'>z,—</span> 
     </span>
     <span class='ocr_line' id='line_1_28' title="bbox 249 2077 2012 2119; baseline 0.002 -12"><span class='ocrx_word' id='word_1_326' title='bbox 249 2077 581 2117; x_wconf 59' lang='lat' dir='ltr'>perstringendasque</span> <span class='ocrx_word' id='word_1_327' title='bbox 604 2078 627 2107; x_wconf 85' lang='lat' dir='ltr'>t.</span> <span class='ocrx_word' id='word_1_328' title='bbox 655 2093 692 2099; x_wconf 90' lang='lat'>—-</span> <span class='ocrx_word' id='word_1_329' title='bbox 717 2077 850 2108; x_wconf 66' lang='lat' dir='ltr'>valuisti</span> <span class='ocrx_word' id='word_1_330' title='bbox 873 2086 942 2109; x_wconf 83' lang='lat'>0111.</span> <span class='ocrx_word' id='word_1_331' title='bbox 969 2078 1036 2118; x_wconf 83' lang='lat' dir='ltr'>gh.</span> <span class='ocrx_word' id='word_1_332' title='bbox 1058 2095 1093 2100; x_wconf 90' lang='lat'>——</span> <span class='ocrx_word' id='word_1_333' title='bbox 1120 2077 1151 2109; x_wconf 62' lang='lat' dir='ltr'>li.</span> <span class='ocrx_word' id='word_1_334' title='bbox 1177 2087 1242 2109; x_wconf 73' lang='lat' dir='ltr'>ozon</span> <span class='ocrx_word' id='word_1_335' title='bbox 1264 2079 1399 2118; x_wconf 80' lang='lat' dir='ltr'>ferenda</span> <span class='ocrx_word' id='word_1_336' title='bbox 1421 2088 1450 2110; x_wconf 90' lang='lat' dir='ltr'>r.</span> <span class='ocrx_word' id='word_1_337' title='bbox 1472 2096 1506 2100; x_wconf 81' lang='lat'>-</span> <span class='ocrx_word' id='word_1_338' title='bbox 1532 2079 1654 2119; x_wconf 74' lang='lat' dir='ltr'>fuerint</span> <span class='ocrx_word' id='word_1_339' title='bbox 1676 2088 1711 2110; x_wconf 88' lang='lat' dir='ltr'>u.</span> <span class='ocrx_word' id='word_1_340' title='bbox 1733 2097 1765 2102; x_wconf 98' lang='lat'><strong>—</strong></span> <span class='ocrx_word' id='word_1_341' title='bbox 1791 2082 1894 2111; x_wconf 80' lang='lat' dir='ltr'>totam</span> <span class='ocrx_word' id='word_1_342' title='bbox 1909 2088 1960 2111; x_wconf 86' lang='lat' dir='ltr'>me</span> <span class='ocrx_word' id='word_1_343' title='bbox 1975 2088 2012 2117; x_wconf 86' lang='lat' dir='ltr'>r;</span> 
     </span>
     <span class='ocr_line' id='line_1_29' title="bbox 253 2126 2016 2166; baseline 0.002 -9"><span class='ocrx_word' id='word_1_344' title='bbox 253 2135 303 2158; x_wconf 83' lang='lat' dir='ltr'>me</span> <span class='ocrx_word' id='word_1_345' title='bbox 327 2129 429 2157; x_wconf 71' lang='lat' dir='ltr'>[olum</span> <span class='ocrx_word' id='word_1_346' title='bbox 453 2134 480 2157; x_wconf 87' lang='lat' dir='ltr'>w</span> <span class='ocrx_word' id='word_1_347' title='bbox 505 2127 539 2156; x_wconf 88' lang='lat' dir='ltr'>et</span> <span class='ocrx_word' id='word_1_348' title='bbox 562 2126 571 2156; x_wconf 93' lang='lat' dir='ltr'>i</span> <span class='ocrx_word' id='word_1_349' title='bbox 596 2134 648 2166; x_wconf 83' lang='lat' dir='ltr'>pr.</span> <span class='ocrx_word' id='word_1_350' title='bbox 676 2135 744 2163; x_wconf 83' lang='lat' dir='ltr'>m.;</span> <span class='ocrx_word' id='word_1_351' title='bbox 769 2126 882 2158; x_wconf 77' lang='lat' dir='ltr'>urbem</span> <span class='ocrx_word' id='word_1_352' title='bbox 905 2130 1008 2159; x_wconf 76' lang='lat' dir='ltr'>totam</span> <span class='ocrx_word' id='word_1_353' title='bbox 1032 2137 1069 2166; x_wconf 64' lang='grc' dir='ltr'>ἃς</span> <span class='ocrx_word' id='word_1_354' title='bbox 1096 2131 1198 2159; x_wconf 78' lang='lat' dir='ltr'>totam</span> <span class='ocrx_word' id='word_1_355' title='bbox 1221 2128 1334 2160; x_wconf 79' lang='lat' dir='ltr'>urbem</span> <span class='ocrx_word' id='word_1_356' title='bbox 1357 2128 1391 2160; x_wconf 89' lang='lat' dir='ltr'>d.</span> <span class='ocrx_word' id='word_1_357' title='bbox 1420 2146 1455 2150; x_wconf 89' lang='lat'>—-</span> <span class='ocrx_word' id='word_1_358' title='bbox 1481 2129 1513 2160; x_wconf 80' lang='lat'>5.</span> <span class='ocrx_word' id='word_1_359' title='bbox 1539 2132 1568 2160; x_wconf 88' lang='lat' dir='ltr'>le</span> <span class='ocrx_word' id='word_1_360' title='bbox 1592 2137 1662 2160; x_wconf 89' lang='lat' dir='ltr'>om.</span> <span class='ocrx_word' id='word_1_361' title='bbox 1687 2128 1716 2166; x_wconf 83' lang='lat' dir='ltr'>l,</span> <span class='ocrx_word' id='word_1_362' title='bbox 1741 2130 1777 2160; x_wconf 92' lang='lat' dir='ltr'>ut</span> <span class='ocrx_word' id='word_1_363' title='bbox 1801 2128 1909 2161; x_wconf 83' lang='lat' dir='ltr'>voluit</span> <span class='ocrx_word' id='word_1_364' title='bbox 1925 2130 2016 2160; x_wconf 83' lang='lat' dir='ltr'>Goo-</span> 
     </span>
     <span class='ocr_line' id='line_1_30' title="bbox 255 2175 2012 2219; baseline 0.001 -12"><span class='ocrx_word' id='word_1_365' title='bbox 255 2175 409 2212; x_wconf 70' lang='lat' dir='ltr'>renziu53</span> <span class='ocrx_word' id='word_1_366' title='bbox 435 2178 464 2206; x_wconf 81' lang='lat' dir='ltr'>te</span> <span class='ocrx_word' id='word_1_367' title='bbox 487 2183 589 2206; x_wconf 77' lang='lat' dir='ltr'>unum</span> <span class='ocrx_word' id='word_1_368' title='bbox 612 2175 828 2215; x_wconf 67' lang='lat' dir='ltr'>thwyz,</span> <span class='ocrx_word' id='word_1_369' title='bbox 855 2177 890 2207; x_wconf 88' lang='lat' dir='ltr'>O.</span> <span class='ocrx_word' id='word_1_370' title='bbox 921 2195 955 2199; x_wconf 83' lang='lat'>—-</span> <span class='ocrx_word' id='word_1_371' title='bbox 983 2178 1013 2209; x_wconf 89' lang='grc'>6.</span> <span class='ocrx_word' id='word_1_372' title='bbox 1038 2177 1153 2218; x_wconf 77' lang='lat' dir='ltr'>videri]</span> <span class='ocrx_word' id='word_1_373' title='bbox 1180 2186 1254 2209; x_wconf 71' lang='lat' dir='ltr'>vero</span> <span class='ocrx_word' id='word_1_374' title='bbox 1280 2180 1302 2209; x_wconf 92' lang='lat' dir='ltr'>t.</span> <span class='ocrx_word' id='word_1_375' title='bbox 1325 2195 1358 2200; x_wconf 79' lang='lat'><em>-</em></span> <span class='ocrx_word' id='word_1_376' title='bbox 1385 2187 1471 2209; x_wconf 80' lang='lat' dir='ltr'>cons.</span> <span class='ocrx_word' id='word_1_377' title='bbox 1499 2182 1617 2210; x_wconf 76' lang='lat' dir='ltr'>eontra</span> <span class='ocrx_word' id='word_1_378' title='bbox 1640 2187 1690 2210; x_wconf 87' lang='lat' dir='ltr'>me</span> <span class='ocrx_word' id='word_1_379' title='bbox 1707 2187 1802 2219; x_wconf 78' lang='lat' dir='ltr'>posse</span> <span class='ocrx_word' id='word_1_380' title='bbox 1818 2178 1903 2209; x_wconf 75' lang='lat' dir='ltr'>iniri</span> <span class='ocrx_word' id='word_1_381' title='bbox 1925 2178 1960 2209; x_wconf 87' lang='lat' dir='ltr'>d.</span> <span class='ocrx_word' id='word_1_382' title='bbox 1977 2196 2012 2200; x_wconf 90' lang='lat'>—</span> 
     </span>
     <span class='ocr_line' id='line_1_31' title="bbox 254 2225 2016 2269; baseline 0 -12"><span class='ocrx_word' id='word_1_383' title='bbox 254 2226 338 2257; x_wconf 78' lang='lat' dir='ltr'>inire</span> <span class='ocrx_word' id='word_1_384' title='bbox 363 2228 421 2257; x_wconf 85' lang='lat' dir='ltr'>tu.</span> <span class='ocrx_word' id='word_1_385' title='bbox 452 2243 486 2247; x_wconf 93' lang='lat'><em>-</em></span> <span class='ocrx_word' id='word_1_386' title='bbox 512 2234 577 2256; x_wconf 70' lang='lat' dir='ltr'>non</span> <span class='ocrx_word' id='word_1_387' title='bbox 601 2225 776 2257; x_wconf 73' lang='lat' dir='ltr'>abhorreat</span> <span class='ocrx_word' id='word_1_388' title='bbox 791 2228 814 2257; x_wconf 90' lang='lat' dir='ltr'>t.</span> <span class='ocrx_word' id='word_1_389' title='bbox 836 2244 871 2248; x_wconf 88' lang='lat'>—</span> <span class='ocrx_word' id='word_1_390' title='bbox 898 2227 928 2258; x_wconf 83' lang='lat'>7.</span> <span class='ocrx_word' id='word_1_391' title='bbox 953 2228 1128 2267; x_wconf 77' lang='lat' dir='ltr'>ferundum</span> <span class='ocrx_word' id='word_1_392' title='bbox 1143 2227 1178 2258; x_wconf 84' lang='lat' dir='ltr'>l).</span> <span class='ocrx_word' id='word_1_393' title='bbox 1199 2245 1237 2250; x_wconf 92' lang='lat'>—-</span> <span class='ocrx_word' id='word_1_394' title='bbox 1262 2228 1341 2258; x_wconf 85' lang='lat' dir='ltr'>mihi</span> <span class='ocrx_word' id='word_1_395' title='bbox 1363 2228 1447 2259; x_wconf 78' lang='lat' dir='ltr'>hunc</span> <span class='ocrx_word' id='word_1_396' title='bbox 1463 2227 1504 2265; x_wconf 70' lang='lat' dir='ltr'>d,</span> <span class='ocrx_word' id='word_1_397' title='bbox 1529 2228 1608 2259; x_wconf 81' lang='lat' dir='ltr'>mihi</span> <span class='ocrx_word' id='word_1_398' title='bbox 1626 2236 1694 2259; x_wconf 88' lang='lat' dir='ltr'>om.</span> <span class='ocrx_word' id='word_1_399' title='bbox 1715 2228 1783 2269; x_wconf 74' lang='lat' dir='ltr'>gh.</span> <span class='ocrx_word' id='word_1_400' title='bbox 1805 2245 1840 2250; x_wconf 85' lang='lat'>—-</span> <span class='ocrx_word' id='word_1_401' title='bbox 1866 2228 1896 2259; x_wconf 93' lang='lat'>8.</span> <span class='ocrx_word' id='word_1_402' title='bbox 1923 2228 2016 2258; x_wconf 80' lang='lat' dir='ltr'>timo-</span> 
     </span>
     <span class='ocr_line' id='line_1_32' title="bbox 255 2275 2012 2317; baseline 0 -10"><span class='ocrx_word' id='word_1_403' title='bbox 255 2285 325 2307; x_wconf 85' lang='lat' dir='ltr'>rem</span> <span class='ocrx_word' id='word_1_404' title='bbox 346 2276 425 2307; x_wconf 82' lang='lat' dir='ltr'>mihi</span> <span class='ocrx_word' id='word_1_405' title='bbox 449 2283 495 2306; x_wconf 83' lang='lat' dir='ltr'>ni.</span> <span class='ocrx_word' id='word_1_406' title='bbox 525 2293 559 2297; x_wconf 93' lang='lat'>—</span> <span class='ocrx_word' id='word_1_407' title='bbox 586 2275 614 2306; x_wconf 88' lang='lat' dir='ltr'>si</span> <span class='ocrx_word' id='word_1_408' title='bbox 635 2284 732 2307; x_wconf 81' lang='lat' dir='ltr'>verus</span> <span class='ocrx_word' id='word_1_409' title='bbox 754 2279 799 2307; x_wconf 77' lang='lat' dir='ltr'>esc</span> <span class='ocrx_word' id='word_1_410' title='bbox 822 2285 850 2307; x_wconf 83' lang='lat' dir='ltr'>w</span> <span class='ocrx_word' id='word_1_411' title='bbox 863 2278 906 2310; x_wconf 76' lang='lat'>1.;</span> <span class='ocrx_word' id='word_1_412' title='bbox 943 2277 993 2308; x_wconf 83' lang='lat' dir='ltr'>sin</span> <span class='ocrx_word' id='word_1_413' title='bbox 1016 2280 1061 2308; x_wconf 74' lang='lat' dir='ltr'>est</span> <span class='ocrx_word' id='word_1_414' title='bbox 1083 2286 1114 2308; x_wconf 86' lang='grc' dir='ltr'>υ.</span> <span class='ocrx_word' id='word_1_415' title='bbox 1142 2279 1171 2314; x_wconf 90' lang='lat' dir='ltr'>t;</span> <span class='ocrx_word' id='word_1_416' title='bbox 1207 2281 1252 2308; x_wconf 73' lang='lat' dir='ltr'>est</span> <span class='ocrx_word' id='word_1_417' title='bbox 1274 2286 1343 2308; x_wconf 78' lang='lat' dir='ltr'>oni.</span> <span class='ocrx_word' id='word_1_418' title='bbox 1370 2278 1408 2308; x_wconf 87' lang='lat' dir='ltr'>V.</span> <span class='ocrx_word' id='word_1_419' title='bbox 1437 2295 1471 2299; x_wconf 86' lang='lat'>—</span> <span class='ocrx_word' id='word_1_420' title='bbox 1498 2278 1549 2308; x_wconf 81' lang='lat' dir='ltr'>sin¹</span> <span class='ocrx_word' id='word_1_421' title='bbox 1570 2281 1615 2309; x_wconf 71' lang='lat' dir='ltr'>est</span> <span class='ocrx_word' id='word_1_422' title='bbox 1636 2278 1661 2317; x_wconf 82' lang='lat' dir='ltr'>f.</span> <span class='ocrx_word' id='word_1_423' title='bbox 1688 2287 1706 2309; x_wconf 86' lang='lat' dir='ltr'>c</span> <span class='ocrx_word' id='word_1_424' title='bbox 1722 2278 1762 2315; x_wconf 75' lang='grc' dir='ltr'>[ις</span> <span class='ocrx_word' id='word_1_425' title='bbox 1786 2277 1835 2308; x_wconf 75' lang='lat' dir='ltr'>sin</span> <span class='ocrx_word' id='word_1_426' title='bbox 1858 2279 1968 2308; x_wconf 82' lang='lat' dir='ltr'>aulem</span> <span class='ocrx_word' id='word_1_427' title='bbox 1988 2277 2012 2317; x_wconf 86' lang='lat' dir='ltr'>f.</span> 
     </span>
     <span class='ocr_line' id='line_1_33' title="bbox 258 2325 2014 2368; baseline 0.001 -13"><span class='ocrx_word' id='word_1_428' title='bbox 258 2326 297 2356; x_wconf 73' lang='lat' dir='ltr'>V.</span> <span class='ocrx_word' id='word_1_429' title='bbox 326 2342 361 2346; x_wconf 34' lang='lat' dir='ltr'>a</span> <span class='ocrx_word' id='word_1_430' title='bbox 387 2326 416 2357; x_wconf 84' lang='grc'>9.</span> <span class='ocrx_word' id='word_1_431' title='bbox 441 2326 590 2356; x_wconf 74' lang='lat' dir='ltr'>timorem</span> <span class='ocrx_word' id='word_1_432' title='bbox 613 2334 644 2364; x_wconf 79' lang='lat' dir='ltr'>g.</span> <span class='ocrx_word' id='word_1_433' title='bbox 673 2343 707 2347; x_wconf 93' lang='lat'><em>-</em></span> <span class='ocrx_word' id='word_1_434' title='bbox 734 2326 783 2357; x_wconf 80' lang='lat' dir='ltr'>ila</span> <span class='ocrx_word' id='word_1_435' title='bbox 806 2329 841 2358; x_wconf 75' lang='lat' dir='ltr'>ut</span> <span class='ocrx_word' id='word_1_436' title='bbox 864 2327 936 2358; x_wconf 49' lang='lat' dir='ltr'>disci</span> <span class='ocrx_word' id='word_1_437' title='bbox 959 2327 1083 2358; x_wconf 86' lang='lat' dir='ltr'>Bado</span> <span class='ocrx_word' id='word_1_438' title='bbox 1099 2335 1238 2367; x_wconf 75' lang='lat' dir='ltr'>oqy2,</span> <span class='ocrx_word' id='word_1_439' title='bbox 1264 2328 1323 2365; x_wconf 65' lang='lat' dir='ltr'>Lg.</span> <span class='ocrx_word' id='word_1_440' title='bbox 1351 2327 1403 2358; x_wconf 68' lang='lat'>46.</span> <span class='ocrx_word' id='word_1_441' title='bbox 1429 2328 1481 2359; x_wconf 79' lang='lat'>53.</span> <span class='ocrx_word' id='word_1_442' title='bbox 1508 2328 1568 2367; x_wconf 77' lang='lat'>65,</span> <span class='ocrx_word' id='word_1_443' title='bbox 1594 2329 1632 2359; x_wconf 84' lang='lat' dir='ltr'>ut</span> <span class='ocrx_word' id='word_1_444' title='bbox 1655 2329 1708 2360; x_wconf 83' lang='lat' dir='ltr'>est</span> <span class='ocrx_word' id='word_1_445' title='bbox 1730 2328 1764 2359; x_wconf 90' lang='lat' dir='ltr'>in</span> <span class='ocrx_word' id='word_1_446' title='bbox 1788 2335 1839 2358; x_wconf 91' lang='lat' dir='ltr'>or.</span> <span class='ocrx_word' id='word_1_447' title='bbox 1864 2335 1898 2368; x_wconf 90' lang='lat' dir='ltr'>p.</span> <span class='ocrx_word' id='word_1_448' title='bbox 1924 2325 2014 2357; x_wconf 84' lang='lat' dir='ltr'>Sulla</span> 
     </span>
     <span class='ocr_line' id='line_1_34' title="bbox 256 2374 2016 2417; baseline 0.001 -11"><span class='ocrx_word' id='word_1_449' title='bbox 256 2376 286 2415; x_wconf 63' lang='lat' dir='ltr'>g.</span> <span class='ocrx_word' id='word_1_450' title='bbox 313 2374 365 2407; x_wconf 73' lang='lat'>43.</span> <span class='ocrx_word' id='word_1_451' title='bbox 394 2392 429 2396; x_wconf 97' lang='lat'><strong>—</strong></span> <span class='ocrx_word' id='word_1_452' title='bbox 457 2376 508 2406; x_wconf 71' lang='lat'>40.</span> <span class='ocrx_word' id='word_1_453' title='bbox 534 2374 698 2414; x_wconf 76' lang='lat' dir='ltr'>inpetrari</span> <span class='ocrx_word' id='word_1_454' title='bbox 721 2376 743 2406; x_wconf 88' lang='lat' dir='ltr'>t.</span> <span class='ocrx_word' id='word_1_455' title='bbox 774 2393 809 2397; x_wconf 91' lang='lat'><strong>—</strong></span> <span class='ocrx_word' id='word_1_456' title='bbox 834 2379 864 2407; x_wconf 78' lang='lat' dir='ltr'>et</span> <span class='ocrx_word' id='word_1_457' title='bbox 886 2376 913 2406; x_wconf 89' lang='lat' dir='ltr'>si</span> <span class='ocrx_word' id='word_1_458' title='bbox 937 2376 971 2407; x_wconf 92' lang='lat' dir='ltr'>d.</span> <span class='ocrx_word' id='word_1_459' title='bbox 992 2394 1026 2398; x_wconf 93' lang='lat'>—-</span> <span class='ocrx_word' id='word_1_460' title='bbox 1054 2377 1205 2408; x_wconf 73' lang='lat' dir='ltr'>adhibere</span> <span class='ocrx_word' id='word_1_461' title='bbox 1228 2377 1254 2407; x_wconf 86' lang='lat' dir='ltr'>si</span> <span class='ocrx_word' id='word_1_462' title='bbox 1277 2378 1343 2408; x_wconf 78' lang='lat' dir='ltr'>vim</span> <span class='ocrx_word' id='word_1_463' title='bbox 1366 2387 1431 2408; x_wconf 73' lang='lat' dir='ltr'>non</span> <span class='ocrx_word' id='word_1_464' title='bbox 1451 2381 1557 2417; x_wconf 79' lang='lat' dir='ltr'>posset</span> <span class='ocrx_word' id='word_1_465' title='bbox 1580 2387 1610 2409; x_wconf 89' lang='lat' dir='ltr'>e.</span> <span class='ocrx_word' id='word_1_466' title='bbox 1634 2395 1667 2399; x_wconf 80' lang='lat'>—</span> <span class='ocrx_word' id='word_1_467' title='bbox 1695 2377 1748 2408; x_wconf 79' lang='grc' dir='ltr'>Μ.</span> <span class='ocrx_word' id='word_1_468' title='bbox 1769 2377 1854 2416; x_wconf 83' lang='lat' dir='ltr'>Quia</span> <span class='ocrx_word' id='word_1_469' title='bbox 1876 2376 1910 2407; x_wconf 85' lang='lat' dir='ltr'>id</span> <span class='ocrx_word' id='word_1_470' title='bbox 1930 2377 2016 2416; x_wconf 83' lang='lat' dir='ltr'>quod</span> 
     </span>
     <span class='ocr_line' id='line_1_35' title="bbox 255 2423 2011 2468; baseline 0.001 -12"><span class='ocrx_word' id='word_1_471' title='bbox 255 2427 290 2462; x_wconf 89' lang='lat' dir='ltr'>t;</span> <span class='ocrx_word' id='word_1_472' title='bbox 316 2425 403 2463; x_wconf 77' lang='lat' dir='ltr'>quod</span> <span class='ocrx_word' id='word_1_473' title='bbox 426 2433 496 2455; x_wconf 89' lang='lat' dir='ltr'>om.</span> <span class='ocrx_word' id='word_1_474' title='bbox 522 2423 587 2456; x_wconf 87' lang='lat' dir='ltr'>bs.</span> <span class='ocrx_word' id='word_1_475' title='bbox 608 2441 642 2446; x_wconf 77' lang='lat'><em>-</em></span> <span class='ocrx_word' id='word_1_476' title='bbox 670 2428 700 2456; x_wconf 77' lang='lat' dir='ltr'>le</span> <span class='ocrx_word' id='word_1_477' title='bbox 723 2433 792 2456; x_wconf 93' lang='lat' dir='ltr'>om.</span> <span class='ocrx_word' id='word_1_478' title='bbox 813 2426 850 2457; x_wconf 91' lang='lat' dir='ltr'>C.</span> <span class='ocrx_word' id='word_1_479' title='bbox 873 2443 907 2448; x_wconf 87' lang='lat'>—</span> <span class='ocrx_word' id='word_1_480' title='bbox 934 2427 1000 2466; x_wconf 76' lang='lat' dir='ltr'>ipse</span> <span class='ocrx_word' id='word_1_481' title='bbox 1024 2435 1093 2458; x_wconf 90' lang='lat' dir='ltr'>om.</span> <span class='ocrx_word' id='word_1_482' title='bbox 1112 2427 1188 2465; x_wconf 70' lang='lat' dir='ltr'>l&gt;;;</span> <span class='ocrx_word' id='word_1_483' title='bbox 1214 2428 1280 2466; x_wconf 74' lang='lat' dir='ltr'>ipse</span> <span class='ocrx_word' id='word_1_484' title='bbox 1303 2430 1332 2458; x_wconf 88' lang='lat' dir='ltr'>le</span> <span class='ocrx_word' id='word_1_485' title='bbox 1355 2428 1414 2466; x_wconf 70' lang='lat' dir='ltr'>Lg.</span> <span class='ocrx_word' id='word_1_486' title='bbox 1434 2427 1465 2459; x_wconf 87' lang='lat'>3.</span> <span class='ocrx_word' id='word_1_487' title='bbox 1485 2428 1536 2458; x_wconf 81' lang='grc' dir='ltr'>Μ.</span> <span class='ocrx_word' id='word_1_488' title='bbox 1559 2445 1594 2449; x_wconf 96' lang='lat'>—-</span> <span class='ocrx_word' id='word_1_489' title='bbox 1621 2427 1718 2468; x_wconf 81' lang='lat' dir='ltr'>quod]</span> <span class='ocrx_word' id='word_1_490' title='bbox 1743 2427 1821 2466; x_wconf 75' lang='lat' dir='ltr'>quid</span> <span class='ocrx_word' id='word_1_491' title='bbox 1844 2427 1929 2465; x_wconf 83' lang='lat' dir='ltr'>quod</span> <span class='ocrx_word' id='word_1_492' title='bbox 1952 2427 2011 2463; x_wconf 85' lang='lat' dir='ltr'>tu,</span> 
     </span>
     <span class='ocr_line' id='line_1_36' title="bbox 256 2474 2014 2516; baseline -0.001 -9"><span class='ocrx_word' id='word_1_493' title='bbox 256 2476 314 2515; x_wconf 57' lang='grc' dir='ltr'>[ς.</span> <span class='ocrx_word' id='word_1_494' title='bbox 341 2475 371 2505; x_wconf 79' lang='grc'>4.</span> <span class='ocrx_word' id='word_1_495' title='bbox 398 2474 428 2505; x_wconf 93' lang='grc'>3.</span> <span class='ocrx_word' id='word_1_496' title='bbox 455 2475 514 2512; x_wconf 69' lang='lat'>20,</span> <span class='ocrx_word' id='word_1_497' title='bbox 540 2474 616 2505; x_wconf 92' lang='lat' dir='ltr'>LO.</span> <span class='ocrx_word' id='word_1_498' title='bbox 645 2492 680 2496; x_wconf 88' lang='lat'>——</span> <span class='ocrx_word' id='word_1_499' title='bbox 708 2475 759 2506; x_wconf 58' lang='lat'>1102.</span> <span class='ocrx_word' id='word_1_500' title='bbox 787 2475 830 2506; x_wconf 84' lang='lat' dir='ltr'>ad</span> <span class='ocrx_word' id='word_1_501' title='bbox 853 2484 870 2506; x_wconf 85' lang='lat' dir='ltr'>a</span> <span class='ocrx_word' id='word_1_502' title='bbox 897 2475 1010 2514; x_wconf 84' lang='lat' dir='ltr'>solus,</span> <span class='ocrx_word' id='word_1_503' title='bbox 1037 2478 1074 2508; x_wconf 94' lang='lat' dir='ltr'>ut</span> <span class='ocrx_word' id='word_1_504' title='bbox 1097 2476 1213 2508; x_wconf 86' lang='lat' dir='ltr'>locum</span> <span class='ocrx_word' id='word_1_505' title='bbox 1238 2477 1344 2508; x_wconf 84' lang='lat' dir='ltr'>citant</span> <span class='ocrx_word' id='word_1_506' title='bbox 1368 2477 1508 2508; x_wconf 66' lang='lat' dir='ltr'>Servius</span> <span class='ocrx_word' id='word_1_507' title='bbox 1532 2476 1576 2507; x_wconf 86' lang='lat' dir='ltr'>ad</span> <span class='ocrx_word' id='word_1_508' title='bbox 1593 2478 1678 2508; x_wconf 78' lang='lat' dir='ltr'>Aen.</span> <span class='ocrx_word' id='word_1_509' title='bbox 1698 2477 1722 2507; x_wconf 91' lang='grc' dir='ltr'>Ι.</span> <span class='ocrx_word' id='word_1_510' title='bbox 1741 2475 1802 2514; x_wconf 72' lang='lat'>⁶24,</span> <span class='ocrx_word' id='word_1_511' title='bbox 1828 2476 2014 2516; x_wconf 85' lang='lat' dir='ltr'>Pompeius</span> 
     </span>
     <span class='ocr_line' id='line_1_37' title="bbox 257 2523 2014 2567; baseline 0.001 -11"><span class='ocrx_word' id='word_1_512' title='bbox 257 2525 289 2556; x_wconf 85' lang='lat' dir='ltr'>in</span> <span class='ocrx_word' id='word_1_513' title='bbox 314 2525 510 2555; x_wconf 76' lang='lat' dir='ltr'>(Iommcnt.</span> <span class='ocrx_word' id='word_1_514' title='bbox 538 2532 571 2564; x_wconf 91' lang='lat' dir='ltr'>p.</span> <span class='ocrx_word' id='word_1_515' title='bbox 598 2523 671 2555; x_wconf 76' lang='lat'>396.</span> <span class='ocrx_word' id='word_1_516' title='bbox 698 2524 816 2563; x_wconf 86' lang='lat' dir='ltr'>Lind.,</span> <span class='ocrx_word' id='word_1_517' title='bbox 852 2524 1038 2557; x_wconf 74' lang='lat' dir='ltr'>cledonius</span> <span class='ocrx_word' id='word_1_518' title='bbox 1063 2535 1096 2567; x_wconf 89' lang='lat' dir='ltr'>p.</span> <span class='ocrx_word' id='word_1_519' title='bbox 1124 2526 1218 2558; x_wconf 70' lang='lat'>4934..</span> <span class='ocrx_word' id='word_1_520' title='bbox 1246 2526 1301 2558; x_wconf 91' lang='lat' dir='ltr'>ed.</span> <span class='ocrx_word' id='word_1_521' title='bbox 1328 2527 1489 2558; x_wconf 84' lang='lat' dir='ltr'>Putsch.:</span> <span class='ocrx_word' id='word_1_522' title='bbox 1522 2527 1611 2566; x_wconf 77' lang='lat' dir='ltr'>opud</span> <span class='ocrx_word' id='word_1_523' title='bbox 1635 2526 1747 2557; x_wconf 86' lang='lat' dir='ltr'>RLO.</span> <span class='ocrx_word' id='word_1_524' title='bbox 1781 2525 1830 2557; x_wconf 86' lang='lat' dir='ltr'>Cf.</span> <span class='ocrx_word' id='word_1_525' title='bbox 1856 2525 2014 2565; x_wconf 74' lang='lat' dir='ltr'>Madvigii</span> 
     </span>
     <span class='ocr_line' id='line_1_38' title="bbox 257 2572 2014 2616; baseline 0.001 -12"><span class='ocrx_word' id='word_1_526' title='bbox 257 2576 374 2614; x_wconf 71' lang='lat' dir='ltr'>opusc.</span> <span class='ocrx_word' id='word_1_527' title='bbox 401 2574 442 2604; x_wconf 86' lang='lat'>11.</span> <span class='ocrx_word' id='word_1_528' title='bbox 468 2581 502 2613; x_wconf 88' lang='lat' dir='ltr'>p.</span> <span class='ocrx_word' id='word_1_529' title='bbox 528 2572 602 2605; x_wconf 72' lang='lat'>334.</span> <span class='ocrx_word' id='word_1_530' title='bbox 630 2591 664 2595; x_wconf 89' lang='lat'><strong>—</strong></span> <span class='ocrx_word' id='word_1_531' title='bbox 695 2574 753 2605; x_wconf 83' lang='grc' dir='ltr'>Μ’.</span> <span class='ocrx_word' id='word_1_532' title='bbox 779 2575 972 2607; x_wconf 82' lang='lat' dir='ltr'>Manutius:</span> <span class='ocrx_word' id='word_1_533' title='bbox 1002 2577 1049 2608; x_wconf 84' lang='lat' dir='ltr'>M.</span> <span class='ocrx_word' id='word_1_534' title='bbox 1077 2576 1179 2607; x_wconf 87' lang='lat' dir='ltr'>codd.</span> <span class='ocrx_word' id='word_1_535' title='bbox 1205 2577 1242 2607; x_wconf 91' lang='lat' dir='ltr'>L.</span> <span class='ocrx_word' id='word_1_536' title='bbox 1271 2577 1333 2616; x_wconf 84' lang='lat' dir='ltr'>(M.</span> <span class='ocrx_word' id='word_1_537' title='bbox 1359 2576 1499 2608; x_wconf 80' lang='lat' dir='ltr'>Laecam</span> <span class='ocrx_word' id='word_1_538' title='bbox 1530 2576 1746 2616; x_wconf 79' lang='lat' dir='ltr'>grammatici</span> <span class='ocrx_word' id='word_1_539' title='bbox 1770 2584 1875 2616; x_wconf 90' lang='lat' dir='ltr'>supra</span> <span class='ocrx_word' id='word_1_540' title='bbox 1899 2574 2014 2614; x_wconf 82' lang='lat' dir='ltr'>allati.)</span> 
     </span>
     <span class='ocr_line' id='line_1_39' title="bbox 260 2622 2013 2664; baseline 0.001 -10"><span class='ocrx_word' id='word_1_541' title='bbox 260 2642 272 2645; x_wconf 29' lang='grc' dir='ltr'>-ν</span> <span class='ocrx_word' id='word_1_542' title='bbox 287 2642 295 2645; x_wconf 93' lang='grc'>-</span> <span class='ocrx_word' id='word_1_543' title='bbox 322 2627 351 2654; x_wconf 82' lang='grc' dir='ltr'>ιο</span> <span class='ocrx_word' id='word_1_544' title='bbox 372 2622 485 2654; x_wconf 78' lang='lat' dir='ltr'>haberi</span> <span class='ocrx_word' id='word_1_545' title='bbox 509 2632 550 2660; x_wconf 72' lang='grc' dir='ltr'>ος</span> <span class='ocrx_word' id='word_1_546' title='bbox 577 2627 606 2655; x_wconf 82' lang='lat' dir='ltr'>le</span> <span class='ocrx_word' id='word_1_547' title='bbox 627 2632 761 2656; x_wconf 80' lang='lat' dir='ltr'>manere</span> <span class='ocrx_word' id='word_1_548' title='bbox 777 2624 812 2655; x_wconf 87' lang='lat' dir='ltr'>b.</span> <span class='ocrx_word' id='word_1_549' title='bbox 833 2642 867 2646; x_wconf 92' lang='lat'><strong>—</strong></span> <span class='ocrx_word' id='word_1_550' title='bbox 894 2634 959 2656; x_wconf 70' lang='lat' dir='ltr'>non</span> <span class='ocrx_word' id='word_1_551' title='bbox 982 2635 1014 2657; x_wconf 84' lang='lat' dir='ltr'>es</span> <span class='ocrx_word' id='word_1_552' title='bbox 1035 2635 1100 2657; x_wconf 85' lang='lat' dir='ltr'>rec.</span> <span class='ocrx_word' id='word_1_553' title='bbox 1120 2636 1150 2657; x_wconf 83' lang='lat' dir='ltr'>c.</span> <span class='ocrx_word' id='word_1_554' title='bbox 1173 2644 1207 2649; x_wconf 88' lang='lat'><em>-</em></span> <span class='ocrx_word' id='word_1_555' title='bbox 1236 2626 1287 2658; x_wconf 78' lang='grc'>43.</span> <span class='ocrx_word' id='word_1_556' title='bbox 1312 2630 1348 2657; x_wconf 78' lang='lat' dir='ltr'>ut</span> <span class='ocrx_word' id='word_1_557' title='bbox 1372 2635 1441 2658; x_wconf 90' lang='lat' dir='ltr'>om.</span> <span class='ocrx_word' id='word_1_558' title='bbox 1459 2627 1483 2657; x_wconf 89' lang='lat' dir='ltr'>B</span> <span class='ocrx_word' id='word_1_559' title='bbox 1498 2627 1568 2657; x_wconf 93' lang='lat' dir='ltr'>Vo.</span> <span class='ocrx_word' id='word_1_560' title='bbox 1590 2643 1624 2647; x_wconf 87' lang='lat'><em>-</em></span> <span class='ocrx_word' id='word_1_561' title='bbox 1651 2625 1762 2656; x_wconf 82' lang='lat' dir='ltr'>domui</span> <span class='ocrx_word' id='word_1_562' title='bbox 1783 2624 1793 2656; x_wconf 97' lang='lat' dir='ltr'>l</span> <span class='ocrx_word' id='word_1_563' title='bbox 1818 2626 1852 2656; x_wconf 81' lang='lat' dir='ltr'>et</span> <span class='ocrx_word' id='word_1_564' title='bbox 1875 2624 1894 2656; x_wconf 91' lang='lat'><strong>3</strong></span> <span class='ocrx_word' id='word_1_565' title='bbox 1911 2626 2013 2664; x_wconf 52' lang='grc' dir='ltr'>ἰήιε-ης.</span> 
     </span>
     <span class='ocr_line' id='line_1_40' title="bbox 262 2672 2014 2716; baseline 0.002 -14"><span class='ocrx_word' id='word_1_566' title='bbox 262 2691 296 2696; x_wconf 92' lang='grc'><strong>-</strong></span> <span class='ocrx_word' id='word_1_567' title='bbox 323 2676 352 2703; x_wconf 83' lang='lat' dir='ltr'>te</span> <span class='ocrx_word' id='word_1_568' title='bbox 375 2672 462 2703; x_wconf 83' lang='lat' dir='ltr'>domi</span> <span class='ocrx_word' id='word_1_569' title='bbox 483 2681 575 2703; x_wconf 83' lang='lat' dir='ltr'>meae</span> <span class='ocrx_word' id='word_1_570' title='bbox 598 2681 672 2712; x_wconf 81' lang='lat' dir='ltr'>yz;</span> <span class='ocrx_word' id='word_1_571' title='bbox 698 2676 727 2704; x_wconf 84' lang='lat' dir='ltr'>te</span> <span class='ocrx_word' id='word_1_572' title='bbox 750 2682 820 2705; x_wconf 86' lang='lat' dir='ltr'>om.</span> <span class='ocrx_word' id='word_1_573' title='bbox 841 2683 872 2705; x_wconf 85' lang='lat' dir='ltr'>e.</span> <span class='ocrx_word' id='word_1_574' title='bbox 894 2692 929 2696; x_wconf 92' lang='lat'>—</span> <span class='ocrx_word' id='word_1_575' title='bbox 957 2675 1008 2707; x_wconf 68' lang='lat'>44.</span> <span class='ocrx_word' id='word_1_576' title='bbox 1033 2676 1067 2706; x_wconf 84' lang='lat' dir='ltr'>id</span> <span class='ocrx_word' id='word_1_577' title='bbox 1089 2676 1290 2716; x_wconf 77' lang='lat' dir='ltr'>responsum]</span> <span class='ocrx_word' id='word_1_578' title='bbox 1315 2676 1364 2707; x_wconf 81' lang='lat' dir='ltr'>sic</span> <span class='ocrx_word' id='word_1_579' title='bbox 1389 2676 1457 2707; x_wconf 89' lang='lat' dir='ltr'>mei</span> <span class='ocrx_word' id='word_1_580' title='bbox 1482 2677 1517 2707; x_wconf 87' lang='lat' dir='ltr'>et</span> <span class='ocrx_word' id='word_1_581' title='bbox 1540 2676 1640 2715; x_wconf 76' lang='lat' dir='ltr'>Lagg.</span> <span class='ocrx_word' id='word_1_582' title='bbox 1659 2682 1783 2706; x_wconf 90' lang='lat' dir='ltr'>omnes</span> <span class='ocrx_word' id='word_1_583' title='bbox 1806 2674 1879 2713; x_wconf 87' lang='lat' dir='ltr'>(scd</span> <span class='ocrx_word' id='word_1_584' title='bbox 1895 2682 1915 2705; x_wconf 95' lang='lat' dir='ltr'>o</span> <span class='ocrx_word' id='word_1_585' title='bbox 1931 2674 2014 2713; x_wconf 81' lang='lat' dir='ltr'>lzoe):</span> 
     </span>
     <span class='ocr_line' id='line_1_41' title="bbox 258 2722 2014 2766; baseline 0.001 -13"><span class='ocrx_word' id='word_1_586' title='bbox 258 2723 292 2753; x_wconf 81' lang='lat' dir='ltr'>id</span> <span class='ocrx_word' id='word_1_587' title='bbox 326 2722 471 2762; x_wconf 78' lang='lat' dir='ltr'>responsi</span> <span class='ocrx_word' id='word_1_588' title='bbox 504 2723 678 2760; x_wconf 84' lang='lat' dir='ltr'>Muretus,</span> <span class='ocrx_word' id='word_1_589' title='bbox 717 2724 754 2754; x_wconf 83' lang='lat' dir='ltr'>ut</span> <span class='ocrx_word' id='word_1_590' title='bbox 784 2724 830 2754; x_wconf 87' lang='lat' dir='ltr'>ait</span> <span class='ocrx_word' id='word_1_591' title='bbox 862 2733 903 2755; x_wconf 79' lang='lat' dir='ltr'>cx</span> <span class='ocrx_word' id='word_1_592' title='bbox 926 2727 1009 2757; x_wconf 82' lang='lat' dir='ltr'>vett.</span> <span class='ocrx_word' id='word_1_593' title='bbox 1035 2725 1131 2757; x_wconf 88' lang='lat' dir='ltr'>libris</span> <span class='ocrx_word' id='word_1_594' title='bbox 1156 2725 1395 2766; x_wconf 83' lang='lat' dir='ltr'>(codicibusnc</span> <span class='ocrx_word' id='word_1_595' title='bbox 1419 2734 1461 2756; x_wconf 86' lang='lat' dir='ltr'>an</span> <span class='ocrx_word' id='word_1_596' title='bbox 1486 2724 1695 2756; x_wconf 81' lang='lat' dir='ltr'>editionibus</span> <span class='ocrx_word' id='word_1_597' title='bbox 1707 2725 1752 2763; x_wconf 63' lang='lat'>57),</span> <span class='ocrx_word' id='word_1_598' title='bbox 1788 2725 1823 2755; x_wconf 85' lang='lat' dir='ltr'>et</span> <span class='ocrx_word' id='word_1_599' title='bbox 1846 2723 1902 2755; x_wconf 86' lang='lat' dir='ltr'>ed.</span> <span class='ocrx_word' id='word_1_600' title='bbox 1928 2724 2014 2755; x_wconf 86' lang='lat' dir='ltr'>Ven.</span> 
     </span>
     <span class='ocr_line' id='line_1_42' title="bbox 261 2771 2016 2815; baseline 0.001 -12"><span class='ocrx_word' id='word_1_601' title='bbox 261 2771 370 2811; x_wconf 56' lang='lat'>4472„</span> <span class='ocrx_word' id='word_1_602' title='bbox 397 2780 504 2812; x_wconf 86' lang='lat' dir='ltr'>quam</span> <span class='ocrx_word' id='word_1_603' title='bbox 529 2772 603 2812; x_wconf 88' lang='lat' dir='ltr'>ipsc</span> <span class='ocrx_word' id='word_1_604' title='bbox 627 2772 773 2813; x_wconf 71' lang='lat' dir='ltr'>inspexi.</span> <span class='ocrx_word' id='word_1_605' title='bbox 802 2774 861 2813; x_wconf 88' lang='lat' dir='ltr'>(De</span> <span class='ocrx_word' id='word_1_606' title='bbox 887 2775 964 2806; x_wconf 80' lang='lat' dir='ltr'>cod.</span> <span class='ocrx_word' id='word_1_607' title='bbox 990 2776 1182 2807; x_wconf 84' lang='lat' dir='ltr'>Barberino</span> <span class='ocrx_word' id='word_1_608' title='bbox 1207 2777 1299 2808; x_wconf 86' lang='lat' dir='ltr'>errat</span> <span class='ocrx_word' id='word_1_609' title='bbox 1321 2774 1434 2806; x_wconf 78' lang='lat' dir='ltr'>Madv.</span> <span class='ocrx_word' id='word_1_610' title='bbox 1459 2775 1493 2805; x_wconf 90' lang='lat' dir='ltr'>in</span> <span class='ocrx_word' id='word_1_611' title='bbox 1517 2774 1642 2815; x_wconf 84' lang='lat' dir='ltr'>Opusc.</span> <span class='ocrx_word' id='word_1_612' title='bbox 1667 2775 1692 2805; x_wconf 97' lang='lat' dir='ltr'>I.</span> <span class='ocrx_word' id='word_1_613' title='bbox 1718 2782 1752 2815; x_wconf 89' lang='lat' dir='ltr'>p.</span> <span class='ocrx_word' id='word_1_614' title='bbox 1778 2773 1865 2813; x_wconf 70' lang='lat'>542.)</span> <span class='ocrx_word' id='word_1_615' title='bbox 1912 2773 2016 2804; x_wconf 89' lang='lat' dir='ltr'>Codi—</span> 
     </span>
     <span class='ocr_line' id='line_1_43' title="bbox 259 2821 2016 2865; baseline 0.002 -13"><span class='ocrx_word' id='word_1_616' title='bbox 259 2831 356 2860; x_wconf 71' lang='lat' dir='ltr'>cem,</span> <span class='ocrx_word' id='word_1_617' title='bbox 383 2830 490 2862; x_wconf 89' lang='lat' dir='ltr'>quem</span> <span class='ocrx_word' id='word_1_618' title='bbox 514 2821 634 2854; x_wconf 84' lang='lat' dir='ltr'>Lamb.</span> <span class='ocrx_word' id='word_1_619' title='bbox 662 2823 695 2854; x_wconf 88' lang='lat' dir='ltr'>in</span> <span class='ocrx_word' id='word_1_620' title='bbox 720 2832 828 2864; x_wconf 76' lang='lat' dir='ltr'>marg.</span> <span class='ocrx_word' id='word_1_621' title='bbox 856 2824 935 2856; x_wconf 89' lang='lat' dir='ltr'>edd.</span> <span class='ocrx_word' id='word_1_622' title='bbox 961 2826 1098 2865; x_wconf 83' lang='lat' dir='ltr'>repetit.</span> <span class='ocrx_word' id='word_1_623' title='bbox 1134 2826 1169 2856; x_wconf 81' lang='lat' dir='ltr'>id</span> <span class='ocrx_word' id='word_1_624' title='bbox 1190 2825 1335 2865; x_wconf 77' lang='lat' dir='ltr'>responsi</span> <span class='ocrx_word' id='word_1_625' title='bbox 1358 2823 1489 2855; x_wconf 82' lang='lat' dir='ltr'>habere</span> <span class='ocrx_word' id='word_1_626' title='bbox 1513 2823 1611 2861; x_wconf 79' lang='lat' dir='ltr'>dicit,</span> <span class='ocrx_word' id='word_1_627' title='bbox 1645 2823 1798 2855; x_wconf 82' lang='lat' dir='ltr'>cundem</span> <span class='ocrx_word' id='word_1_628' title='bbox 1822 2822 1918 2855; x_wconf 85' lang='lat' dir='ltr'>illum</span> <span class='ocrx_word' id='word_1_629' title='bbox 1939 2825 2016 2856; x_wconf 86' lang='lat' dir='ltr'>Mu-</span> 
     </span>
     <span class='ocr_line' id='line_1_44' title="bbox 259 2872 2013 2915; baseline 0 -11"><span class='ocrx_word' id='word_1_630' title='bbox 259 2873 324 2904; x_wconf 82' lang='lat' dir='ltr'>reti</span> <span class='ocrx_word' id='word_1_631' title='bbox 349 2879 427 2903; x_wconf 87' lang='lat' dir='ltr'>esse</span> <span class='ocrx_word' id='word_1_632' title='bbox 454 2872 632 2910; x_wconf 79' lang='lat' dir='ltr'>existimo,</span> <span class='ocrx_word' id='word_1_633' title='bbox 658 2874 697 2904; x_wconf 85' lang='lat' dir='ltr'>ut</span> <span class='ocrx_word' id='word_1_634' title='bbox 720 2874 892 2905; x_wconf 86' lang='lat' dir='ltr'>coniicere</span> <span class='ocrx_word' id='word_1_635' title='bbox 917 2873 997 2905; x_wconf 81' lang='lat' dir='ltr'>licet</span> <span class='ocrx_word' id='word_1_636' title='bbox 1020 2884 1062 2906; x_wconf 82' lang='lat' dir='ltr'>cx</span> <span class='ocrx_word' id='word_1_637' title='bbox 1086 2875 1144 2913; x_wconf 90' lang='lat' dir='ltr'>iis,</span> <span class='ocrx_word' id='word_1_638' title='bbox 1171 2884 1261 2915; x_wconf 85' lang='lat' dir='ltr'>quae</span> <span class='ocrx_word' id='word_1_639' title='bbox 1285 2873 1406 2906; x_wconf 87' lang='lat' dir='ltr'>Lamb.</span> <span class='ocrx_word' id='word_1_640' title='bbox 1428 2873 1604 2904; x_wconf 65' lang='lat' dir='ltr'>adnotavit</span> <span class='ocrx_word' id='word_1_641' title='bbox 1627 2873 1735 2905; x_wconf 89' lang='lat' dir='ltr'>ador.</span> <span class='ocrx_word' id='word_1_642' title='bbox 1753 2873 1892 2905; x_wconf 86' lang='lat' dir='ltr'>Catil.1.</span> <span class='ocrx_word' id='word_1_643' title='bbox 1912 2873 1942 2911; x_wconf 86' lang='grc'><strong>6,</strong></span> <span class='ocrx_word' id='word_1_644' title='bbox 1961 2874 2013 2904; x_wconf 74' lang='grc'>45.</span> 
     </span>
     <span class='ocr_line' id='line_1_45' title="bbox 257 2920 2013 2964; baseline -0.002 -8"><span class='ocrx_word' id='word_1_645' title='bbox 257 2924 344 2956; x_wconf 85' lang='lat' dir='ltr'>llinc</span> <span class='ocrx_word' id='word_1_646' title='bbox 362 2920 545 2953; x_wconf 80' lang='lat' dir='ltr'>conficitur</span> <span class='ocrx_word' id='word_1_647' title='bbox 562 2923 805 2954; x_wconf 78' lang='lat' dir='ltr'>auctoritatem</span> <span class='ocrx_word' id='word_1_648' title='bbox 821 2922 978 2955; x_wconf 78' lang='lat' dir='ltr'>lectionis</span> <span class='ocrx_word' id='word_1_649' title='bbox 993 2924 1149 2963; x_wconf 76' lang='lat' dir='ltr'>responsi,</span> <span class='ocrx_word' id='word_1_650' title='bbox 1177 2932 1283 2964; x_wconf 81' lang='lat' dir='ltr'>quam</span> <span class='ocrx_word' id='word_1_651' title='bbox 1302 2924 1406 2956; x_wconf 86' lang='lat' dir='ltr'>etiam</span> <span class='ocrx_word' id='word_1_652' title='bbox 1423 2922 1615 2962; x_wconf 70' lang='lat' dir='ltr'>Madvigius</span> <span class='ocrx_word' id='word_1_653' title='bbox 1634 2924 1676 2961; x_wconf 84' lang='lat' dir='ltr'>(v.</span> <span class='ocrx_word' id='word_1_654' title='bbox 1697 2924 1812 2963; x_wconf 81' lang='lat' dir='ltr'>Opusc.</span> <span class='ocrx_word' id='word_1_655' title='bbox 1830 2923 1854 2954; x_wconf 93' lang='lat' dir='ltr'>I.</span> <span class='ocrx_word' id='word_1_656' title='bbox 1872 2931 1907 2963; x_wconf 92' lang='lat' dir='ltr'>p.</span> <span class='ocrx_word' id='word_1_657' title='bbox 1925 2923 2013 2962; x_wconf 73' lang='lat'>54¹2.)</span> 
     </span>
     <span class='ocr_line' id='line_1_46' title="bbox 262 2970 2012 3013; baseline -0.001 -9"><span class='ocrx_word' id='word_1_658' title='bbox 262 2971 445 3013; x_wconf 75' lang='lat' dir='ltr'>amplexus</span> <span class='ocrx_word' id='word_1_659' title='bbox 471 2972 542 3009; x_wconf 79' lang='lat' dir='ltr'>est,</span> <span class='ocrx_word' id='word_1_660' title='bbox 569 2970 641 3003; x_wconf 82' lang='lat' dir='ltr'>sere</span> <span class='ocrx_word' id='word_1_661' title='bbox 666 2971 795 3004; x_wconf 90' lang='lat' dir='ltr'>nullam</span> <span class='ocrx_word' id='word_1_662' title='bbox 820 2982 909 3005; x_wconf 86' lang='lat' dir='ltr'>csse.</span> <span class='ocrx_word' id='word_1_663' title='bbox 931 2992 966 2996; x_wconf 89' lang='lat'>—</span> <span class='ocrx_word' id='word_1_664' title='bbox 991 2974 1080 3005; x_wconf 71' lang='lat' dir='ltr'>nullo</span> <span class='ocrx_word' id='word_1_665' title='bbox 1102 2974 1197 3005; x_wconf 84' lang='lat' dir='ltr'>modo</span> <span class='ocrx_word' id='word_1_666' title='bbox 1220 2982 1271 3005; x_wconf 81' lang='lat' dir='ltr'>me</span> <span class='ocrx_word' id='word_1_667' title='bbox 1294 2983 1332 3011; x_wconf 66' lang='lat' dir='ltr'>e,</span> <span class='ocrx_word' id='word_1_668' title='bbox 1356 2981 1407 3004; x_wconf 84' lang='lat' dir='ltr'>me</span> <span class='ocrx_word' id='word_1_669' title='bbox 1430 2981 1499 3003; x_wconf 88' lang='lat' dir='ltr'>om.</span> <span class='ocrx_word' id='word_1_670' title='bbox 1519 2981 1550 3003; x_wconf 95' lang='lat' dir='ltr'>o.</span> <span class='ocrx_word' id='word_1_671' title='bbox 1572 2989 1606 2994; x_wconf 86' lang='lat'><em>-</em></span> <span class='ocrx_word' id='word_1_672' title='bbox 1632 2973 1733 3004; x_wconf 85' lang='lat' dir='ltr'>isdem</span> <span class='ocrx_word' id='word_1_673' title='bbox 1757 2973 1815 3013; x_wconf 82' lang='lat' dir='ltr'>gi:</span> <span class='ocrx_word' id='word_1_674' title='bbox 1841 2973 1958 3004; x_wconf 84' lang='lat' dir='ltr'>eisdem</span> <span class='ocrx_word' id='word_1_675' title='bbox 1974 2982 2012 3011; x_wconf 84' lang='lat' dir='ltr'>o;</span> 
     </span>
     <span class='ocr_line' id='line_1_47' title="bbox 258 3019 2011 3062; baseline 0 -9"><span class='ocrx_word' id='word_1_676' title='bbox 258 3023 379 3054; x_wconf 81' lang='lat' dir='ltr'>hisdem</span> <span class='ocrx_word' id='word_1_677' title='bbox 402 3019 478 3052; x_wconf 90' lang='lat' dir='ltr'>rcll.</span> <span class='ocrx_word' id='word_1_678' title='bbox 503 3021 591 3058; x_wconf 65' lang='lat' dir='ltr'>mei,</span> <span class='ocrx_word' id='word_1_679' title='bbox 618 3022 731 3053; x_wconf 82' lang='lat' dir='ltr'>iisdem</span> <span class='ocrx_word' id='word_1_680' title='bbox 747 3024 783 3054; x_wconf 95' lang='grc' dir='ltr'>Ο.</span> <span class='ocrx_word' id='word_1_681' title='bbox 805 3041 839 3045; x_wconf 92' lang='grc'><strong>-</strong></span> <span class='ocrx_word' id='word_1_682' title='bbox 868 3024 919 3055; x_wconf 70' lang='lat'>⁴5.</span> <span class='ocrx_word' id='word_1_683' title='bbox 945 3026 1051 3055; x_wconf 76' lang='lat' dir='ltr'>tulum</span> <span class='ocrx_word' id='word_1_684' title='bbox 1073 3025 1139 3055; x_wconf 81' lang='lat' dir='ltr'>Vt.</span> <span class='ocrx_word' id='word_1_685' title='bbox 1162 3041 1197 3045; x_wconf 80' lang='lat'>—</span> <span class='ocrx_word' id='word_1_686' title='bbox 1223 3027 1326 3055; x_wconf 84' lang='lat' dir='ltr'>tecum</span> <span class='ocrx_word' id='word_1_687' title='bbox 1349 3030 1413 3053; x_wconf 82' lang='lat' dir='ltr'>esse</span> <span class='ocrx_word' id='word_1_688' title='bbox 1438 3024 1460 3052; x_wconf 89' lang='lat' dir='ltr'>t.</span> <span class='ocrx_word' id='word_1_689' title='bbox 1480 3038 1516 3043; x_wconf 88' lang='lat'><em>-</em></span> <span class='ocrx_word' id='word_1_690' title='bbox 1541 3022 1641 3053; x_wconf 79' lang='lat' dir='ltr'>isdem</span> <span class='ocrx_word' id='word_1_691' title='bbox 1664 3022 1686 3053; x_wconf 86' lang='lat' dir='ltr'>b</span> <span class='ocrx_word' id='word_1_692' title='bbox 1701 3031 1768 3062; x_wconf 80' lang='lat' dir='ltr'>eg:</span> <span class='ocrx_word' id='word_1_693' title='bbox 1794 3022 1906 3053; x_wconf 84' lang='lat' dir='ltr'>iisdem</span> <span class='ocrx_word' id='word_1_694' title='bbox 1921 3022 1958 3053; x_wconf 91' lang='grc' dir='ltr'>Ο.</span> <span class='ocrx_word' id='word_1_695' title='bbox 1976 3040 2011 3044; x_wconf 89' lang='grc'>-</span> 
     </span>
     <span class='ocr_line' id='line_1_48' title="bbox 260 3070 2011 3114; baseline -0.001 -10"><span class='ocrx_word' id='word_1_696' title='bbox 260 3074 311 3104; x_wconf 87' lang='grc'><strong>-16,</strong></span> <span class='ocrx_word' id='word_1_697' title='bbox 331 3071 535 3103; x_wconf 73' lang='lat' dir='ltr'>continemur</span> <span class='ocrx_word' id='word_1_698' title='bbox 559 3070 580 3100; x_wconf 93' lang='lat' dir='ltr'>i.</span> <span class='ocrx_word' id='word_1_699' title='bbox 603 3088 637 3092; x_wconf 91' lang='lat'>—</span> <span class='ocrx_word' id='word_1_700' title='bbox 661 3076 768 3111; x_wconf 73' lang='lat' dir='ltr'>praet.</span> <span class='ocrx_word' id='word_1_701' title='bbox 792 3073 917 3112; x_wconf 79' lang='lat' dir='ltr'>venisti]</span> <span class='ocrx_word' id='word_1_702' title='bbox 939 3074 1116 3112; x_wconf 67' lang='lat' dir='ltr'>pervenisti</span> <span class='ocrx_word' id='word_1_703' title='bbox 1139 3083 1155 3104; x_wconf 85' lang='lat' dir='ltr'>a</span> <span class='ocrx_word' id='word_1_704' title='bbox 1171 3082 1212 3114; x_wconf 85' lang='lat' dir='ltr'>q;</span> <span class='ocrx_word' id='word_1_705' title='bbox 1234 3076 1348 3113; x_wconf 75' lang='lat' dir='ltr'>postea</span> <span class='ocrx_word' id='word_1_706' title='bbox 1370 3072 1485 3103; x_wconf 74' lang='lat' dir='ltr'>venisti</span> <span class='ocrx_word' id='word_1_707' title='bbox 1508 3080 1531 3111; x_wconf 77' lang='lat' dir='ltr'>y</span> <span class='ocrx_word' id='word_1_708' title='bbox 1545 3080 1580 3112; x_wconf 64' lang='grc' dir='ltr'>κς</span> <span class='ocrx_word' id='word_1_709' title='bbox 1605 3072 1771 3103; x_wconf 76' lang='lat' dir='ltr'>tribunum</span> <span class='ocrx_word' id='word_1_710' title='bbox 1782 3071 1830 3111; x_wconf 80' lang='lat' dir='ltr'>pl.</span> <span class='ocrx_word' id='word_1_711' title='bbox 1846 3071 1961 3103; x_wconf 76' lang='lat' dir='ltr'>venisti</span> <span class='ocrx_word' id='word_1_712' title='bbox 1977 3071 2011 3103; x_wconf 89' lang='lat' dir='ltr'>d.</span> 
     </span>
     <span class='ocr_line' id='line_1_49' title="bbox 261 3119 2013 3161; baseline -0.001 -8"><span class='ocrx_word' id='word_1_713' title='bbox 261 3141 295 3144; x_wconf 67' lang='lat'><em>—</em></span> <span class='ocrx_word' id='word_1_714' title='bbox 322 3131 344 3153; x_wconf 86' lang='grc' dir='ltr'><em>α</em></span> <span class='ocrx_word' id='word_1_715' title='bbox 367 3130 430 3160; x_wconf 79' lang='lat' dir='ltr'>quo</span> <span class='ocrx_word' id='word_1_716' title='bbox 446 3136 494 3142; x_wconf 93' lang='lat'>--</span> <span class='ocrx_word' id='word_1_717' title='bbox 511 3119 702 3160; x_wconf 70' lang='lat' dir='ltr'>demiyrasli</span> <span class='ocrx_word' id='word_1_718' title='bbox 727 3121 953 3159; x_wconf 86' lang='lat' dir='ltr'>Quintilianus</span> <span class='ocrx_word' id='word_1_719' title='bbox 978 3123 1030 3153; x_wconf 81' lang='lat' dir='ltr'>IX.</span> <span class='ocrx_word' id='word_1_720' title='bbox 1056 3124 1093 3161; x_wconf 69' lang='lat'>2,</span> <span class='ocrx_word' id='word_1_721' title='bbox 1119 3122 1172 3154; x_wconf 65' lang='lat'>45.</span> <span class='ocrx_word' id='word_1_722' title='bbox 1201 3141 1236 3144; x_wconf 97' lang='lat'><strong>—</strong></span> <span class='ocrx_word' id='word_1_723' title='bbox 1263 3122 1314 3154; x_wconf 72' lang='lat'>47.</span> <span class='ocrx_word' id='word_1_724' title='bbox 1340 3121 1449 3152; x_wconf 73' lang='lat' dir='ltr'>virum</span> <span class='ocrx_word' id='word_1_725' title='bbox 1472 3124 1564 3152; x_wconf 74' lang='lat' dir='ltr'>laum</span> <span class='ocrx_word' id='word_1_726' title='bbox 1587 3123 1610 3153; x_wconf 88' lang='lat' dir='ltr'>t.</span> <span class='ocrx_word' id='word_1_727' title='bbox 1639 3139 1674 3144; x_wconf 90' lang='lat'><em>-</em></span> <span class='ocrx_word' id='word_1_728' title='bbox 1708 3122 1760 3153; x_wconf 68' lang='lat'>⁴7.</span> <span class='ocrx_word' id='word_1_729' title='bbox 1785 3121 1832 3152; x_wconf 88' lang='lat' dir='ltr'>M.</span> <span class='ocrx_word' id='word_1_730' title='bbox 1859 3129 1929 3152; x_wconf 90' lang='lat' dir='ltr'>om.</span> <span class='ocrx_word' id='word_1_731' title='bbox 1956 3122 2013 3152; x_wconf 86' lang='lat' dir='ltr'>Ca</span> 
     </span>
     <span class='ocr_line' id='line_1_50' title="bbox 259 3167 2012 3211; baseline -0.001 -8"><span class='ocrx_word' id='word_1_732' title='bbox 259 3182 277 3203; x_wconf 87' lang='lat' dir='ltr'>c</span> <span class='ocrx_word' id='word_1_733' title='bbox 290 3180 312 3211; x_wconf 80' lang='lat' dir='ltr'>y</span> <span class='ocrx_word' id='word_1_734' title='bbox 325 3180 354 3202; x_wconf 85' lang='lat' dir='ltr'>z.</span> <span class='ocrx_word' id='word_1_735' title='bbox 374 3187 409 3191; x_wconf 84' lang='lat'>—</span> <span class='ocrx_word' id='word_1_736' title='bbox 429 3167 593 3199; x_wconf 81' lang='lat' dir='ltr'>Metellum</span> <span class='ocrx_word' id='word_1_737' title='bbox 616 3178 670 3210; x_wconf 85' lang='lat' dir='ltr'>ap</span> <span class='ocrx_word' id='word_1_738' title='bbox 694 3171 753 3211; x_wconf 79' lang='lat' dir='ltr'>Lg.</span> <span class='ocrx_word' id='word_1_739' title='bbox 772 3172 812 3202; x_wconf 63' lang='lat'>‘20</span> <span class='ocrx_word' id='word_1_740' title='bbox 837 3172 871 3203; x_wconf 81' lang='lat' dir='ltr'>et</span> <span class='ocrx_word' id='word_1_741' title='bbox 895 3171 996 3203; x_wconf 89' lang='lat' dir='ltr'>codd.</span> <span class='ocrx_word' id='word_1_742' title='bbox 1017 3172 1229 3210; x_wconf 85' lang='lat' dir='ltr'>Quintiliani:</span> <span class='ocrx_word' id='word_1_743' title='bbox 1254 3171 1445 3204; x_wconf 78' lang='lat' dir='ltr'>Marcellum</span> <span class='ocrx_word' id='word_1_744' title='bbox 1465 3172 1487 3202; x_wconf 79' lang='lat' dir='ltr'>R</span> <span class='ocrx_word' id='word_1_745' title='bbox 1504 3172 1526 3202; x_wconf 94' lang='lat' dir='ltr'>L</span> <span class='ocrx_word' id='word_1_746' title='bbox 1539 3172 1577 3202; x_wconf 93' lang='lat' dir='ltr'>O.</span> <span class='ocrx_word' id='word_1_747' title='bbox 1604 3172 1654 3203; x_wconf 83' lang='lat' dir='ltr'>Cf.</span> <span class='ocrx_word' id='word_1_748' title='bbox 1673 3170 1753 3202; x_wconf 86' lang='lat' dir='ltr'>adn.</span> <span class='ocrx_word' id='word_1_749' title='bbox 1771 3178 1888 3201; x_wconf 86' lang='lat' dir='ltr'>meam</span> <span class='ocrx_word' id='word_1_750' title='bbox 1905 3171 1939 3202; x_wconf 91' lang='lat' dir='ltr'>in</span> <span class='ocrx_word' id='word_1_751' title='bbox 1956 3170 2012 3201; x_wconf 78' lang='lat' dir='ltr'>cd.</span> 
     </span>
     <span class='ocr_line' id='line_1_51' title="bbox 261 3218 2014 3262; baseline -0.001 -10"><span class='ocrx_word' id='word_1_752' title='bbox 261 3222 348 3261; x_wconf 87' lang='lat' dir='ltr'>Lips.</span> <span class='ocrx_word' id='word_1_753' title='bbox 378 3236 412 3240; x_wconf 84' lang='lat'>——</span> <span class='ocrx_word' id='word_1_754' title='bbox 443 3218 494 3249; x_wconf 83' lang='grc'>18.</span> <span class='ocrx_word' id='word_1_755' title='bbox 521 3219 551 3248; x_wconf 78' lang='lat' dir='ltr'>et</span> <span class='ocrx_word' id='word_1_756' title='bbox 575 3226 644 3250; x_wconf 88' lang='lat' dir='ltr'>om.</span> <span class='ocrx_word' id='word_1_757' title='bbox 671 3228 732 3259; x_wconf 82' lang='lat' dir='ltr'>gr.</span> <span class='ocrx_word' id='word_1_758' title='bbox 759 3238 794 3243; x_wconf 88' lang='lat'>—-</span> <span class='ocrx_word' id='word_1_759' title='bbox 822 3224 852 3253; x_wconf 80' lang='lat' dir='ltr'>{e</span> <span class='ocrx_word' id='word_1_760' title='bbox 875 3230 944 3252; x_wconf 87' lang='lat'>0111.</span> <span class='ocrx_word' id='word_1_761' title='bbox 972 3223 1087 3261; x_wconf 77' lang='lat' dir='ltr'>BCa,</span> <span class='ocrx_word' id='word_1_762' title='bbox 1114 3223 1173 3262; x_wconf 75' lang='lat' dir='ltr'>Lg.</span> <span class='ocrx_word' id='word_1_763' title='bbox 1199 3222 1250 3252; x_wconf 74' lang='lat'>50.</span> <span class='ocrx_word' id='word_1_764' title='bbox 1276 3220 1329 3252; x_wconf 83' lang='lat'>53.</span> <span class='ocrx_word' id='word_1_765' title='bbox 1356 3220 1408 3252; x_wconf 75' lang='lat'>57.</span> <span class='ocrx_word' id='word_1_766' title='bbox 1437 3220 1645 3261; x_wconf 73' lang='lat' dir='ltr'>(et--dz&#39;li9.</span> <span class='ocrx_word' id='word_1_767' title='bbox 1671 3228 1740 3251; x_wconf 87' lang='lat' dir='ltr'>om.</span> <span class='ocrx_word' id='word_1_768' title='bbox 1767 3220 1813 3259; x_wconf 76' lang='grc' dir='ltr'>ο.)</span> <span class='ocrx_word' id='word_1_769' title='bbox 1834 3238 1868 3242; x_wconf 84' lang='lat'>-—</span> <span class='ocrx_word' id='word_1_770' title='bbox 1896 3221 1940 3251; x_wconf 85' lang='lat' dir='ltr'>ad</span> <span class='ocrx_word' id='word_1_771' title='bbox 1961 3228 2014 3250; x_wconf 88' lang='lat' dir='ltr'>su-</span> 
     </span>
     <span class='ocr_line' id='line_1_52' title="bbox 256 3267 2015 3311; baseline -0.001 -10"><span class='ocrx_word' id='word_1_772' title='bbox 256 3269 446 3310; x_wconf 58' lang='lat' dir='ltr'>pla-unclwn</span> <span class='ocrx_word' id='word_1_773' title='bbox 469 3267 497 3298; x_wconf 90' lang='lat' dir='ltr'>V</span> <span class='ocrx_word' id='word_1_774' title='bbox 512 3275 611 3308; x_wconf 72' lang='lat' dir='ltr'>oxy.</span> <span class='ocrx_word' id='word_1_775' title='bbox 632 3286 667 3290; x_wconf 86' lang='lat'>-—</span> <span class='ocrx_word' id='word_1_776' title='bbox 695 3271 746 3302; x_wconf 57' lang='lat'>119.</span> <span class='ocrx_word' id='word_1_777' title='bbox 774 3271 985 3302; x_wconf 67' lang='lat' dir='ltr'>iudicandum</span> <span class='ocrx_word' id='word_1_778' title='bbox 1009 3280 1026 3302; x_wconf 88' lang='lat' dir='ltr'>e</span> <span class='ocrx_word' id='word_1_779' title='bbox 1041 3280 1069 3302; x_wconf 92' lang='lat' dir='ltr'>r.</span> <span class='ocrx_word' id='word_1_780' title='bbox 1091 3289 1126 3293; x_wconf 98' lang='lat'><strong>—</strong></span> <span class='ocrx_word' id='word_1_781' title='bbox 1150 3271 1231 3311; x_wconf 81' lang='lat' dir='ltr'>fore]</span> <span class='ocrx_word' id='word_1_782' title='bbox 1257 3278 1321 3301; x_wconf 78' lang='lat' dir='ltr'>esse</span> <span class='ocrx_word' id='word_1_783' title='bbox 1344 3270 1377 3301; x_wconf 88' lang='lat' dir='ltr'>d.</span> <span class='ocrx_word' id='word_1_784' title='bbox 1398 3287 1433 3291; x_wconf 82' lang='lat'>—-</span> <span class='ocrx_word' id='word_1_785' title='bbox 1460 3270 1512 3301; x_wconf 65' lang='lat'>20.</span> <span class='ocrx_word' id='word_1_786' title='bbox 1538 3279 1604 3302; x_wconf 84' lang='lat' dir='ltr'>esse</span> <span class='ocrx_word' id='word_1_787' title='bbox 1626 3269 1737 3302; x_wconf 82' lang='lat' dir='ltr'>debere</span> <span class='ocrx_word' id='word_1_788' title='bbox 1754 3269 1787 3301; x_wconf 92' lang='lat' dir='ltr'>d.</span> <span class='ocrx_word' id='word_1_789' title='bbox 1808 3286 1842 3290; x_wconf 89' lang='lat'>—</span> <span class='ocrx_word' id='word_1_790' title='bbox 1869 3269 1922 3300; x_wconf 75' lang='lat'>24.</span> <span class='ocrx_word' id='word_1_791' title='bbox 1947 3269 2015 3309; x_wconf 82' lang='lat' dir='ltr'>ipse</span> 
     </span>
     <span class='ocr_line' id='line_1_53' title="bbox 261 3316 2015 3360; baseline -0.002 -9"><span class='ocrx_word' id='word_1_792' title='bbox 261 3330 279 3351; x_wconf 85' lang='lat' dir='ltr'>a</span> <span class='ocrx_word' id='word_1_793' title='bbox 294 3329 317 3359; x_wconf 66' lang='lat' dir='ltr'>y</span> <span class='ocrx_word' id='word_1_794' title='bbox 341 3321 372 3350; x_wconf 81' lang='lat' dir='ltr'>et</span> <span class='ocrx_word' id='word_1_795' title='bbox 399 3321 456 3358; x_wconf 72' lang='lat' dir='ltr'>Lg.</span> <span class='ocrx_word' id='word_1_796' title='bbox 484 3316 543 3356; x_wconf 75' lang='grc' dir='ltr'>Μ,</span> <span class='ocrx_word' id='word_1_797' title='bbox 569 3321 606 3351; x_wconf 82' lang='lat' dir='ltr'>ut</span> <span class='ocrx_word' id='word_1_798' title='bbox 629 3320 855 3352; x_wconf 76' lang='lat' dir='ltr'>lleumannus</span> <span class='ocrx_word' id='word_1_799' title='bbox 881 3322 1045 3352; x_wconf 76' lang='lat' dir='ltr'>coniecit:</span> <span class='ocrx_word' id='word_1_800' title='bbox 1071 3321 1177 3360; x_wconf 81' lang='lat' dir='ltr'>ipsum</span> <span class='ocrx_word' id='word_1_801' title='bbox 1200 3321 1225 3351; x_wconf 79' lang='lat' dir='ltr'>R</span> <span class='ocrx_word' id='word_1_802' title='bbox 1239 3320 1274 3352; x_wconf 93' lang='lat' dir='ltr'>L.</span> <span class='ocrx_word' id='word_1_803' title='bbox 1297 3338 1331 3342; x_wconf 88' lang='lat'><em>-</em></span> <span class='ocrx_word' id='word_1_804' title='bbox 1358 3320 1493 3360; x_wconf 68' lang='lat' dir='ltr'>‹ligynzmi</span> <span class='ocrx_word' id='word_1_805' title='bbox 1515 3320 1583 3351; x_wconf 81' lang='lat' dir='ltr'>iam</span> <span class='ocrx_word' id='word_1_806' title='bbox 1606 3320 1643 3351; x_wconf 84' lang='lat' dir='ltr'>C.</span> <span class='ocrx_word' id='word_1_807' title='bbox 1672 3334 1706 3341; x_wconf 91' lang='lat'>—</span> <span class='ocrx_word' id='word_1_808' title='bbox 1732 3318 1927 3351; x_wconf 73' lang='lat' dir='ltr'>iudicaverit</span> <span class='ocrx_word' id='word_1_809' title='bbox 1949 3317 2015 3350; x_wconf 88' lang='lat' dir='ltr'>CV</span> 
     </span>
     <span class='ocr_line' id='line_1_54' title="bbox 261 3368 1202 3412; baseline 0 -11"><span class='ocrx_word' id='word_1_810' title='bbox 261 3378 407 3412; x_wconf 76' lang='lat' dir='ltr'>quZ,</span> <span class='ocrx_word' id='word_1_811' title='bbox 433 3369 487 3402; x_wconf 76' lang='lat' dir='ltr'>alii</span> <span class='ocrx_word' id='word_1_812' title='bbox 511 3372 615 3411; x_wconf 70' lang='lat' dir='ltr'>Lagg.</span> <span class='ocrx_word' id='word_1_813' title='bbox 641 3371 688 3412; x_wconf 81' lang='lat' dir='ltr'>L3</span> <span class='ocrx_word' id='word_1_814' title='bbox 714 3372 871 3402; x_wconf 79' lang='lat' dir='ltr'>iudicavit</span> <span class='ocrx_word' id='word_1_815' title='bbox 896 3371 938 3411; x_wconf 68' lang='lat' dir='ltr'>d,</span> <span class='ocrx_word' id='word_1_816' title='bbox 964 3371 1125 3402; x_wconf 75' lang='lat' dir='ltr'>iudicaret</span> <span class='ocrx_word' id='word_1_817' title='bbox 1149 3368 1202 3401; x_wconf 89' lang='lat' dir='ltr'>el.</span> 
     </span>
    </p>
   </div>
  </div>
 </body>
</html>
