<?xml version="1.0" encoding="UTF-8"?>
<!DOCTYPE html PUBLIC "-//W3C//DTD XHTML 1.0 Transitional//EN"
    "http://www.w3.org/TR/xhtml1/DTD/xhtml1-transitional.dtd">
<html xmlns="http://www.w3.org/1999/xhtml" xml:lang="en" lang="en">
 <head>
  <title>
</title>
<meta http-equiv="Content-Type" content="text/html;charset=utf-8" />
  <meta name='ocr-system' content='tesseract 3.04.00' />
  <meta name='ocr-capabilities' content='ocr_page ocr_carea ocr_par ocr_line ocrx_word'/>
</head>
<body>
  <div class='ocr_page' id='page_1' title='image "./p1operaquaesupersu02ciceuoft_0146.png"; bbox 0 0 2175 3718; ppageno 0'>
   <div class='ocr_carea' id='block_1_1' title="bbox 193 243 1732 300">
    <p class='ocr_par' dir='ltr' id='par_1_1' title="bbox 193 243 1732 300">
     <span class='ocr_line' id='line_1_1' title="bbox 193 243 1732 300; baseline -0.005 -6"><span class='ocrx_word' id='word_1_1' title='bbox 193 251 273 294; x_wconf 72' lang='lat'>432</span> <span class='ocrx_word' id='word_1_2' title='bbox 432 251 489 292; x_wconf 92' lang='lat' dir='ltr'>IN</span> <span class='ocrx_word' id='word_1_3' title='bbox 517 248 739 292; x_wconf 89' lang='lat' dir='ltr'>VERREM</span> <span class='ocrx_word' id='word_1_4' title='bbox 767 248 927 291; x_wconf 88' lang='lat' dir='ltr'><strong>ACTIO</strong></span> <span class='ocrx_word' id='word_1_5' title='bbox 958 247 1122 289; x_wconf 82' lang='lat' dir='ltr'>PRIMA</span> <span class='ocrx_word' id='word_1_6' title='bbox 1162 247 1259 288; x_wconf 77' lang='lat' dir='ltr'><strong>CAP.</strong></span> <span class='ocrx_word' id='word_1_7' title='bbox 1279 246 1429 288; x_wconf 86' lang='lat' dir='ltr'><strong>XVIII.</strong></span> <span class='ocrx_word' id='word_1_8' title='bbox 1460 244 1533 300; x_wconf 77' lang='lat'>§§.</span> <span class='ocrx_word' id='word_1_9' title='bbox 1555 243 1732 287; x_wconf 81' lang='lat'><strong>53—56.</strong></span> 
     </span>
    </p>
   </div>
   <div class='ocr_carea' id='block_1_2' title="bbox 136 358 1952 2353">
    <p class='ocr_par' dir='ltr' id='par_1_2' title="bbox 191 358 1947 606">
     <span class='ocr_line' id='line_1_2' title="bbox 303 358 1944 411; baseline -0.002 -7"><span class='ocrx_word' id='word_1_10' title='bbox 303 363 452 404; x_wconf 90' lang='lat' dir='ltr'><strong>XVIII.</strong></span> <span class='ocrx_word' id='word_1_11' title='bbox 483 361 548 404; x_wconf 84' lang='lat'>53.</span> <span class='ocrx_word' id='word_1_12' title='bbox 579 362 682 403; x_wconf 91' lang='lat' dir='ltr'>Mihi</span> <span class='ocrx_word' id='word_1_13' title='bbox 715 366 872 403; x_wconf 90' lang='lat' dir='ltr'>eertum</span> <span class='ocrx_word' id='word_1_14' title='bbox 902 366 965 402; x_wconf 90' lang='lat' dir='ltr'>est</span> <span class='ocrx_word' id='word_1_15' title='bbox 994 374 1078 400; x_wconf 90' lang='lat' dir='ltr'>non</span> <span class='ocrx_word' id='word_1_16' title='bbox 1106 360 1381 407; x_wconf 83' lang='lat' dir='ltr'>committere,</span> <span class='ocrx_word' id='word_1_17' title='bbox 1412 363 1459 398; x_wconf 91' lang='lat' dir='ltr'>ut</span> <span class='ocrx_word' id='word_1_18' title='bbox 1489 359 1531 398; x_wconf 91' lang='lat' dir='ltr'>in</span> <span class='ocrx_word' id='word_1_19' title='bbox 1561 358 1639 398; x_wconf 89' lang='lat' dir='ltr'>hac</span> <span class='ocrx_word' id='word_1_20' title='bbox 1671 371 1798 398; x_wconf 86' lang='lat' dir='ltr'>causa</span> <span class='ocrx_word' id='word_1_21' title='bbox 1827 372 1944 411; x_wconf 88' lang='lat' dir='ltr'>prae-</span> 
     </span>
     <span class='ocr_line' id='line_1_3' title="bbox 193 419 1946 479; baseline -0.005 -12"><span class='ocrx_word' id='word_1_22' title='bbox 193 432 258 467; x_wconf 89' lang='lat' dir='ltr'>tor</span> <span class='ocrx_word' id='word_1_23' title='bbox 285 426 407 466; x_wconf 92' lang='lat' dir='ltr'>nobis</span> <span class='ocrx_word' id='word_1_24' title='bbox 439 426 747 479; x_wconf 83' lang='lat' dir='ltr'>consiliumque</span> <span class='ocrx_word' id='word_1_25' title='bbox 778 429 970 464; x_wconf 89' lang='lat' dir='ltr'>mutetur.</span> <span class='ocrx_word' id='word_1_26' title='bbox 1031 423 1123 462; x_wconf 82' lang='lat' dir='ltr'>Non</span> <span class='ocrx_word' id='word_1_27' title='bbox 1152 422 1289 474; x_wconf 89' lang='lat' dir='ltr'>patiar</span> <span class='ocrx_word' id='word_1_28' title='bbox 1319 435 1405 461; x_wconf 90' lang='lat' dir='ltr'>rem</span> <span class='ocrx_word' id='word_1_29' title='bbox 1436 422 1479 460; x_wconf 93' lang='lat' dir='ltr'>in</span> <span class='ocrx_word' id='word_1_30' title='bbox 1510 420 1552 460; x_wconf 89' lang='lat' dir='ltr'>id</span> <span class='ocrx_word' id='word_1_31' title='bbox 1584 425 1749 473; x_wconf 89' lang='lat' dir='ltr'>tempus</span> <span class='ocrx_word' id='word_1_32' title='bbox 1781 419 1946 468; x_wconf 79' lang='lat' dir='ltr'>adduci,</span> 
     </span>
     <span class='ocr_line' id='line_1_4' title="bbox 191 484 1947 543; baseline -0.003 -15"><span class='ocrx_word' id='word_1_33' title='bbox 191 494 257 537; x_wconf 90' lang='lat' dir='ltr'>ut,</span> <span class='ocrx_word' id='word_1_34' title='bbox 299 502 405 543; x_wconf 90' lang='lat' dir='ltr'>quos</span> <span class='ocrx_word' id='word_1_35' title='bbox 444 489 579 529; x_wconf 89' lang='lat' dir='ltr'>adhuc</span> <span class='ocrx_word' id='word_1_36' title='bbox 621 488 726 528; x_wconf 75' lang='lat' dir='ltr'>servi</span> <span class='ocrx_word' id='word_1_37' title='bbox 760 487 1070 538; x_wconf 89' lang='lat' dir='ltr'>designatorum</span> <span class='ocrx_word' id='word_1_38' title='bbox 1101 484 1320 524; x_wconf 90' lang='lat' dir='ltr'>consulum</span> <span class='ocrx_word' id='word_1_39' title='bbox 1351 497 1436 523; x_wconf 93' lang='lat' dir='ltr'>non</span> <span class='ocrx_word' id='word_1_40' title='bbox 1467 488 1708 531; x_wconf 80' lang='lat' dir='ltr'>moverunt,</span> <span class='ocrx_word' id='word_1_41' title='bbox 1752 496 1845 523; x_wconf 90' lang='lat' dir='ltr'>cum</span> <span class='ocrx_word' id='word_1_42' title='bbox 1876 496 1947 523; x_wconf 91' lang='lat' dir='ltr'>eos</span> 
     </span>
     <span class='ocr_line' id='line_1_5' title="bbox 191 546 1947 606; baseline -0.005 -14"><span class='ocrx_word' id='word_1_43' title='bbox 191 564 301 592; x_wconf 86' lang='lat' dir='ltr'>novo</span> <span class='ocrx_word' id='word_1_44' title='bbox 333 552 525 606; x_wconf 85' lang='lat' dir='ltr'>exemplo</span> <span class='ocrx_word' id='word_1_45' title='bbox 555 551 774 591; x_wconf 88' lang='lat' dir='ltr'>universos</span> <span class='ocrx_word' id='word_1_46' title='bbox 807 553 1084 595; x_wconf 81' lang='lat' dir='ltr'>arcesserent,</span> <span class='ocrx_word' id='word_1_47' title='bbox 1117 560 1188 587; x_wconf 91' lang='lat' dir='ltr'>eos</span> <span class='ocrx_word' id='word_1_48' title='bbox 1221 552 1306 586; x_wconf 85' lang='lat' dir='ltr'>tum</span> <span class='ocrx_word' id='word_1_49' title='bbox 1337 546 1505 586; x_wconf 80' lang='lat' dir='ltr'>lictores</span> <span class='ocrx_word' id='word_1_50' title='bbox 1536 546 1755 585; x_wconf 88' lang='lat' dir='ltr'>consulum</span> <span class='ocrx_word' id='word_1_51' title='bbox 1775 551 1947 585; x_wconf 75' lang='lat' dir='ltr'>vocent:</span> 
     </span>
    </p>

    <p class='ocr_par' dir='ltr' id='par_1_3' title="bbox 136 608 1952 2353">
     <span class='ocr_line' id='line_1_6' title="bbox 159 608 1947 664; baseline -0.004 -10"><span class='ocrx_word' id='word_1_52' title='bbox 159 618 237 653; x_wconf 86' lang='lat' dir='ltr'>5ut</span> <span class='ocrx_word' id='word_1_53' title='bbox 264 612 456 654; x_wconf 89' lang='lat' dir='ltr'>homines</span> <span class='ocrx_word' id='word_1_54' title='bbox 487 614 650 660; x_wconf 89' lang='lat' dir='ltr'>miseri,</span> <span class='ocrx_word' id='word_1_55' title='bbox 691 617 812 651; x_wconf 90' lang='lat' dir='ltr'>antea</span> <span class='ocrx_word' id='word_1_56' title='bbox 842 610 945 649; x_wconf 90' lang='lat' dir='ltr'>socii</span> <span class='ocrx_word' id='word_1_57' title='bbox 977 616 1102 664; x_wconf 89' lang='lat' dir='ltr'>atque</span> <span class='ocrx_word' id='word_1_58' title='bbox 1134 609 1256 648; x_wconf 90' lang='lat' dir='ltr'>amici</span> <span class='ocrx_word' id='word_1_59' title='bbox 1285 609 1431 662; x_wconf 91' lang='lat' dir='ltr'>populi</span> <span class='ocrx_word' id='word_1_60' title='bbox 1465 608 1664 655; x_wconf 86' lang='lat' dir='ltr'>Romani,</span> <span class='ocrx_word' id='word_1_61' title='bbox 1696 622 1808 648; x_wconf 88' lang='lat' dir='ltr'>nunc</span> <span class='ocrx_word' id='word_1_62' title='bbox 1839 609 1947 648; x_wconf 77' lang='lat' dir='ltr'>servi</span> 
     </span>
     <span class='ocr_line' id='line_1_7' title="bbox 190 670 1949 731; baseline -0.005 -14"><span class='ocrx_word' id='word_1_63' title='bbox 190 689 237 717; x_wconf 86' lang='lat' dir='ltr'>ac</span> <span class='ocrx_word' id='word_1_64' title='bbox 276 677 509 731; x_wconf 88' lang='lat' dir='ltr'>supplices,</span> <span class='ocrx_word' id='word_1_65' title='bbox 549 689 635 715; x_wconf 91' lang='lat' dir='ltr'>non</span> <span class='ocrx_word' id='word_1_66' title='bbox 675 673 799 713; x_wconf 92' lang='lat' dir='ltr'>modo</span> <span class='ocrx_word' id='word_1_67' title='bbox 840 673 904 711; x_wconf 89' lang='lat' dir='ltr'>ius</span> <span class='ocrx_word' id='word_1_68' title='bbox 945 686 1066 712; x_wconf 89' lang='lat' dir='ltr'>suum</span> <span class='ocrx_word' id='word_1_69' title='bbox 1103 671 1380 724; x_wconf 85' lang='lat' dir='ltr'>fortunasque</span> <span class='ocrx_word' id='word_1_70' title='bbox 1420 684 1564 710; x_wconf 89' lang='lat' dir='ltr'>omnes</span> <span class='ocrx_word' id='word_1_71' title='bbox 1597 683 1741 709; x_wconf 91' lang='lat' dir='ltr'>eorum</span> <span class='ocrx_word' id='word_1_72' title='bbox 1772 670 1949 724; x_wconf 88' lang='lat' dir='ltr'>imperio</span> 
     </span>
     <span class='ocr_line' id='line_1_8' title="bbox 189 733 1948 788; baseline -0.005 -8"><span class='ocrx_word' id='word_1_73' title='bbox 189 740 403 788; x_wconf 86' lang='lat' dir='ltr'>amittant,</span> <span class='ocrx_word' id='word_1_74' title='bbox 448 752 591 780; x_wconf 79' lang='lat' dir='ltr'>verum</span> <span class='ocrx_word' id='word_1_75' title='bbox 638 737 760 777; x_wconf 89' lang='lat' dir='ltr'>etiam</span> <span class='ocrx_word' id='word_1_76' title='bbox 804 734 1051 787; x_wconf 90' lang='lat' dir='ltr'>deplorandi</span> <span class='ocrx_word' id='word_1_77' title='bbox 1095 733 1196 773; x_wconf 93' lang='lat' dir='ltr'>iuris</span> <span class='ocrx_word' id='word_1_78' title='bbox 1245 733 1308 772; x_wconf 89' lang='lat' dir='ltr'>sui</span> <span class='ocrx_word' id='word_1_79' title='bbox 1347 737 1597 785; x_wconf 88' lang='lat' dir='ltr'>potestatem</span> <span class='ocrx_word' id='word_1_80' title='bbox 1641 746 1726 772; x_wconf 92' lang='lat' dir='ltr'>non</span> <span class='ocrx_word' id='word_1_81' title='bbox 1756 733 1948 773; x_wconf 83' lang='lat' dir='ltr'>habeant.</span> 
     </span>
     <span class='ocr_line' id='line_1_9' title="bbox 189 795 1951 854; baseline -0.003 -14"><span class='ocrx_word' id='word_1_82' title='bbox 189 799 256 842; x_wconf 80' lang='lat'>54.</span> <span class='ocrx_word' id='word_1_83' title='bbox 286 803 380 841; x_wconf 86' lang='lat' dir='ltr'>Non</span> <span class='ocrx_word' id='word_1_84' title='bbox 411 802 542 842; x_wconf 88' lang='lat' dir='ltr'>sinam</span> <span class='ocrx_word' id='word_1_85' title='bbox 572 800 759 854; x_wconf 88' lang='lat' dir='ltr'>profecto</span> <span class='ocrx_word' id='word_1_86' title='bbox 792 810 917 838; x_wconf 89' lang='lat' dir='ltr'>causa</span> <span class='ocrx_word' id='word_1_87' title='bbox 948 810 971 836; x_wconf 91' lang='lat' dir='ltr'>a</span> <span class='ocrx_word' id='word_1_88' title='bbox 1000 810 1066 836; x_wconf 90' lang='lat' dir='ltr'>me</span> <span class='ocrx_word' id='word_1_89' title='bbox 1097 800 1310 849; x_wconf 89' lang='lat' dir='ltr'>perorata,</span> <span class='ocrx_word' id='word_1_90' title='bbox 1342 796 1616 848; x_wconf 88' lang='lat' dir='ltr'>quadraginta</span> <span class='ocrx_word' id='word_1_91' title='bbox 1646 795 1792 835; x_wconf 91' lang='lat' dir='ltr'>diebus</span> <span class='ocrx_word' id='word_1_92' title='bbox 1823 795 1951 835; x_wconf 91' lang='lat' dir='ltr'>inter-</span> 
     </span>
     <span class='ocr_line' id='line_1_10' title="bbox 187 856 1952 918; baseline -0.005 -13"><span class='ocrx_word' id='word_1_93' title='bbox 187 865 357 918; x_wconf 86' lang='lat' dir='ltr'>positis,</span> <span class='ocrx_word' id='word_1_94' title='bbox 388 869 475 904; x_wconf 90' lang='lat' dir='ltr'>tum</span> <span class='ocrx_word' id='word_1_95' title='bbox 505 863 626 904; x_wconf 91' lang='lat' dir='ltr'>nobis</span> <span class='ocrx_word' id='word_1_96' title='bbox 658 861 840 914; x_wconf 89' lang='lat' dir='ltr'>denique</span> <span class='ocrx_word' id='word_1_97' title='bbox 872 859 1140 912; x_wconf 90' lang='lat' dir='ltr'>responderi,</span> <span class='ocrx_word' id='word_1_98' title='bbox 1173 871 1266 897; x_wconf 86' lang='lat' dir='ltr'>cum</span> <span class='ocrx_word' id='word_1_99' title='bbox 1297 858 1507 897; x_wconf 83' lang='lat' dir='ltr'>accusatio</span> <span class='ocrx_word' id='word_1_100' title='bbox 1539 863 1682 897; x_wconf 89' lang='lat' dir='ltr'>nostra</span> <span class='ocrx_word' id='word_1_101' title='bbox 1709 857 1751 896; x_wconf 92' lang='lat' dir='ltr'>in</span> <span class='ocrx_word' id='word_1_102' title='bbox 1775 856 1952 896; x_wconf 80' lang='lat' dir='ltr'>oblivio-</span> 
     </span>
     <span class='ocr_line' id='line_1_11' title="bbox 140 918 1952 969; baseline -0.005 -1"><span class='ocrx_word' id='word_1_103' title='bbox 140 934 175 963; x_wconf 72' lang='lat' dir='ltr'>to</span> <span class='ocrx_word' id='word_1_104' title='bbox 189 941 284 967; x_wconf 88' lang='lat' dir='ltr'>nem</span> <span class='ocrx_word' id='word_1_105' title='bbox 314 926 601 967; x_wconf 86' lang='lat' dir='ltr'>diuturnitatis</span> <span class='ocrx_word' id='word_1_106' title='bbox 631 924 811 964; x_wconf 87' lang='lat' dir='ltr'>adducta</span> <span class='ocrx_word' id='word_1_107' title='bbox 843 922 918 969; x_wconf 90' lang='lat' dir='ltr'>sit;</span> <span class='ocrx_word' id='word_1_108' title='bbox 949 935 1035 961; x_wconf 90' lang='lat' dir='ltr'>non</span> <span class='ocrx_word' id='word_1_109' title='bbox 1066 920 1342 967; x_wconf 86' lang='lat' dir='ltr'>committam,</span> <span class='ocrx_word' id='word_1_110' title='bbox 1373 924 1419 959; x_wconf 91' lang='lat' dir='ltr'>ut</span> <span class='ocrx_word' id='word_1_111' title='bbox 1448 925 1534 959; x_wconf 88' lang='lat' dir='ltr'>tum</span> <span class='ocrx_word' id='word_1_112' title='bbox 1565 919 1667 959; x_wconf 88' lang='lat' dir='ltr'>haec</span> <span class='ocrx_word' id='word_1_113' title='bbox 1697 933 1763 959; x_wconf 90' lang='lat' dir='ltr'>res</span> <span class='ocrx_word' id='word_1_114' title='bbox 1794 918 1952 959; x_wconf 83' lang='lat' dir='ltr'>iudice-</span> 
     </span>
     <span class='ocr_line' id='line_1_12' title="bbox 187 981 1950 1040; baseline -0.006 -10"><span class='ocrx_word' id='word_1_115' title='bbox 187 995 273 1037; x_wconf 90' lang='lat' dir='ltr'>tur,</span> <span class='ocrx_word' id='word_1_116' title='bbox 308 1003 401 1029; x_wconf 93' lang='lat' dir='ltr'>cum</span> <span class='ocrx_word' id='word_1_117' title='bbox 431 989 533 1029; x_wconf 92' lang='lat' dir='ltr'>haec</span> <span class='ocrx_word' id='word_1_118' title='bbox 562 985 799 1040; x_wconf 83' lang='lat' dir='ltr'>frequentia</span> <span class='ocrx_word' id='word_1_119' title='bbox 829 984 957 1023; x_wconf 90' lang='lat' dir='ltr'>totius</span> <span class='ocrx_word' id='word_1_120' title='bbox 988 983 1134 1022; x_wconf 90' lang='lat' dir='ltr'>Italiae</span> <span class='ocrx_word' id='word_1_121' title='bbox 1165 982 1296 1021; x_wconf 88' lang='lat' dir='ltr'>Roma</span> <span class='ocrx_word' id='word_1_122' title='bbox 1327 981 1587 1029; x_wconf 85' lang='lat' dir='ltr'>discesserit,</span> <span class='ocrx_word' id='word_1_123' title='bbox 1620 996 1727 1035; x_wconf 91' lang='lat' dir='ltr'>quae</span> <span class='ocrx_word' id='word_1_124' title='bbox 1754 982 1950 1023; x_wconf 86' lang='lat' dir='ltr'>convenit</span> 
     </span>
     <span class='ocr_line' id='line_1_13' title="bbox 185 1044 1949 1104; baseline -0.005 -12"><span class='ocrx_word' id='word_1_125' title='bbox 185 1065 272 1092; x_wconf 91' lang='lat' dir='ltr'>uno</span> <span class='ocrx_word' id='word_1_126' title='bbox 303 1057 491 1104; x_wconf 87' lang='lat' dir='ltr'>tempore</span> <span class='ocrx_word' id='word_1_127' title='bbox 521 1049 711 1102; x_wconf 88' lang='lat' dir='ltr'>undique</span> <span class='ocrx_word' id='word_1_128' title='bbox 743 1046 1030 1093; x_wconf 89' lang='lat' dir='ltr'>comitiorum,</span> <span class='ocrx_word' id='word_1_129' title='bbox 1073 1045 1268 1085; x_wconf 89' lang='lat' dir='ltr'>ludorum</span> <span class='ocrx_word' id='word_1_130' title='bbox 1309 1044 1594 1098; x_wconf 84' lang='lat' dir='ltr'>censendique</span> <span class='ocrx_word' id='word_1_131' title='bbox 1627 1058 1764 1084; x_wconf 89' lang='lat' dir='ltr'>causa.</span> <span class='ocrx_word' id='word_1_132' title='bbox 1814 1044 1949 1084; x_wconf 89' lang='lat' dir='ltr'>Huius</span> 
     </span>
     <span class='ocr_line' id='line_1_14' title="bbox 187 1106 1950 1159; baseline -0.005 -5"><span class='ocrx_word' id='word_1_133' title='bbox 187 1114 333 1154; x_wconf 87' lang='lat' dir='ltr'>iudicii</span> <span class='ocrx_word' id='word_1_134' title='bbox 365 1119 406 1154; x_wconf 93' lang='lat' dir='ltr'>et</span> <span class='ocrx_word' id='word_1_135' title='bbox 436 1112 572 1153; x_wconf 92' lang='lat' dir='ltr'>laudis</span> <span class='ocrx_word' id='word_1_136' title='bbox 602 1111 783 1151; x_wconf 88' lang='lat' dir='ltr'>fructum</span> <span class='ocrx_word' id='word_1_137' title='bbox 815 1113 856 1148; x_wconf 91' lang='lat' dir='ltr'>et</span> <span class='ocrx_word' id='word_1_138' title='bbox 885 1107 1130 1148; x_wconf 84' lang='lat' dir='ltr'>offensionis</span> <span class='ocrx_word' id='word_1_139' title='bbox 1162 1106 1395 1159; x_wconf 89' lang='lat' dir='ltr'>periculum</span> <span class='ocrx_word' id='word_1_140' title='bbox 1417 1111 1622 1154; x_wconf 87' lang='lat' dir='ltr'>vestrum,</span> <span class='ocrx_word' id='word_1_141' title='bbox 1654 1106 1840 1147; x_wconf 89' lang='lat' dir='ltr'>laborem</span> <span class='ocrx_word' id='word_1_142' title='bbox 1867 1106 1950 1146; x_wconf 87' lang='lat' dir='ltr'>sol-</span> 
     </span>
     <span class='ocr_line' id='line_1_15' title="bbox 186 1170 1951 1229; baseline -0.003 -14"><span class='ocrx_word' id='word_1_143' title='bbox 186 1175 534 1229; x_wconf 89' lang='lat' dir='ltr'>licitudinemque</span> <span class='ocrx_word' id='word_1_144' title='bbox 564 1178 773 1219; x_wconf 89' lang='lat' dir='ltr'>nostram,</span> <span class='ocrx_word' id='word_1_145' title='bbox 806 1171 1046 1219; x_wconf 84' lang='lat' dir='ltr'>scientiam,</span> <span class='ocrx_word' id='word_1_146' title='bbox 1079 1170 1180 1224; x_wconf 87' lang='lat' dir='ltr'>quid</span> <span class='ocrx_word' id='word_1_147' title='bbox 1212 1174 1378 1222; x_wconf 83' lang='lat' dir='ltr'>agatur,</span> <span class='ocrx_word' id='word_1_148' title='bbox 1410 1170 1763 1223; x_wconf 86' lang='lat' dir='ltr'>memoriamque,</span> <span class='ocrx_word' id='word_1_149' title='bbox 1795 1171 1896 1223; x_wconf 90' lang='lat' dir='ltr'>quid</span> <span class='ocrx_word' id='word_1_150' title='bbox 1927 1183 1951 1210; x_wconf 92' lang='lat' dir='ltr'>a</span> 
     </span>
     <span class='ocr_line' id='line_1_16' title="bbox 137 1229 1950 1292; baseline -0.003 -17"><span class='ocrx_word' id='word_1_151' title='bbox 137 1245 174 1275; x_wconf 77' lang='grc'>45</span> <span class='ocrx_word' id='word_1_152' title='bbox 189 1250 360 1292; x_wconf 89' lang='lat' dir='ltr'>quoque</span> <span class='ocrx_word' id='word_1_153' title='bbox 397 1236 554 1277; x_wconf 89' lang='lat' dir='ltr'>dictum</span> <span class='ocrx_word' id='word_1_154' title='bbox 595 1236 668 1284; x_wconf 85' lang='lat' dir='ltr'>sit,</span> <span class='ocrx_word' id='word_1_155' title='bbox 707 1234 892 1275; x_wconf 87' lang='lat' dir='ltr'>omnium</span> <span class='ocrx_word' id='word_1_156' title='bbox 918 1238 1033 1287; x_wconf 56' lang='lat' dir='ltr'>‘puto</span> <span class='ocrx_word' id='word_1_157' title='bbox 1067 1246 1157 1273; x_wconf 89' lang='lat' dir='ltr'>esse</span> <span class='ocrx_word' id='word_1_158' title='bbox 1196 1236 1404 1285; x_wconf 89' lang='lat' dir='ltr'>oportere.</span> <span class='ocrx_word' id='word_1_159' title='bbox 1464 1229 1529 1269; x_wconf 72' lang='lat'>55.</span> <span class='ocrx_word' id='word_1_160' title='bbox 1561 1231 1725 1270; x_wconf 88' lang='lat' dir='ltr'>Faciam</span> <span class='ocrx_word' id='word_1_161' title='bbox 1755 1231 1835 1271; x_wconf 91' lang='lat' dir='ltr'>hoc</span> <span class='ocrx_word' id='word_1_162' title='bbox 1865 1244 1950 1270; x_wconf 90' lang='lat' dir='ltr'>non</span> 
     </span>
     <span class='ocr_line' id='line_1_17' title="bbox 186 1292 1952 1351; baseline -0.005 -10"><span class='ocrx_word' id='word_1_163' title='bbox 186 1314 368 1349; x_wconf 88' lang='lat' dir='ltr'>novum,</span> <span class='ocrx_word' id='word_1_164' title='bbox 409 1300 482 1340; x_wconf 88' lang='lat' dir='ltr'>sed</span> <span class='ocrx_word' id='word_1_165' title='bbox 513 1299 564 1339; x_wconf 90' lang='lat' dir='ltr'>ab</span> <span class='ocrx_word' id='word_1_166' title='bbox 594 1298 669 1346; x_wconf 88' lang='lat' dir='ltr'>iis,</span> <span class='ocrx_word' id='word_1_167' title='bbox 709 1297 782 1351; x_wconf 89' lang='lat' dir='ltr'>qui</span> <span class='ocrx_word' id='word_1_168' title='bbox 812 1309 923 1336; x_wconf 88' lang='lat' dir='ltr'>nunc</span> <span class='ocrx_word' id='word_1_169' title='bbox 953 1295 1167 1349; x_wconf 87' lang='lat' dir='ltr'>principes</span> <span class='ocrx_word' id='word_1_170' title='bbox 1198 1298 1366 1334; x_wconf 90' lang='lat' dir='ltr'>nostrae</span> <span class='ocrx_word' id='word_1_171' title='bbox 1398 1293 1578 1334; x_wconf 88' lang='lat' dir='ltr'>civitatis</span> <span class='ocrx_word' id='word_1_172' title='bbox 1609 1298 1728 1341; x_wconf 89' lang='lat' dir='ltr'>sunt,</span> <span class='ocrx_word' id='word_1_173' title='bbox 1765 1298 1860 1333; x_wconf 91' lang='lat' dir='ltr'>ante</span> <span class='ocrx_word' id='word_1_174' title='bbox 1891 1292 1952 1332; x_wconf 87' lang='lat' dir='ltr'>fa-</span> 
     </span>
     <span class='ocr_line' id='line_1_18' title="bbox 187 1355 1950 1412; baseline -0.007 -7"><span class='ocrx_word' id='word_1_175' title='bbox 187 1369 320 1412; x_wconf 85' lang='lat' dir='ltr'>ctum,</span> <span class='ocrx_word' id='word_1_176' title='bbox 349 1368 397 1404; x_wconf 89' lang='lat' dir='ltr'>ut</span> <span class='ocrx_word' id='word_1_177' title='bbox 426 1362 604 1403; x_wconf 89' lang='lat' dir='ltr'>testibus</span> <span class='ocrx_word' id='word_1_178' title='bbox 633 1366 728 1401; x_wconf 87' lang='lat' dir='ltr'>utar</span> <span class='ocrx_word' id='word_1_179' title='bbox 758 1359 917 1399; x_wconf 87' lang='lat' dir='ltr'>statim:</span> <span class='ocrx_word' id='word_1_180' title='bbox 962 1357 1068 1397; x_wconf 89' lang='lat' dir='ltr'>illud</span> <span class='ocrx_word' id='word_1_181' title='bbox 1099 1371 1122 1397; x_wconf 89' lang='lat' dir='ltr'>a</span> <span class='ocrx_word' id='word_1_182' title='bbox 1153 1370 1218 1396; x_wconf 90' lang='lat' dir='ltr'>me</span> <span class='ocrx_word' id='word_1_183' title='bbox 1250 1370 1427 1403; x_wconf 74' lang='lat' dir='ltr'>novum,</span> <span class='ocrx_word' id='word_1_184' title='bbox 1460 1355 1640 1403; x_wconf 91' lang='lat' dir='ltr'>iudices,</span> <span class='ocrx_word' id='word_1_185' title='bbox 1673 1355 1950 1409; x_wconf 86' lang='lat' dir='ltr'>cognoscetis,</span> 
     </span>
     <span class='ocr_line' id='line_1_19' title="bbox 187 1416 1952 1481; baseline -0.006 -13"><span class='ocrx_word' id='word_1_186' title='bbox 187 1427 302 1481; x_wconf 91' lang='lat' dir='ltr'>quod</span> <span class='ocrx_word' id='word_1_187' title='bbox 332 1426 391 1466; x_wconf 88' lang='lat' dir='ltr'>ita</span> <span class='ocrx_word' id='word_1_188' title='bbox 421 1429 546 1466; x_wconf 88' lang='lat' dir='ltr'>testes</span> <span class='ocrx_word' id='word_1_189' title='bbox 578 1423 852 1469; x_wconf 88' lang='lat' dir='ltr'>constituam,</span> <span class='ocrx_word' id='word_1_190' title='bbox 884 1425 931 1460; x_wconf 90' lang='lat' dir='ltr'>ut</span> <span class='ocrx_word' id='word_1_191' title='bbox 962 1420 1118 1460; x_wconf 89' lang='lat' dir='ltr'>crimen</span> <span class='ocrx_word' id='word_1_192' title='bbox 1149 1424 1282 1459; x_wconf 90' lang='lat' dir='ltr'>totum</span> <span class='ocrx_word' id='word_1_193' title='bbox 1314 1419 1543 1472; x_wconf 82' lang='lat' dir='ltr'>explicem3</span> <span class='ocrx_word' id='word_1_194' title='bbox 1584 1418 1654 1458; x_wconf 90' lang='lat' dir='ltr'>ubi</span> <span class='ocrx_word' id='word_1_195' title='bbox 1685 1419 1727 1458; x_wconf 93' lang='lat' dir='ltr'>id</span> <span class='ocrx_word' id='word_1_196' title='bbox 1761 1416 1952 1473; x_wconf 87' lang='lat' dir='ltr'>[interro-</span> 
     </span>
     <span class='ocr_line' id='line_1_20' title="bbox 186 1481 1951 1542; baseline -0.005 -13"><span class='ocrx_word' id='word_1_197' title='bbox 186 1485 360 1542; x_wconf 85' lang='lat' dir='ltr'>gando,]</span> <span class='ocrx_word' id='word_1_198' title='bbox 394 1487 649 1542; x_wconf 86' lang='lat' dir='ltr'>argumentis</span> <span class='ocrx_word' id='word_1_199' title='bbox 681 1491 807 1539; x_wconf 88' lang='lat' dir='ltr'>atque</span> <span class='ocrx_word' id='word_1_200' title='bbox 833 1484 1028 1524; x_wconf 88' lang='lat' dir='ltr'>oratione</span> <span class='ocrx_word' id='word_1_201' title='bbox 1060 1481 1307 1530; x_wconf 85' lang='lat' dir='ltr'>firmavero,</span> <span class='ocrx_word' id='word_1_202' title='bbox 1340 1487 1424 1521; x_wconf 87' lang='lat' dir='ltr'>tum</span> <span class='ocrx_word' id='word_1_203' title='bbox 1457 1486 1583 1521; x_wconf 89' lang='lat' dir='ltr'>testes</span> <span class='ocrx_word' id='word_1_204' title='bbox 1615 1482 1666 1521; x_wconf 88' lang='lat' dir='ltr'>ad</span> <span class='ocrx_word' id='word_1_205' title='bbox 1700 1481 1854 1521; x_wconf 89' lang='lat' dir='ltr'>crimen</span> <span class='ocrx_word' id='word_1_206' title='bbox 1884 1494 1951 1521; x_wconf 88' lang='lat' dir='ltr'>ac-</span> 
     </span>
     <span class='ocr_line' id='line_1_21' title="bbox 136 1543 1951 1599; baseline -0.002 -11"><span class='ocrx_word' id='word_1_207' title='bbox 136 1558 174 1589; x_wconf 76' lang='lat'>‘20</span> <span class='ocrx_word' id='word_1_208' title='bbox 188 1550 472 1599; x_wconf 82' lang='lat' dir='ltr'>commodem3</span> <span class='ocrx_word' id='word_1_209' title='bbox 513 1555 559 1590; x_wconf 91' lang='lat' dir='ltr'>ut</span> <span class='ocrx_word' id='word_1_210' title='bbox 588 1549 695 1590; x_wconf 89' lang='lat' dir='ltr'>nihil</span> <span class='ocrx_word' id='word_1_211' title='bbox 726 1548 835 1587; x_wconf 91' lang='lat' dir='ltr'>inter</span> <span class='ocrx_word' id='word_1_212' title='bbox 869 1547 983 1586; x_wconf 92' lang='lat' dir='ltr'>illam</span> <span class='ocrx_word' id='word_1_213' title='bbox 1015 1546 1209 1585; x_wconf 89' lang='lat' dir='ltr'>usitatam</span> <span class='ocrx_word' id='word_1_214' title='bbox 1240 1544 1549 1585; x_wconf 85' lang='lat' dir='ltr'>accusationem</span> <span class='ocrx_word' id='word_1_215' title='bbox 1581 1548 1706 1597; x_wconf 90' lang='lat' dir='ltr'>atque</span> <span class='ocrx_word' id='word_1_216' title='bbox 1737 1543 1845 1584; x_wconf 89' lang='lat' dir='ltr'>hanc</span> <span class='ocrx_word' id='word_1_217' title='bbox 1877 1557 1951 1584; x_wconf 93' lang='lat' dir='ltr'>no-</span> 
     </span>
     <span class='ocr_line' id='line_1_22' title="bbox 186 1607 1951 1665; baseline -0.005 -10"><span class='ocrx_word' id='word_1_218' title='bbox 186 1628 279 1656; x_wconf 70' lang='lat' dir='ltr'>vam</span> <span class='ocrx_word' id='word_1_219' title='bbox 310 1614 492 1661; x_wconf 90' lang='lat' dir='ltr'>intersit,</span> <span class='ocrx_word' id='word_1_220' title='bbox 523 1612 605 1652; x_wconf 91' lang='lat' dir='ltr'>nisi</span> <span class='ocrx_word' id='word_1_221' title='bbox 627 1610 742 1665; x_wconf 89' lang='lat' dir='ltr'>quod</span> <span class='ocrx_word' id='word_1_222' title='bbox 770 1610 812 1649; x_wconf 92' lang='lat' dir='ltr'>in</span> <span class='ocrx_word' id='word_1_223' title='bbox 834 1610 905 1649; x_wconf 90' lang='lat' dir='ltr'>illa</span> <span class='ocrx_word' id='word_1_224' title='bbox 927 1614 1047 1656; x_wconf 87' lang='lat' dir='ltr'>tunc,</span> <span class='ocrx_word' id='word_1_225' title='bbox 1080 1622 1173 1648; x_wconf 89' lang='lat' dir='ltr'>cum</span> <span class='ocrx_word' id='word_1_226' title='bbox 1197 1607 1336 1647; x_wconf 88' lang='lat' dir='ltr'>omnia</span> <span class='ocrx_word' id='word_1_227' title='bbox 1358 1607 1467 1645; x_wconf 89' lang='lat' dir='ltr'>dicta</span> <span class='ocrx_word' id='word_1_228' title='bbox 1490 1610 1605 1653; x_wconf 89' lang='lat' dir='ltr'>sunt,</span> <span class='ocrx_word' id='word_1_229' title='bbox 1639 1612 1764 1647; x_wconf 87' lang='lat' dir='ltr'>testes</span> <span class='ocrx_word' id='word_1_230' title='bbox 1788 1607 1951 1654; x_wconf 86' lang='lat' dir='ltr'>dantur,</span> 
     </span>
     <span class='ocr_line' id='line_1_23' title="bbox 184 1669 1950 1728; baseline -0.005 -11"><span class='ocrx_word' id='word_1_231' title='bbox 184 1677 252 1717; x_wconf 85' lang='lat' dir='ltr'>hic</span> <span class='ocrx_word' id='word_1_232' title='bbox 281 1676 325 1716; x_wconf 89' lang='lat' dir='ltr'>in</span> <span class='ocrx_word' id='word_1_233' title='bbox 355 1675 542 1728; x_wconf 89' lang='lat' dir='ltr'>singulas</span> <span class='ocrx_word' id='word_1_234' title='bbox 573 1688 639 1714; x_wconf 90' lang='lat' dir='ltr'>res</span> <span class='ocrx_word' id='word_1_235' title='bbox 657 1674 890 1719; x_wconf 87' lang='lat' dir='ltr'>dabuntur,</span> <span class='ocrx_word' id='word_1_236' title='bbox 921 1677 967 1711; x_wconf 90' lang='lat' dir='ltr'>ut</span> <span class='ocrx_word' id='word_1_237' title='bbox 988 1671 1070 1710; x_wconf 88' lang='lat' dir='ltr'>illis</span> <span class='ocrx_word' id='word_1_238' title='bbox 1095 1684 1266 1724; x_wconf 88' lang='lat' dir='ltr'>quoque</span> <span class='ocrx_word' id='word_1_239' title='bbox 1290 1670 1435 1709; x_wconf 84' lang='lat' dir='ltr'>eadem</span> <span class='ocrx_word' id='word_1_240' title='bbox 1457 1669 1740 1721; x_wconf 89' lang='lat' dir='ltr'>interrogandi</span> <span class='ocrx_word' id='word_1_241' title='bbox 1761 1669 1950 1717; x_wconf 87' lang='lat' dir='ltr'>facultas,</span> 
     </span>
     <span class='ocr_line' id='line_1_24' title="bbox 186 1732 1950 1792; baseline -0.005 -14"><span class='ocrx_word' id='word_1_242' title='bbox 186 1738 504 1792; x_wconf 89' lang='lat' dir='ltr'>argumentandi</span> <span class='ocrx_word' id='word_1_243' title='bbox 551 1736 801 1789; x_wconf 88' lang='lat' dir='ltr'>dicendique</span> <span class='ocrx_word' id='word_1_244' title='bbox 843 1735 908 1774; x_wconf 87' lang='lat' dir='ltr'>sit.</span> <span class='ocrx_word' id='word_1_245' title='bbox 970 1735 1010 1773; x_wconf 90' lang='lat' dir='ltr'>Si</span> <span class='ocrx_word' id='word_1_246' title='bbox 1050 1735 1144 1787; x_wconf 88' lang='lat' dir='ltr'>quis</span> <span class='ocrx_word' id='word_1_247' title='bbox 1186 1733 1285 1779; x_wconf 89' lang='lat' dir='ltr'>erit,</span> <span class='ocrx_word' id='word_1_248' title='bbox 1336 1732 1406 1785; x_wconf 88' lang='lat' dir='ltr'>qui</span> <span class='ocrx_word' id='word_1_249' title='bbox 1444 1736 1688 1784; x_wconf 87' lang='lat' dir='ltr'>perpetuam</span> <span class='ocrx_word' id='word_1_250' title='bbox 1721 1733 1950 1772; x_wconf 88' lang='lat' dir='ltr'>orationem</span> 
     </span>
     <span class='ocr_line' id='line_1_25' title="bbox 187 1793 1950 1853; baseline -0.005 -12"><span class='ocrx_word' id='word_1_251' title='bbox 187 1801 581 1853; x_wconf 85' lang='lat' dir='ltr'>accusationemque</span> <span class='ocrx_word' id='word_1_252' title='bbox 605 1799 835 1844; x_wconf 85' lang='lat' dir='ltr'>desideret,</span> <span class='ocrx_word' id='word_1_253' title='bbox 867 1797 995 1836; x_wconf 89' lang='lat' dir='ltr'>altera</span> <span class='ocrx_word' id='word_1_254' title='bbox 1017 1796 1179 1835; x_wconf 86' lang='lat' dir='ltr'>actione</span> <span class='ocrx_word' id='word_1_255' title='bbox 1203 1795 1367 1834; x_wconf 85' lang='lat' dir='ltr'>audiet:</span> <span class='ocrx_word' id='word_1_256' title='bbox 1398 1807 1507 1833; x_wconf 81' lang='lat' dir='ltr'>nunc</span> <span class='ocrx_word' id='word_1_257' title='bbox 1530 1793 1593 1840; x_wconf 86' lang='lat' dir='ltr'>id,</span> <span class='ocrx_word' id='word_1_258' title='bbox 1627 1793 1741 1847; x_wconf 88' lang='lat' dir='ltr'>quod</span> <span class='ocrx_word' id='word_1_259' title='bbox 1764 1794 1950 1842; x_wconf 85' lang='lat' dir='ltr'>facimus,</span> 
     </span>
     <span class='ocr_line' id='line_1_26' title="bbox 136 1855 1952 1917; baseline -0.004 -12"><span class='ocrx_word' id='word_1_260' title='bbox 136 1871 173 1901; x_wconf 81' lang='lat'>25</span> <span class='ocrx_word' id='word_1_261' title='bbox 188 1863 250 1917; x_wconf 87' lang='lat' dir='ltr'>(ea</span> <span class='ocrx_word' id='word_1_262' title='bbox 280 1864 441 1904; x_wconf 89' lang='lat' dir='ltr'>ratione</span> <span class='ocrx_word' id='word_1_263' title='bbox 472 1861 667 1907; x_wconf 89' lang='lat' dir='ltr'>facimus,</span> <span class='ocrx_word' id='word_1_264' title='bbox 698 1864 744 1899; x_wconf 87' lang='lat' dir='ltr'>ut</span> <span class='ocrx_word' id='word_1_265' title='bbox 774 1859 954 1898; x_wconf 88' lang='lat' dir='ltr'>malitiae</span> <span class='ocrx_word' id='word_1_266' title='bbox 985 1859 1152 1897; x_wconf 91' lang='lat' dir='ltr'>illorum</span> <span class='ocrx_word' id='word_1_267' title='bbox 1184 1857 1360 1897; x_wconf 83' lang='lat' dir='ltr'>consilio</span> <span class='ocrx_word' id='word_1_268' title='bbox 1392 1861 1536 1895; x_wconf 90' lang='lat' dir='ltr'>nostro</span> <span class='ocrx_word' id='word_1_269' title='bbox 1569 1855 1849 1909; x_wconf 83' lang='lat' dir='ltr'>occurramus)</span> <span class='ocrx_word' id='word_1_270' title='bbox 1879 1871 1952 1897; x_wconf 88' lang='lat' dir='ltr'>ne-</span> 
     </span>
     <span class='ocr_line' id='line_1_27' title="bbox 187 1919 1952 1975; baseline -0.005 -7"><span class='ocrx_word' id='word_1_271' title='bbox 187 1926 369 1968; x_wconf 88' lang='lat' dir='ltr'>cessario</span> <span class='ocrx_word' id='word_1_272' title='bbox 412 1923 499 1965; x_wconf 86' lang='lat' dir='ltr'>fieri</span> <span class='ocrx_word' id='word_1_273' title='bbox 538 1923 756 1975; x_wconf 82' lang='lat' dir='ltr'>intelliget.</span> <span class='ocrx_word' id='word_1_274' title='bbox 816 1919 882 1960; x_wconf 78' lang='lat'>56.</span> <span class='ocrx_word' id='word_1_275' title='bbox 913 1921 1027 1960; x_wconf 87' lang='lat' dir='ltr'>Haec</span> <span class='ocrx_word' id='word_1_276' title='bbox 1067 1921 1225 1973; x_wconf 89' lang='lat' dir='ltr'>primae</span> <span class='ocrx_word' id='word_1_277' title='bbox 1256 1919 1432 1959; x_wconf 87' lang='lat' dir='ltr'>actionis</span> <span class='ocrx_word' id='word_1_278' title='bbox 1466 1919 1543 1958; x_wconf 85' lang='lat' dir='ltr'>erit</span> <span class='ocrx_word' id='word_1_279' title='bbox 1573 1919 1796 1959; x_wconf 87' lang='lat' dir='ltr'>accusatio.</span> <span class='ocrx_word' id='word_1_280' title='bbox 1840 1920 1952 1960; x_wconf 91' lang='lat' dir='ltr'>Dici-</span> 
     </span>
     <span class='ocr_line' id='line_1_28' title="bbox 187 1980 1952 2035; baseline -0.005 -4"><span class='ocrx_word' id='word_1_281' title='bbox 187 2004 278 2030; x_wconf 89' lang='lat' dir='ltr'>mus</span> <span class='ocrx_word' id='word_1_282' title='bbox 311 1989 354 2029; x_wconf 85' lang='lat' dir='ltr'>C.</span> <span class='ocrx_word' id='word_1_283' title='bbox 385 1989 579 2035; x_wconf 87' lang='lat' dir='ltr'>Verrem,</span> <span class='ocrx_word' id='word_1_284' title='bbox 610 1999 703 2025; x_wconf 88' lang='lat' dir='ltr'>cum</span> <span class='ocrx_word' id='word_1_285' title='bbox 735 1984 866 2024; x_wconf 91' lang='lat' dir='ltr'>multa</span> <span class='ocrx_word' id='word_1_286' title='bbox 896 1982 1142 2030; x_wconf 88' lang='lat' dir='ltr'>libidinose,</span> <span class='ocrx_word' id='word_1_287' title='bbox 1173 1982 1304 2021; x_wconf 82' lang='lat' dir='ltr'>inulta</span> <span class='ocrx_word' id='word_1_288' title='bbox 1335 1981 1559 2021; x_wconf 84' lang='lat' dir='ltr'>crudeliter</span> <span class='ocrx_word' id='word_1_289' title='bbox 1588 1980 1632 2020; x_wconf 93' lang='lat' dir='ltr'>in</span> <span class='ocrx_word' id='word_1_290' title='bbox 1664 1981 1774 2021; x_wconf 89' lang='lat' dir='ltr'>cives</span> <span class='ocrx_word' id='word_1_291' title='bbox 1800 1982 1952 2023; x_wconf 90' lang='lat' dir='ltr'>Roma-</span> 
     </span>
     <span class='ocr_line' id='line_1_29' title="bbox 186 2043 1952 2105; baseline -0.004 -12"><span class='ocrx_word' id='word_1_292' title='bbox 186 2066 263 2093; x_wconf 91' lang='lat' dir='ltr'>nos</span> <span class='ocrx_word' id='word_1_293' title='bbox 294 2057 423 2105; x_wconf 90' lang='lat' dir='ltr'>atque</span> <span class='ocrx_word' id='word_1_294' title='bbox 455 2050 615 2096; x_wconf 91' lang='lat' dir='ltr'>socios,</span> <span class='ocrx_word' id='word_1_295' title='bbox 646 2047 778 2087; x_wconf 90' lang='lat' dir='ltr'>multa</span> <span class='ocrx_word' id='word_1_296' title='bbox 807 2047 850 2086; x_wconf 93' lang='lat' dir='ltr'>in</span> <span class='ocrx_word' id='word_1_297' title='bbox 882 2045 982 2085; x_wconf 89' lang='lat' dir='ltr'>deos</span> <span class='ocrx_word' id='word_1_298' title='bbox 1012 2045 1292 2098; x_wconf 88' lang='lat' dir='ltr'>hominesque</span> <span class='ocrx_word' id='word_1_299' title='bbox 1324 2044 1482 2084; x_wconf 85' lang='lat' dir='ltr'>nefarie</span> <span class='ocrx_word' id='word_1_300' title='bbox 1513 2043 1679 2091; x_wconf 85' lang='lat' dir='ltr'>fecerit,</span> <span class='ocrx_word' id='word_1_301' title='bbox 1714 2049 1803 2084; x_wconf 89' lang='lat' dir='ltr'>tum</span> <span class='ocrx_word' id='word_1_302' title='bbox 1832 2059 1952 2099; x_wconf 90' lang='lat' dir='ltr'>prae-</span> 
     </span>
     <span class='ocr_line' id='line_1_30' title="bbox 188 2105 1952 2168; baseline -0.004 -12"><span class='ocrx_word' id='word_1_303' title='bbox 188 2121 300 2156; x_wconf 89' lang='lat' dir='ltr'>terea</span> <span class='ocrx_word' id='word_1_304' title='bbox 342 2111 682 2168; x_wconf 86' lang='lat' dir='ltr'>quadringenties</span> <span class='ocrx_word' id='word_1_305' title='bbox 724 2108 961 2149; x_wconf 88' lang='lat' dir='ltr'>sestertium</span> <span class='ocrx_word' id='word_1_306' title='bbox 994 2121 1047 2147; x_wconf 75' lang='lat' dir='ltr'>ex</span> <span class='ocrx_word' id='word_1_307' title='bbox 1078 2107 1218 2146; x_wconf 89' lang='lat' dir='ltr'>Sicilia</span> <span class='ocrx_word' id='word_1_308' title='bbox 1250 2112 1394 2146; x_wconf 89' lang='lat' dir='ltr'>contra</span> <span class='ocrx_word' id='word_1_309' title='bbox 1425 2107 1537 2159; x_wconf 87' lang='lat' dir='ltr'>leges</span> <span class='ocrx_word' id='word_1_310' title='bbox 1568 2105 1804 2148; x_wconf 89' lang='lat' dir='ltr'>abstulisse.</span> <span class='ocrx_word' id='word_1_311' title='bbox 1862 2108 1952 2149; x_wconf 88' lang='lat' dir='ltr'>IIoc</span> 
     </span>
     <span class='ocr_line' id='line_1_31' title="bbox 138 2168 1952 2226; baseline -0.005 -7"><span class='ocrx_word' id='word_1_312' title='bbox 138 2184 175 2213; x_wconf 86' lang='lat'>30</span> <span class='ocrx_word' id='word_1_313' title='bbox 188 2178 384 2225; x_wconf 87' lang='lat' dir='ltr'>testibus,</span> <span class='ocrx_word' id='word_1_314' title='bbox 414 2176 495 2216; x_wconf 90' lang='lat' dir='ltr'>hoc</span> <span class='ocrx_word' id='word_1_315' title='bbox 525 2173 678 2215; x_wconf 85' lang='lat' dir='ltr'>tabulis</span> <span class='ocrx_word' id='word_1_316' title='bbox 708 2172 882 2226; x_wconf 70' lang='lat' dir='ltr'>privatis</span> <span class='ocrx_word' id='word_1_317' title='bbox 914 2169 1180 2223; x_wconf 90' lang='lat' dir='ltr'>publicisque</span> <span class='ocrx_word' id='word_1_318' title='bbox 1213 2169 1528 2209; x_wconf 85' lang='lat' dir='ltr'>auctoritatibus</span> <span class='ocrx_word' id='word_1_319' title='bbox 1560 2168 1616 2207; x_wconf 88' lang='lat' dir='ltr'>ita</span> <span class='ocrx_word' id='word_1_320' title='bbox 1637 2168 1754 2209; x_wconf 80' lang='lat' dir='ltr'>vobis</span> <span class='ocrx_word' id='word_1_321' title='bbox 1780 2171 1952 2224; x_wconf 89' lang='lat' dir='ltr'>planum</span> 
     </span>
     <span class='ocr_line' id='line_1_32' title="bbox 188 2229 1952 2287; baseline -0.005 -6"><span class='ocrx_word' id='word_1_322' title='bbox 188 2240 412 2287; x_wconf 90' lang='lat' dir='ltr'>faciemus,</span> <span class='ocrx_word' id='word_1_323' title='bbox 452 2242 499 2278; x_wconf 92' lang='lat' dir='ltr'>ut</span> <span class='ocrx_word' id='word_1_324' title='bbox 525 2237 607 2277; x_wconf 90' lang='lat' dir='ltr'>hoc</span> <span class='ocrx_word' id='word_1_325' title='bbox 639 2235 850 2282; x_wconf 87' lang='lat' dir='ltr'>statuatis,</span> <span class='ocrx_word' id='word_1_326' title='bbox 892 2233 1016 2274; x_wconf 86' lang='lat' dir='ltr'>etiam</span> <span class='ocrx_word' id='word_1_327' title='bbox 1048 2232 1081 2271; x_wconf 91' lang='lat' dir='ltr'>si</span> <span class='ocrx_word' id='word_1_328' title='bbox 1115 2231 1294 2284; x_wconf 86' lang='lat' dir='ltr'>spatium</span> <span class='ocrx_word' id='word_1_329' title='bbox 1325 2231 1376 2270; x_wconf 88' lang='lat' dir='ltr'>ad</span> <span class='ocrx_word' id='word_1_330' title='bbox 1410 2229 1633 2269; x_wconf 87' lang='lat' dir='ltr'>dicendum</span> <span class='ocrx_word' id='word_1_331' title='bbox 1663 2237 1809 2272; x_wconf 91' lang='lat' dir='ltr'>nostro</span> <span class='ocrx_word' id='word_1_332' title='bbox 1841 2246 1952 2272; x_wconf 90' lang='lat' dir='ltr'>com-</span> 
     </span>
     <span class='ocr_line' id='line_1_33' title="bbox 190 2293 1951 2353; baseline -0.005 -11"><span class='ocrx_word' id='word_1_333' title='bbox 190 2302 314 2341; x_wconf 88' lang='lat' dir='ltr'>modo</span> <span class='ocrx_word' id='word_1_334' title='bbox 360 2312 603 2353; x_wconf 84' lang='lat' dir='ltr'>vacuosque</span> <span class='ocrx_word' id='word_1_335' title='bbox 649 2297 739 2337; x_wconf 91' lang='lat' dir='ltr'>dies</span> <span class='ocrx_word' id='word_1_336' title='bbox 784 2296 1097 2344; x_wconf 88' lang='lat' dir='ltr'>habuissemus,</span> <span class='ocrx_word' id='word_1_337' title='bbox 1143 2300 1282 2335; x_wconf 86' lang='lat' dir='ltr'>tamen</span> <span class='ocrx_word' id='word_1_338' title='bbox 1324 2295 1511 2335; x_wconf 87' lang='lat' dir='ltr'>oratione</span> <span class='ocrx_word' id='word_1_339' title='bbox 1555 2293 1680 2347; x_wconf 88' lang='lat' dir='ltr'>longa</span> <span class='ocrx_word' id='word_1_340' title='bbox 1709 2293 1815 2334; x_wconf 84' lang='lat' dir='ltr'>nihil</span> <span class='ocrx_word' id='word_1_341' title='bbox 1845 2308 1951 2348; x_wconf 89' lang='lat' dir='ltr'>opus</span> 
     </span>
    </p>
   </div>
   <div class='ocr_carea' id='block_1_3' title="bbox 188 2362 484 2404">
    <p class='ocr_par' dir='ltr' id='par_1_4' title="bbox 188 2362 484 2404">
     <span class='ocr_line' id='line_1_34' title="bbox 188 2362 484 2404; baseline -0.01 0"><span class='ocrx_word' id='word_1_342' title='bbox 188 2364 334 2404; x_wconf 92' lang='lat' dir='ltr'>fuisse.</span> <span class='ocrx_word' id='word_1_343' title='bbox 375 2362 484 2403; x_wconf 77' lang='lat' dir='ltr'>Dixi.</span> 
     </span>
    </p>
   </div>
   <div class='ocr_carea' id='block_1_4' title="bbox 191 2512 1954 2949">
    <p class='ocr_par' dir='ltr' id='par_1_5' title="bbox 191 2512 1954 2949">
     <span class='ocr_line' id='line_1_35' title="bbox 280 2512 1954 2557; baseline -0.002 -7"><span class='ocrx_word' id='word_1_344' title='bbox 280 2519 311 2550; x_wconf 88' lang='grc'>3.</span> <span class='ocrx_word' id='word_1_345' title='bbox 337 2521 392 2556; x_wconf 79' lang='lat' dir='ltr'>ut,</span> <span class='ocrx_word' id='word_1_346' title='bbox 419 2525 498 2557; x_wconf 80' lang='lat' dir='ltr'>quos</span> <span class='ocrx_word' id='word_1_347' title='bbox 522 2514 612 2546; x_wconf 87' lang='lat' dir='ltr'>coni.</span> <span class='ocrx_word' id='word_1_348' title='bbox 638 2512 752 2545; x_wconf 80' lang='lat' dir='ltr'>Madv.</span> <span class='ocrx_word' id='word_1_349' title='bbox 780 2514 803 2544; x_wconf 90' lang='lat'>1.</span> <span class='ocrx_word' id='word_1_350' title='bbox 830 2522 863 2554; x_wconf 85' lang='lat' dir='ltr'>p.</span> <span class='ocrx_word' id='word_1_351' title='bbox 884 2513 968 2545; x_wconf 71' lang='lat'>342:</span> <span class='ocrx_word' id='word_1_352' title='bbox 994 2517 1030 2545; x_wconf 76' lang='lat' dir='ltr'>ut</span> <span class='ocrx_word' id='word_1_353' title='bbox 1052 2514 1173 2553; x_wconf 75' lang='lat' dir='ltr'>Siculi,</span> <span class='ocrx_word' id='word_1_354' title='bbox 1200 2522 1279 2552; x_wconf 72' lang='lat' dir='ltr'>quos</span> <span class='ocrx_word' id='word_1_355' title='bbox 1303 2512 1405 2544; x_wconf 90' lang='lat' dir='ltr'>codd.</span> <span class='ocrx_word' id='word_1_356' title='bbox 1428 2531 1462 2535; x_wconf 97' lang='lat'>—</span> <span class='ocrx_word' id='word_1_357' title='bbox 1489 2514 1519 2545; x_wconf 80' lang='lat'>8.</span> <span class='ocrx_word' id='word_1_358' title='bbox 1546 2513 1684 2554; x_wconf 66' lang='grc' dir='ltr'><em>ἰνὶῃὶηία</em></span> <span class='ocrx_word' id='word_1_359' title='bbox 1707 2513 1770 2546; x_wconf 86' lang='lat' dir='ltr'>dtt.</span> <span class='ocrx_word' id='word_1_360' title='bbox 1791 2532 1827 2537; x_wconf 97' lang='lat'>—</span> <span class='ocrx_word' id='word_1_361' title='bbox 1854 2514 1884 2546; x_wconf 85' lang='lat'>9.</span> <span class='ocrx_word' id='word_1_362' title='bbox 1903 2522 1954 2546; x_wconf 79' lang='lat' dir='ltr'>re-</span> 
     </span>
     <span class='ocr_line' id='line_1_36' title="bbox 191 2562 1954 2609; baseline -0.003 -9"><span class='ocrx_word' id='word_1_363' title='bbox 191 2568 341 2609; x_wconf 74' lang='lat' dir='ltr'>sponderi</span> <span class='ocrx_word' id='word_1_364' title='bbox 365 2568 411 2598; x_wconf 89' lang='lat' dir='ltr'>L:</span> <span class='ocrx_word' id='word_1_365' title='bbox 442 2565 636 2605; x_wconf 77' lang='lat' dir='ltr'>respondere</span> <span class='ocrx_word' id='word_1_366' title='bbox 660 2564 706 2594; x_wconf 83' lang='lat' dir='ltr'>G3</span> <span class='ocrx_word' id='word_1_367' title='bbox 721 2572 763 2602; x_wconf 73' lang='grc' dir='ltr'>ςς</span> <span class='ocrx_word' id='word_1_368' title='bbox 794 2564 1010 2602; x_wconf 77' lang='lat' dir='ltr'>respondeant</span> <span class='ocrx_word' id='word_1_369' title='bbox 1034 2564 1095 2595; x_wconf 77' lang='lat' dir='ltr'>(itt.</span> <span class='ocrx_word' id='word_1_370' title='bbox 1123 2564 1159 2594; x_wconf 51' lang='lat'><strong>(⁷).</strong></span> <span class='ocrx_word' id='word_1_371' title='bbox 1189 2581 1221 2585; x_wconf 85' lang='lat'>—-</span> <span class='ocrx_word' id='word_1_372' title='bbox 1252 2564 1303 2595; x_wconf 61' lang='lat'>40.</span> <span class='ocrx_word' id='word_1_373' title='bbox 1330 2563 1557 2595; x_wconf 74' lang='lat' dir='ltr'>diuturnitalis</span> <span class='ocrx_word' id='word_1_374' title='bbox 1580 2562 1703 2595; x_wconf 72' lang='lat' dir='ltr'>codd:</span> <span class='ocrx_word' id='word_1_375' title='bbox 1738 2564 1954 2596; x_wconf 77' lang='lat' dir='ltr'>diuturnitate</span> 
     </span>
     <span class='ocr_line' id='line_1_37' title="bbox 193 2612 1950 2651; baseline -0.003 -2"><span class='ocrx_word' id='word_1_376' title='bbox 193 2617 272 2650; x_wconf 86' lang='lat' dir='ltr'>edd.</span> <span class='ocrx_word' id='word_1_377' title='bbox 298 2618 381 2649; x_wconf 83' lang='lat' dir='ltr'>vett.</span> <span class='ocrx_word' id='word_1_378' title='bbox 410 2634 444 2638; x_wconf 77' lang='lat'>—</span> <span class='ocrx_word' id='word_1_379' title='bbox 476 2617 554 2647; x_wconf 83' lang='lat' dir='ltr'>haec</span> <span class='ocrx_word' id='word_1_380' title='bbox 585 2622 636 2645; x_wconf 80' lang='lat' dir='ltr'>res</span> <span class='ocrx_word' id='word_1_381' title='bbox 660 2614 700 2644; x_wconf 85' lang='lat' dir='ltr'>Gt</span> <span class='ocrx_word' id='word_1_382' title='bbox 720 2613 773 2651; x_wconf 63' lang='grc' dir='ltr'>ἒς</span> <span class='ocrx_word' id='word_1_383' title='bbox 796 2613 853 2651; x_wconf 75' lang='lat' dir='ltr'>Lg.</span> <span class='ocrx_word' id='word_1_384' title='bbox 873 2613 926 2643; x_wconf 69' lang='lat'>⁶29.</span> <span class='ocrx_word' id='word_1_385' title='bbox 946 2612 1009 2645; x_wconf 73' lang='lat'>42:</span> <span class='ocrx_word' id='word_1_386' title='bbox 1043 2622 1096 2645; x_wconf 76' lang='lat' dir='ltr'>res</span> <span class='ocrx_word' id='word_1_387' title='bbox 1120 2613 1181 2644; x_wconf 88' lang='lat' dir='ltr'>dtt.</span> <span class='ocrx_word' id='word_1_388' title='bbox 1209 2614 1246 2644; x_wconf 91' lang='lat' dir='ltr'>O.</span> <span class='ocrx_word' id='word_1_389' title='bbox 1275 2631 1310 2635; x_wconf 97' lang='lat'>—</span> <span class='ocrx_word' id='word_1_390' title='bbox 1346 2613 1397 2644; x_wconf 78' lang='grc' dir='ltr'>Μ.</span> <span class='ocrx_word' id='word_1_391' title='bbox 1425 2613 1521 2644; x_wconf 75' lang='lat' dir='ltr'>totius</span> <span class='ocrx_word' id='word_1_392' title='bbox 1544 2613 1661 2644; x_wconf 69' lang='lat' dir='ltr'>aaziae</span> <span class='ocrx_word' id='word_1_393' title='bbox 1684 2620 1753 2644; x_wconf 89' lang='lat' dir='ltr'>om.</span> <span class='ocrx_word' id='word_1_394' title='bbox 1779 2614 1880 2645; x_wconf 88' lang='lat' dir='ltr'>Arus.</span> <span class='ocrx_word' id='word_1_395' title='bbox 1905 2613 1950 2644; x_wconf 88' lang='lat' dir='ltr'>M.</span> 
     </span>
     <span class='ocr_line' id='line_1_38' title="bbox 192 2663 1953 2710; baseline -0.003 -10"><span class='ocrx_word' id='word_1_396' title='bbox 192 2678 226 2710; x_wconf 85' lang='lat' dir='ltr'>p.</span> <span class='ocrx_word' id='word_1_397' title='bbox 251 2667 326 2700; x_wconf 68' lang='lat'>224.</span> <span class='ocrx_word' id='word_1_398' title='bbox 356 2685 391 2689; x_wconf 82' lang='lat'>——</span> <span class='ocrx_word' id='word_1_399' title='bbox 418 2667 470 2698; x_wconf 68' lang='lat'>4⁶2.</span> <span class='ocrx_word' id='word_1_400' title='bbox 502 2665 654 2696; x_wconf 80' lang='lat' dir='ltr'>ludorum</span> <span class='ocrx_word' id='word_1_401' title='bbox 686 2664 775 2695; x_wconf 90' lang='lat' dir='ltr'>coni.</span> <span class='ocrx_word' id='word_1_402' title='bbox 803 2664 892 2694; x_wconf 83' lang='lat' dir='ltr'>Man.</span> <span class='ocrx_word' id='word_1_403' title='bbox 921 2672 962 2695; x_wconf 78' lang='lat' dir='ltr'>ex</span> <span class='ocrx_word' id='word_1_404' title='bbox 990 2665 1088 2695; x_wconf 58' lang='lat' dir='ltr'>Asc:</span> <span class='ocrx_word' id='word_1_405' title='bbox 1120 2664 1319 2695; x_wconf 75' lang='lat' dir='ltr'>indiciorum</span> <span class='ocrx_word' id='word_1_406' title='bbox 1343 2663 1444 2695; x_wconf 74' lang='lat' dir='ltr'>codd.</span> <span class='ocrx_word' id='word_1_407' title='bbox 1474 2682 1498 2685; x_wconf 58' lang='lat'>-&lt;</span> <span class='ocrx_word' id='word_1_408' title='bbox 1541 2664 1592 2695; x_wconf 69' lang='lat'>48.</span> <span class='ocrx_word' id='word_1_409' title='bbox 1617 2666 1653 2695; x_wconf 78' lang='lat' dir='ltr'>ut</span> <span class='ocrx_word' id='word_1_410' title='bbox 1675 2664 1730 2695; x_wconf 81' lang='lat' dir='ltr'>ubi</span> <span class='ocrx_word' id='word_1_411' title='bbox 1753 2664 1787 2695; x_wconf 80' lang='lat' dir='ltr'>id</span> <span class='ocrx_word' id='word_1_412' title='bbox 1809 2665 1848 2696; x_wconf 77' lang='lat' dir='ltr'>A.</span> <span class='ocrx_word' id='word_1_413' title='bbox 1874 2664 1953 2695; x_wconf 83' lang='lat' dir='ltr'>Ian-</span> 
     </span>
     <span class='ocr_line' id='line_1_39' title="bbox 192 2713 1950 2756; baseline -0.002 -7"><span class='ocrx_word' id='word_1_414' title='bbox 192 2720 284 2749; x_wconf 86' lang='lat' dir='ltr'>noct.</span> <span class='ocrx_word' id='word_1_415' title='bbox 313 2735 348 2740; x_wconf 91' lang='grc'>-</span> <span class='ocrx_word' id='word_1_416' title='bbox 373 2715 608 2756; x_wconf 65' lang='lat' dir='ltr'>interrogando</span> <span class='ocrx_word' id='word_1_417' title='bbox 633 2713 726 2745; x_wconf 79' lang='lat' dir='ltr'>delet</span> <span class='ocrx_word' id='word_1_418' title='bbox 749 2713 861 2745; x_wconf 82' lang='lat' dir='ltr'>Madv.</span> <span class='ocrx_word' id='word_1_419' title='bbox 880 2714 904 2744; x_wconf 86' lang='lat'>1.</span> <span class='ocrx_word' id='word_1_420' title='bbox 931 2722 965 2754; x_wconf 89' lang='lat' dir='ltr'>p.</span> <span class='ocrx_word' id='word_1_421' title='bbox 985 2714 1058 2745; x_wconf 81' lang='lat'>335.</span> <span class='ocrx_word' id='word_1_422' title='bbox 1085 2713 1325 2745; x_wconf 82' lang='lat' dir='ltr'>probabiliter.</span> <span class='ocrx_word' id='word_1_423' title='bbox 1348 2732 1358 2735; x_wconf 43' lang='grc' dir='ltr'>ν</span> <span class='ocrx_word' id='word_1_424' title='bbox 1377 2732 1381 2734; x_wconf 99' lang='grc'>-</span> <span class='ocrx_word' id='word_1_425' title='bbox 1412 2713 1461 2745; x_wconf 69' lang='lat'>24..</span> <span class='ocrx_word' id='word_1_426' title='bbox 1489 2714 1650 2746; x_wconf 72' lang='lat' dir='ltr'>desiderat</span> <span class='ocrx_word' id='word_1_427' title='bbox 1673 2715 1714 2745; x_wconf 46' lang='lat' dir='ltr'>Gut</span> <span class='ocrx_word' id='word_1_428' title='bbox 1732 2713 1751 2744; x_wconf 72' lang='lat'>2</span> <span class='ocrx_word' id='word_1_429' title='bbox 1777 2714 1795 2745; x_wconf 81' lang='lat'>7</span> <span class='ocrx_word' id='word_1_430' title='bbox 1812 2714 1893 2755; x_wconf 81' lang='lat' dir='ltr'>ng.</span> <span class='ocrx_word' id='word_1_431' title='bbox 1914 2731 1950 2736; x_wconf 86' lang='lat'>—-</span> 
     </span>
     <span class='ocr_line' id='line_1_40' title="bbox 192 2763 1950 2805; baseline -0.003 -6"><span class='ocrx_word' id='word_1_432' title='bbox 192 2769 245 2799; x_wconf 63' lang='grc' dir='ltr'>ἵέἕ).</span> <span class='ocrx_word' id='word_1_433' title='bbox 272 2776 311 2798; x_wconf 87' lang='lat' dir='ltr'>ca</span> <span class='ocrx_word' id='word_1_434' title='bbox 335 2775 403 2798; x_wconf 89' lang='lat' dir='ltr'>om.</span> <span class='ocrx_word' id='word_1_435' title='bbox 423 2767 482 2797; x_wconf 72' lang='lat' dir='ltr'>Gt.</span> <span class='ocrx_word' id='word_1_436' title='bbox 504 2782 539 2787; x_wconf 98' lang='lat'><strong>—</strong></span> <span class='ocrx_word' id='word_1_437' title='bbox 566 2764 714 2796; x_wconf 75' lang='lat' dir='ltr'>oratione</span> <span class='ocrx_word' id='word_1_438' title='bbox 739 2763 797 2794; x_wconf 51' lang='lat'>(⁷¹12.</span> <span class='ocrx_word' id='word_1_439' title='bbox 816 2781 850 2785; x_wconf 73' lang='lat'>—</span> <span class='ocrx_word' id='word_1_440' title='bbox 875 2763 1016 2803; x_wconf 75' lang='lat' dir='ltr'>facimus</span> <span class='ocrx_word' id='word_1_441' title='bbox 1038 2773 1107 2795; x_wconf 87' lang='lat' dir='ltr'>om.</span> <span class='ocrx_word' id='word_1_442' title='bbox 1135 2764 1178 2795; x_wconf 85' lang='lat' dir='ltr'>dc</span> <span class='ocrx_word' id='word_1_443' title='bbox 1195 2765 1274 2795; x_wconf 76' lang='lat' dir='ltr'>Asc.</span> <span class='ocrx_word' id='word_1_444' title='bbox 1295 2764 1383 2795; x_wconf 87' lang='lat' dir='ltr'>coni.</span> <span class='ocrx_word' id='word_1_445' title='bbox 1404 2763 1525 2795; x_wconf 76' lang='lat' dir='ltr'>Lumb.</span> <span class='ocrx_word' id='word_1_446' title='bbox 1548 2782 1582 2786; x_wconf 91' lang='lat'>—-</span> <span class='ocrx_word' id='word_1_447' title='bbox 1609 2764 1662 2795; x_wconf 71' lang='lat'>⁶26.</span> <span class='ocrx_word' id='word_1_448' title='bbox 1689 2764 1844 2805; x_wconf 71' lang='lat' dir='ltr'>intelliqet</span> <span class='ocrx_word' id='word_1_449' title='bbox 1860 2764 1950 2795; x_wconf 90' lang='lat' dir='ltr'>coni.</span> 
     </span>
     <span class='ocr_line' id='line_1_41' title="bbox 194 2811 1954 2855; baseline -0.002 -7"><span class='ocrx_word' id='word_1_450' title='bbox 194 2816 384 2848; x_wconf 86' lang='lat' dir='ltr'>Fritzsche:</span> <span class='ocrx_word' id='word_1_451' title='bbox 410 2815 569 2855; x_wconf 70' lang='lat' dir='ltr'>intelligyat</span> <span class='ocrx_word' id='word_1_452' title='bbox 587 2814 628 2844; x_wconf 78' lang='lat' dir='ltr'>Gt</span> <span class='ocrx_word' id='word_1_453' title='bbox 647 2814 666 2844; x_wconf 69' lang='lat'>‘2</span> <span class='ocrx_word' id='word_1_454' title='bbox 691 2811 732 2844; x_wconf 87' lang='lat' dir='ltr'>al.</span> <span class='ocrx_word' id='word_1_455' title='bbox 750 2814 794 2850; x_wconf 72' lang='lat'>03</span> <span class='ocrx_word' id='word_1_456' title='bbox 820 2813 1003 2853; x_wconf 62' lang='lat' dir='ltr'>intelligant</span> <span class='ocrx_word' id='word_1_457' title='bbox 1027 2814 1106 2853; x_wconf 69' lang='lat' dir='ltr'>ng.</span> <span class='ocrx_word' id='word_1_458' title='bbox 1127 2821 1262 2845; x_wconf 83' lang='lat' dir='ltr'>omnes.</span> <span class='ocrx_word' id='word_1_459' title='bbox 1283 2831 1316 2835; x_wconf 56' lang='grc'>»-</span> <span class='ocrx_word' id='word_1_460' title='bbox 1344 2814 1396 2844; x_wconf 65' lang='grc'>28,</span> <span class='ocrx_word' id='word_1_461' title='bbox 1423 2815 1525 2845; x_wconf 76' lang='lat' dir='ltr'>socios</span> <span class='ocrx_word' id='word_1_462' title='bbox 1541 2814 1622 2853; x_wconf 63' lang='lat'>(335</span> <span class='ocrx_word' id='word_1_463' title='bbox 1645 2815 1725 2854; x_wconf 80' lang='lat' dir='ltr'>ng.</span> <span class='ocrx_word' id='word_1_464' title='bbox 1751 2813 1894 2855; x_wconf 70' lang='lat' dir='ltr'>pleriq:</span> <span class='ocrx_word' id='word_1_465' title='bbox 1918 2813 1954 2844; x_wconf 75' lang='lat' dir='ltr'>in</span> 
     </span>
     <span class='ocr_line' id='line_1_42' title="bbox 192 2863 1950 2904; baseline -0.002 -7"><span class='ocrx_word' id='word_1_466' title='bbox 192 2867 295 2898; x_wconf 82' lang='lat' dir='ltr'>socios</span> <span class='ocrx_word' id='word_1_467' title='bbox 318 2865 380 2897; x_wconf 89' lang='lat' dir='ltr'>dtt.</span> <span class='ocrx_word' id='word_1_468' title='bbox 400 2866 436 2896; x_wconf 92' lang='lat' dir='ltr'>O.</span> <span class='ocrx_word' id='word_1_469' title='bbox 463 2882 499 2887; x_wconf 83' lang='lat'>—</span> <span class='ocrx_word' id='word_1_470' title='bbox 525 2864 657 2904; x_wconf 73' lang='lat' dir='ltr'>nefaria</span> <span class='ocrx_word' id='word_1_471' title='bbox 680 2864 721 2894; x_wconf 72' lang='lat' dir='ltr'>ot</span> <span class='ocrx_word' id='word_1_472' title='bbox 740 2863 804 2902; x_wconf 61' lang='grc' dir='ltr'>ἒς.</span> <span class='ocrx_word' id='word_1_473' title='bbox 833 2880 867 2884; x_wconf 79' lang='lat'>—</span> <span class='ocrx_word' id='word_1_474' title='bbox 894 2863 1055 2895; x_wconf 48' lang='lat' dir='ltr'>&amp;acccc</span> <span class='ocrx_word' id='word_1_475' title='bbox 1077 2864 1118 2895; x_wconf 81' lang='lat' dir='ltr'>Gi</span> <span class='ocrx_word' id='word_1_476' title='bbox 1142 2864 1221 2903; x_wconf 80' lang='lat' dir='ltr'>ng.</span> <span class='ocrx_word' id='word_1_477' title='bbox 1242 2872 1367 2901; x_wconf 80' lang='lat' dir='ltr'>nonn.;</span> <span class='ocrx_word' id='word_1_478' title='bbox 1395 2863 1531 2896; x_wconf 70' lang='lat' dir='ltr'><em>CCCCJ!</em></span> <span class='ocrx_word' id='word_1_479' title='bbox 1546 2864 1606 2895; x_wconf 68' lang='lat'>(32.</span> <span class='ocrx_word' id='word_1_480' title='bbox 1628 2879 1663 2885; x_wconf 89' lang='lat'>—-</span> <span class='ocrx_word' id='word_1_481' title='bbox 1691 2863 1743 2896; x_wconf 88' lang='grc'>33.</span> <span class='ocrx_word' id='word_1_482' title='bbox 1772 2864 1844 2896; x_wconf 75' lang='lat' dir='ltr'>elixi</span> <span class='ocrx_word' id='word_1_483' title='bbox 1860 2863 1900 2895; x_wconf 71' lang='lat' dir='ltr'>Gt</span> <span class='ocrx_word' id='word_1_484' title='bbox 1918 2863 1950 2895; x_wconf 68' lang='lat'>2.</span> 
     </span>
     <span class='ocr_line' id='line_1_43' title="bbox 193 2914 597 2949; baseline 0.002 -2"><span class='ocrx_word' id='word_1_485' title='bbox 193 2917 238 2947; x_wconf 71' lang='lat' dir='ltr'>A:</span> <span class='ocrx_word' id='word_1_486' title='bbox 276 2915 376 2949; x_wconf 86' lang='lat' dir='ltr'>Uneis</span> <span class='ocrx_word' id='word_1_487' title='bbox 399 2914 538 2947; x_wconf 87' lang='lat' dir='ltr'>inclusit</span> <span class='ocrx_word' id='word_1_488' title='bbox 560 2915 597 2948; x_wconf 91' lang='grc' dir='ltr'>Ο.</span> 
     </span>
    </p>
   </div>
  </div>
 </body>
</html>
