2143 3713
278 203 358 244 526
695 204 894 246 ORATIO
924 206 992 245 DE
1025 205 1244 247 IMPERIO
1277 207 1356 248 CN.
1386 208 1604 248 POMPEII

275 316 354 355 bus
384 314 436 354 ad
467 315 594 367 patris
625 317 850 356 exercitum
881 322 1006 370 atque
1037 317 1078 356 in
1109 317 1277 358 militiae
1301 319 1562 372 disciplinam
1593 319 1801 372 profectus
1833 325 1912 369 est;
1945 323 2015 376 qui

273 381 456 417 extrema
485 378 663 430 pueritia
693 379 812 418 miles
842 380 883 418 in
916 379 1101 418 exercitu
1132 380 1280 419 summi
1311 380 1385 420 fuit
1414 381 1697 434 imperatoris,
1728 381 1895 422 ineunte
1920 385 2017 424 ado-

271 438 469 479 lescentia
505 440 673 479 maximi
713 441 801 493 ipse
833 441 1035 480 exercitus
1067 441 1312 493 imperator;
1355 444 1423 495 qui
1455 443 1618 495 saepius
1651 456 1741 482 cum
1771 443 1891 484 hoste
1921 458 2018 484 con-

271 497 396 548 flixit,
429 514 552 554 quam
582 502 801 555 quisquam
833 516 921 541 cum
949 502 1113 541 inimico
1138 504 1412 550 concertavit,
1444 504 1562 556 plura
1582 504 1691 543 bella
1712 505 1861 556 gessit,
1894 519 2016 559 quam

244 563 397 603 5ceteri
428 563 636 616 legerunt,
668 564 806 616 plures
838 564 1072 616 provincias
1097 563 1297 611 confecit,
1329 578 1451 618 quam
1474 566 1544 604 alii
1568 566 1916 619 concupiverunt3
1948 582 2019 607 cu-

271 624 336 664 ius
367 624 646 664 adolescentia
667 626 718 665 ad
749 626 964 666 scientiam
986 627 1045 666 rei
1071 626 1255 665 militaris
1282 640 1365 666 non
1386 627 1533 666 alienis
1555 629 1807 681 praeceptiS,
1839 629 1910 669 sed
1932 630 2017 669 suis

271 686 476 740 imperiiS,
506 700 590 726 non
612 688 908 727 offensionibus
928 688 1050 735 belli,
1081 687 1152 727 sed
1175 688 1381 735 victoriis,
1413 702 1494 728 non
1517 690 1750 742 stipendiis,
1782 691 1852 730 sed
1876 692 2018 731 trium-

269 749 363 802 phis
403 754 464 788 est
503 748 675 789 erudita.
730 749 852 797 Quod
884 750 1066 802 denique
1098 763 1226 801 genus
1259 764 1349 789 esse
1381 750 1478 790 belli
1510 756 1670 804 potest,
1712 751 1754 790 in
1786 767 1868 806 quo
1900 753 2015 792 illum

270 826 355 851 non
385 811 617 851 exercuerit
645 811 810 850 fortuna
841 811 899 850 rei
932 812 1121 863 publicae
1138 815 1155 851 ‘t
1201 812 1348 859 Civile,
1391 813 1652 861 Africanum,
1684 815 2016 867 Transalpinum,

223 874 566 926 tollispaniense‚
607 873 781 911 mixtum
822 886 874 911 ex
904 873 1138 913 civitatibus
1170 879 1295 927 atque
1326 887 1377 912 ex
1407 875 1734 915 bellicosissimis
1768 876 2015 923 nationibus,

269 937 440 983 servile,
471 934 616 974 navale
646 934 824 980 bellum,
859 935 973 974 varia
1004 940 1044 974 et
1075 936 1235 974 diversa
1267 949 1417 988 genera
1447 942 1486 976 et
1515 938 1719 977 bellorum
1751 944 1788 976 et
1819 938 2015 986 hostium,

267 1012 351 1039 non
382 997 514 1037 solum
546 1000 661 1048 gesta
691 995 740 1034 ab
771 995 849 1035 hoe
880 1010 988 1044 uno,
1019 997 1091 1036 sed
1125 997 1247 1036 etiam
1279 997 1483 1046 confecta,
1520 1000 1674 1038 nullam
1706 1013 1791 1038 rem
1823 1013 1913 1040 esse
1944 1000 2016 1040 de-

268 1061 425 1100 clarant
454 1059 495 1097 in
525 1071 603 1097 usu
634 1057 810 1110 positam
833 1058 1019 1105 militari,
1054 1072 1160 1112 quae
1191 1059 1313 1098 huius
1338 1060 1410 1099 viri
1433 1061 1648 1100 scientiam
1670 1061 1811 1113 sugere
1842 1062 1986 1113 possit.

379 1121 452 1160 xl.
484 1118 549 1158 29.
582 1120 667 1158 Iam
708 1132 806 1158 vero
837 1119 980 1159 virtuti
1013 1120 1084 1159 Cn.
1116 1121 1303 1173 Pompeii
1335 1134 1441 1174 quae
1472 1128 1608 1175 potest
1639 1123 1769 1162 oratio
1800 1137 1873 1176 par
1902 1124 2014 1163 inve—

223 1183 380 1224 eniri?
427 1182 537 1230 Quid
577 1186 661 1227 est,
703 1181 815 1234 quod
856 1182 1074 1235 quisquam
1108 1188 1178 1222 aut
1214 1182 1284 1221 illo
1317 1182 1483 1234 dignum
1517 1190 1585 1223 aut
1614 1184 1732 1223 vobis
1764 1198 1914 1224 novum
1945 1191 2017 1225 aut

268 1247 465 1299 cuiquam
495 1243 729 1283 inauditum
760 1244 891 1297 possit
920 1245 1099 1284 afferre?
1143 1246 1288 1298 Neque
1320 1245 1428 1284 enim
1460 1245 1556 1284 illae
1588 1251 1683 1285 sunt
1710 1246 1822 1285 solae
1843 1247 2016 1287 virtutes

266 1306 576 1362 imperatoriae,
623 1317 729 1358 quae
765 1305 889 1358 vulgo
930 1307 1241 1354 existimantur,
1282 1307 1398 1347 labor
1427 1308 1468 1347 in
1500 1308 1702 1360 negotiis,
1747 1308 1945 1348 fortitudo
1974 1310 2015 1349 in

266 1369 482 1424 periculis,
528 1367 733 1408 industria
768 1367 809 1406 in
850 1369 1035 1421 agendo,
1082 1369 1270 1408 celeritas
1309 1369 1351 1408 in
1394 1368 1674 1417 conficiendo,
1720 1371 1938 1411 consilium
1974 1372 2016 1411 in

267 1430 550 1486 providendo,
592 1442 698 1482 quae
738 1434 851 1469 tanta
892 1436 987 1470 sunt
1025 1431 1066 1470 in
1106 1430 1184 1470 hoe
1215 1445 1320 1478 uno,
1366 1438 1521 1485 quanta
1551 1432 1592 1470 in
1624 1433 1814 1473 omnibus
1845 1434 2016 1487 reliquis

219 1493 607 1548 20imperat()ribus,
639 1505 745 1545 quos
777 1497 848 1531 aut
868 1492 1046 1532 vidimus
1078 1498 1149 1532 aut
1179 1493 1438 1541 audivimus,
1469 1508 1553 1533 non
1574 1493 1756 1533 fuerunt.
1796 1493 1861 1534 30.
1886 1496 2016 1535 Testis

267 1561 329 1596 est
358 1555 498 1602 Italia,
530 1568 653 1607 quam
684 1553 753 1592 ille
785 1554 875 1606 ipse
907 1554 1057 1601 victor,
1089 1555 1132 1593 L.
1167 1555 1300 1602 Sulla,
1331 1556 1455 1595 huius
1477 1556 1626 1596 virtute
1649 1562 1689 1596 et
1710 1557 1896 1597 subsidio
1919 1571 2016 1598 con-

264 1618 400 1658 fessus
431 1622 492 1656 est
521 1617 757 1655 liberatam:
789 1616 904 1655 testis
937 1621 998 1655 est
1030 1616 1188 1663 Sicilia,
1220 1630 1344 1669 quam
1376 1617 1516 1656 multis
1538 1617 1721 1670 undique
1743 1620 1913 1659 cinctam
1946 1634 2018 1672 pe-

266 1680 409 1720 riculis
430 1692 513 1719 non
534 1684 690 1717 terrore
714 1677 825 1723 belli,
848 1677 919 1716 sed
942 1678 1105 1717 consilii
1132 1678 1340 1718 celeritate
1362 1678 1611 1731 explicavit:
1641 1681 1759 1720 testis
1787 1687 1848 1721 est
1867 1682 2016 1729 Africa,

267 1755 374 1795 quae
405 1741 564 1793 magnis
599 1751 799 1792 oppressa
828 1739 1013 1779 hostium
1044 1741 1201 1793 copiis,
1244 1754 1387 1780 eorum
1419 1740 1602 1792 ipsorum
1634 1742 1836 1794 sanguine
1865 1743 2019 1783 redun-

219 1804 405 1844 25davit:
447 1802 563 1842 testis
594 1807 657 1841 est
688 1800 843 1848 Gallia,
882 1814 956 1853 per
987 1814 1111 1855 quam
1142 1802 1379 1855 legionibus
1410 1802 1563 1842 nostris
1594 1803 1672 1842 iter
1701 1804 1744 1843 in
1774 1804 2018 1858 Hispaniam

272 1866 482 1906 Gallorum
514 1864 789 1904 internicione
821 1863 1072 1916 patefactum
1105 1870 1192 1904 est:
1234 1865 1351 1904 testis
1383 1871 1446 1904 est
1475 1865 1696 1918 Hispania,
1727 1879 1834 1919 quae
1865 1868 2020 1921 saepis-

270 1928 373 1968 sime
412 1926 614 1980 plurimos
654 1926 797 1965 hostes
827 1925 878 1964 ab
914 1925 994 1964 hoc
1025 1931 1241 1979 superatos
1272 1931 1587 1980 prostratosque
1619 1929 1864 1980 conspexit:
1904 1929 2019 1969 testis

269 1995 332 2030 est
361 1990 510 2029 iterum
541 1993 582 2028 et
612 1988 778 2041 saepius
809 1988 950 2034 Italia,
985 2002 1091 2041 quae
1123 2002 1217 2028 cum
1249 1989 1387 2028 servili
1414 1988 1524 2028 hello
1548 1993 1678 2029 taetro
1700 1990 2019 2044 periculosoque

269 2056 547 2106 premeretur,
589 2051 640 2090 ab
670 2050 750 2090 hoc
780 2050 982 2089 auxilium
1013 2051 1183 2090 absente
1215 2050 1436 2103 expetivit,
1479 2051 1590 2104 quod
1620 2051 1776 2091 bellum
1806 2057 2021 2106 exspecta-

218 2126 256 2157 30
270 2115 383 2154 tione
414 2113 504 2153 eius
535 2117 792 2152 attenuatum
817 2116 943 2165 atque
965 2112 1228 2152 imminutum
1259 2117 1342 2160 est,
1373 2113 1554 2152 adventu
1587 2113 1794 2154 sublatum
1815 2127 1861 2154 ac
1883 2114 2020 2168 sepul-

270 2181 380 2216 tum:
412 2172 479 2214 31.
511 2179 636 2214 testes
668 2187 777 2213 nune
806 2187 904 2213 vero
936 2173 1018 2213 iam
1050 2187 1194 2214 omnes
1225 2187 1320 2214 orae
1351 2179 1478 2228 atque
1510 2187 1653 2215 omnes
1683 2181 1849 2216 exterae
1876 2181 2018 2229 gentes

269 2251 317 2278 ac
346 2237 560 2284 nationes,
603 2236 785 2289 denique
816 2236 944 2275 maria
975 2237 1135 2284 onmia,
1167 2250 1257 2276 cum
1290 2237 1506 2284 universa,
1538 2243 1623 2277 tum
1654 2238 1697 2277 in
1728 2238 1902 2291 singulis
1935 2239 2018 2277 oris

270 2313 415 2341 omnes
453 2299 569 2339 sinus
608 2303 734 2351 atque
772 2304 934 2351 portus.
988 2298 1092 2346 Quis
1124 2299 1235 2339 enim
1274 2304 1360 2339 toto
1393 2300 1495 2339 mari
1527 2300 1644 2340 locus
1675 2314 1749 2353 per
1777 2300 1855 2341 hos
1886 2313 2019 2340 annos

355 2472 385 2503 4.
412 2472 445 2502 in
470 2477 538 2502 om.
565 2470 599 2502 F.
628 2486 662 2492 ——
688 2469 720 2501 2.
745 2469 779 2500 in
803 2469 949 2501 exercitu
972 2468 1152 2502 WCEV:
1179 2479 1248 2502 om.
1275 2471 1337 2502 ΒΑ
1353 2469 1463 2504 ΙᾸὲΟ.
1490 2489 1524 2493 -
1550 2471 1668 2502 summi
1691 2471 1753 2512 fuit
1775 2471 1854 2511 imp.
1879 2469 2017 2510 WCQ,

267 2520 344 2555 alii:
369 2522 431 2563 fuit
453 2521 531 2560 imp.
557 2520 674 2551 summi
696 2522 743 2556 A;
778 2519 840 2559 fuit
863 2521 980 2551 summi
1002 2521 1079 2560 imp.
1107 2521 1242 2552 EVFB
1258 2520 1366 2554 Lsso.
1398 2538 1432 2542 —
1463 2519 1493 2551 3.
1518 2520 1584 2560 ipse
1607 2529 1676 2552 om.
1703 2520 1815 2552 Schol.
1846 2538 1881 2542 —
1907 2521 1937 2552 6.
1964 2521 2019 2561 ad]

265 2573 300 2604 in
323 2572 362 2603 V.
391 2589 425 2593 -ψ
452 2571 483 2602 7.
509 2569 580 2601 belli
602 2573 631 2601 et
657 2569 804 2600 uictoriis
827 2569 903 2600 EV.
928 2587 961 2591 —
987 2570 1018 2601 8.
1044 2571 1173 2601 erudita
1196 2569 1239 2601 W
1253 2567 1451 2608 ChEVQt,
1476 2578 1508 2600 V.
1536 2578 1565 2600 e.
1592 2570 1625 2600 in
1650 2578 1718 2609 mg.
1744 2568 1785 2608 ἓ,
1812 2570 1859 2601 O:
1895 2570 2021 2601 tradita

267 2623 289 2654 F
302 2623 326 2653 B
341 2624 365 2654 A
381 2631 388 2659 ς
413 2621 567 2652 traducta
590 2628 671 2651 cum
688 2619 743 2650 cd.
765 2620 896 2650 luntiua
922 2620 944 2650 L
958 2618 1033 2652 2-
1060 2628 1123 2650 esse
1146 2619 1217 2650 betti
1234 2620 1257 2651 E
1270 2619 1316 2651 V:
1344 2618 1414 2649 belli
1430 2627 1495 2650 esse
1512 2619 1536 2650 R
1549 2620 1575 2650 A
1589 2619 1612 2649 L
1627 2617 1648 2652 ΣΞ
1662 2620 1740 2650 0.-
1769 2620 1800 2651 9.
1821 2620 2021 2660 affricanum

266 2672 291 2704 E
309 2671 385 2711 (Fr.)
404 2671 442 2702 V.
461 2686 495 2691 —
516 2670 566 2700 40.
584 2669 716 2699 mistum
732 2669 754 2699 L
769 2667 842 2701 §.R—-
870 2668 1063 2709 civitatibus]
1081 2668 1230 2700 ciuilibus
1246 2670 1269 2700 C
1284 2678 1290 2705 ;
1315 2668 1458 2699 incitatis
1474 2667 1521 2707 ’Βς
1547 2668 1668 2700 civibus
1684 2670 1869 2707 Graevius;
1895 2669 2017 2700 civibus

263 2721 380 2752 vilibus
402 2720 662 2753 Mommsenius.
685 2735 719 2740 —-
746 2721 844 2757 atque
866 2718 919 2757 ex]
945 2721 974 2749 et
998 2718 1034 2749 C.
1055 2718 1177 2749 Errore
1203 2717 1356 2758 quodam
1378 2718 1412 2749 in
1429 2716 1458 2756 ’Β
1483 2717 1608 2749 deesse
1633 2727 1675 2750 ea:
1698 2718 1839 2749 tradidit
1856 2717 2017 2755 Orellius;

267 2770 368 2803 deest
392 2770 424 2801 iu
440 2770 474 2801 F.
496 2786 530 2791 -—
559 2768 610 2799 Μ.
636 2767 750 2798 servite
772 2771 800 2799 et
823 2768 942 2798 navate
965 2766 993 2807 ’Β
1007 2769 1044 2798 Α.
1065 2786 1098 2789 -
1125 2767 1240 2799 bellam
1257 2776 1326 2799 om.
1346 2768 1388 2804 L3
1417 2768 1472 2798 «et
1496 2768 1539 2798 ita
1558 2777 1589 2799 v.
1610 2776 1661 2798 e.»
1680 2776 1748 2808 mg.
1769 2767 1803 2802 ἓ.
1824 2786 1858 2790 -
1886 2769 1937 2799 42.
1956 2776 2021 2799 esse

264 2829 335 2851 rem
350 2819 377 2850 V
390 2819 423 2850 F.
441 2834 475 2840 —
503 2817 554 2849 43.
579 2818 719 2856 positam
741 2817 880 2849 militari
897 2819 922 2849 E
936 2818 963 2847 V
979 2827 984 2847 :
1011 2817 1150 2848 militari
1168 2818 1311 2857 positam
1327 2818 1351 2848 R
1368 2818 1391 2848 L
1404 2816 1426 2850 ss
1440 2817 1475 2848 O.
1496 2836 1529 2839 —
1558 2816 1608 2849 «14.
1629 2818 1685 2849 Cn.
1702 2819 1831 2858 pompei
1846 2818 1962 2849 uirtuti
1978 2816 2017 2848 V.

268 2887 302 2891 —
329 2869 436 2901 oratio
456 2877 523 2908 par
546 2868 570 2899 E
583 2868 610 2898 V
626 2868 646 2898 F
661 2868 684 2898 B
698 2869 744 2898 A:
766 2876 834 2906 par
856 2868 962 2898 oratio
987 2868 1010 2898 L
1024 2865 1045 2899 ΣΞ
1060 2868 1097 2898 Ο.
1117 2884 1152 2888 -
1181 2868 1231 2898 115.
1258 2867 1311 2898 illo
1335 2867 1469 2907 diqnum
1485 2867 1509 2898 E
1524 2867 1550 2897 V
1564 2865 1612 2906 -Ἑῑ
1639 2867 1774 2907 diynum
1795 2867 1850 2898 illo
1865 2868 1891 2898 A
1907 2867 1929 2897 L
1945 2865 1965 2899 t}
1979 2867 2016 2897 Ο.

267 2935 302 2940 -—
330 2919 381 2950 47.
398 2918 526 2959 neqotio
550 2915 583 2950 ἓ.
612 2934 647 2937 —-
672 2917 707 2947 in
726 2916 881 2956 perieulis
901 2916 1076 2956 fortitudo,
1109 2916 1142 2947 in
1166 2917 1291 2957 agendo
1314 2916 1495 2953 industria,
1520 2916 1554 2946 in
1578 2917 1772 2956 conficiendo
1795 2916 1960 2954 celeritas,
1985 2915 2020 2946 in

260 2968 462 3007 providendo
485 2966 655 2998 consilium
670 2966 708 2998 V.
732 2984 765 2988 —
792 2966 844 2996 ⁶21.
869 2966 1020 3005 subsidio]
1045 2966 1178 2997 consitio
1196 2964 1261 2999 Fss.
1282 2983 1316 2987 —
1344 2965 1396 2996 22.
1418 2965 1513 2996 Testis
1535 2968 1578 2996 est
1594 2965 1709 2996 Sicilia
1724 2982 1771 2988 --
1786 2965 1962 3005 explicavit
1977 2966 2016 2998 A.

266 3016 392 3049 Gellius
409 3018 432 3049 1.
451 3017 483 3056 7,
500 3017 595 3047 ⁶20.—
622 3015 675 3047 ⁶23.
693 3015 818 3047 consilii
833 3015 995 3046 eeleritate
1012 3015 1035 3046 E
1050 3016 1088 3054 V,
1108 3014 1252 3046 Gellius:
1278 3013 1443 3045 eeleritate
1465 3013 1590 3044 consilii
1606 3014 1631 3045 R
1644 3014 1702 3044 AL
1716 3011 1826 3047 80—
1847 3013 1899 3046 ¹24.
1919 3022 2019 3053 quam

264 3067 394 3107 magnis
416 3074 603 3106 oppressam
626 3064 668 3104 Ἦ.
689 3082 722 3086 -
750 3066 802 3097 ⁶25.
828 3066 890 3096 iter
911 3066 946 3096 in
968 3065 1162 3105 Hispaniam
1185 3063 1395 3103 Madvigius:
1422 3063 1506 3094 inter
1528 3063 1711 3102 hispaniam
1734 3062 1758 3094 E
1772 3063 1816 3100 V;
1842 3063 1875 3094 in
1898 3063 2020 3102 Hispa-

265 3117 356 3147 niam
378 3117 440 3148 iter
463 3117 487 3147 R
500 3117 526 3147 A
541 3116 564 3146 L
578 3113 599 3148 ἓ
615 3116 651 3146 O.
668 3132 702 3136 ——
729 3115 782 3147 26.
808 3115 1019 3146 internicione
1036 3116 1063 3145 V
1076 3116 1100 3146 B
1113 3140 1120 3154 ‚
1145 3114 1349 3146 internitione
1374 3113 1418 3144 W
1443 3114 1541 3152 (teste
1561 3112 1716 3151 Grutero)
1743 3111 1817 3143 Chb
1835 3112 1877 3143 E:
1902 3111 2019 3143 interi-

266 3166 350 3197 tione
373 3166 416 3197 W
434 3164 612 3205 (Lambino
629 3164 729 3204 teste)
746 3174 752 3202 3
779 3165 994 3196 internecione
1014 3165 1037 3195 L
1051 3164 1071 3198 Β
1086 3165 1127 3202 Ο;
1153 3162 1396 3202 interemptione
1414 3162 1434 3192 1³
1449 3163 1486 3193 Α.
1508 3179 1542 3183 -
1569 3162 1621 3194 27.
1647 3164 1815 3200 superatos
1838 3161 1878 3192 ab
1900 3161 1959 3192 hoc
1974 3159 2016 3200 ψ.

269 3231 303 3236 ——
327 3215 496 3255 prospexit
520 3215 705 3255 (superscr.
732 3214 804 3253 con)
830 3215 865 3246 F.
893 3232 928 3236 —
954 3214 1006 3246 28.
1033 3217 1114 3246 tetro
1137 3213 1174 3244 O.
1201 3230 1235 3234 -
1269 3212 1320 3244 30.
1347 3212 1415 3243 eius
1439 3212 1523 3242 EV:
1560 3210 1701 3250 Pompeii
1726 3209 1951 3243 FssALsso.
1978 3225 2013 3231 —

266 3263 319 3294 31.
344 3273 428 3295 nune
453 3264 476 3296 C
490 3264 515 3295 E
529 3265 572 3296 V:
609 3273 678 3296 om.
704 3265 727 3296 R
741 3265 803 3296 AL
818 3263 839 3298 ⁵3
854 3265 890 3296 O.
923 3263 1028 3305 (testes
1054 3271 1162 3295 omnes
1182 3262 1370 3293 maritimae
1393 3269 1472 3292 orae
1495 3260 1550 3301 ξιξ.)
1578 3278 1612 3282 -
1649 3267 1756 3291 omnes
1779 3263 1888 3291 terrae
1910 3261 2018 3300 qentes

267 3313 416 3346 nationes
439 3314 475 3346 C.
503 3330 538 3336 ——
567 3313 619 3346 32.
644 3314 756 3346 maria
779 3314 915 3353 denique
937 3312 980 3354 ΣΒ.
1008 3331 1042 3336 -
1068 3321 1143 3344 eum
1165 3312 1288 3346 EVB:
1319 3314 1388 3343 tum
1410 3310 1596 3344 FALQO.
1622 3326 1657 3332 -—
1685 3309 1751 3342 oris
1774 3316 1843 3340 oni.
1870 3308 1907 3340 Ο.
