2175 3718
238 224 316 266 470
727 233 782 273 IN
812 233 1031 272 VERREM
1059 233 1219 274 ACTIO
1252 234 1492 275 SECUNDA

235 341 415 381 diculum
447 344 676 395 exigantur.
736 342 828 384 2134„
860 345 1096 392 Habonius,
1137 346 1206 398 qui
1238 346 1370 398 legem
1402 352 1564 393 nosset,
1597 359 1680 400 qua
1708 348 1751 386 in
1781 347 1871 401 lege
1902 363 1978 389 nu-

234 418 371 444 merus
402 410 562 446 tantum
594 407 877 447 columnarum
902 407 1095 453 traditur,
1126 408 1414 459 perpendiculi
1438 409 1591 447 mentio
1613 406 1656 446 fit
1677 409 1812 456 nulla,
1845 416 1885 449 et
1905 413 1976 464 qui

233 480 316 506 non
347 473 513 520 putaret
543 469 620 508 sibi
653 470 847 522 expedire
875 469 929 507 ita
951 469 1162 521 accipere,
1194 483 1244 508 ne
1267 470 1413 508 eodem
1436 471 1557 509 niodo
1582 471 1827 511 tradendum
1850 480 1976 513 esset:

233 534 354 581 negat
391 529 432 569 id
472 530 549 570 sibi
589 531 750 577 deberi,
792 535 914 582 negat
951 537 1144 582 oportere
1185 531 1307 582 exigi.
1368 532 1448 571 lste
1486 532 1724 571 Habonium
1764 535 1976 586 quiescere

196 592 344 631 ⁵iubet
374 598 412 631 et
443 593 563 632 simul
597 594 634 633 ei
666 593 905 632 nonnullam
941 606 1056 644 spem
1089 593 1297 632 societatis
1329 594 1524 633 ostendit.
1583 594 1805 635 Hominem
1836 597 1977 637 mode-

227 658 335 692 stum
376 659 416 693 et
453 655 620 693 minime
660 655 913 707 pertinacem
943 654 1063 694 facile
1096 659 1285 693 coercet:
1327 655 1540 695 columnas
1572 657 1627 695 ita
1658 670 1701 695 se
1734 664 1976 699 exacturum

226 729 318 755 esse
356 717 585 756 confirmat.
646 714 737 755 1:355.
778 718 892 755 Nova
930 730 992 755 res
1033 723 1158 771 atque
1196 717 1420 769 improvisa
1452 718 1600 770 pupilli
1631 719 1841 759 calamitas
1872 735 1978 761 nun-

228 778 350 817 tiatur
380 778 517 818 statim
551 779 592 818 C.
621 780 791 825 Mustio,
824 779 967 818 vitrico
992 780 1163 831 pupilli,
1196 780 1265 833 qui
1289 793 1421 832 nuper
1443 786 1505 819 est
1525 787 1735 828 mortuus,
1768 784 1821 822 M.
1843 784 1976 833 Iunio,

226 846 394 894 patruo,
426 842 468 880 P.
501 841 608 880 Titio
641 841 792 887 tutori,
832 841 990 879 homini
1024 840 1319 893 frugalissimo.
1380 842 1431 879 Hi
1463 855 1549 881 rem
1580 843 1631 881 ad
1662 843 1794 883 virum
1827 847 1978 898 prima-

175 905 348 951 «orium,
381 917 540 943 summo
573 903 711 942 officio
743 917 790 942 ac
820 904 971 942 virtute
1003 904 1259 956 praeditum,
1302 904 1354 942 M.
1387 904 1649 952 Marcellum,
1682 906 1752 958 qui
1786 913 1872 946 erat
1903 922 1978 961 pu-

223 965 313 1018 pilli
345 971 479 1012 tutor,
519 966 720 1004 deferunt.
781 965 904 1004 Venit
943 965 994 1004 ad
1032 968 1202 1006 Verrem
1234 966 1286 1004 M.
1317 967 1565 1006 Marcellus:
1605 968 1710 1020 petit
1739 969 1789 1007 ab
1821 982 1869 1008 eo
1902 985 1976 1023 pro

222 1042 298 1067 sua
326 1028 408 1067 fide
439 1041 485 1067 ac
517 1027 731 1079 diligentia
762 1028 951 1080 pluribus
981 1029 1139 1075 verbis,
1181 1041 1232 1066 ne
1277 1040 1350 1080 per
1381 1041 1583 1068 summam
1615 1030 1808 1070 iniuriam
1839 1034 1977 1085 pupil-

222 1090 306 1128 lum
347 1089 509 1128 Iunium
541 1089 719 1128 fortunis
755 1090 896 1142 patriis
928 1096 1102 1130 conetur
1132 1094 1328 1129 evertere.
1392 1090 1491 1137 Iste,
1533 1092 1603 1143 qui
1634 1091 1715 1130 iam
1747 1107 1820 1146 spe
1851 1101 1976 1149 atque

223 1153 419 1204 opinione
450 1152 647 1204 praedam
678 1152 792 1190 illam
823 1152 1080 1200 devorasset,
1114 1165 1249 1205 neque
1275 1151 1359 1190 ulla
1381 1153 1590 1205 aequitate
1615 1155 1814 1195 orationis
1837 1170 1974 1210 neque

171 1223 206 1252 15
222 1214 467 1253 auctoritate
497 1215 550 1253 M.
572 1214 756 1253 Marcelli
781 1220 1012 1254 commotus
1035 1221 1107 1254 est.
1155 1215 1323 1267 Itaque,
1356 1229 1479 1268 quem
1503 1216 1553 1254 ad
1578 1216 1747 1255 modum
1771 1219 1977 1258 ostendis-

222 1281 306 1323 set,
345 1289 387 1315 se
426 1276 466 1315 id
505 1282 749 1316 exacturum
790 1290 881 1316 esse
922 1278 1150 1330 respondit.
1214 1274 1304 1317 1311.
1348 1280 1448 1317 Cum
1481 1279 1558 1317 sibi
1593 1292 1737 1318 omnes
1769 1281 1819 1319 ad
1852 1282 1977 1322 istum

221 1338 494 1389 allegationes
535 1339 750 1386 difficiles,
798 1354 941 1379 omnes
982 1341 1120 1380 aditus
1151 1341 1303 1380 arduos
1334 1354 1380 1381 ae
1412 1342 1550 1394 potius
1582 1342 1833 1383 interclusos
1864 1345 1977 1385 vide—

222 1406 333 1447 rent,
377 1400 488 1453 apud
531 1415 655 1454 quem
694 1415 777 1441 non
811 1403 897 1450 ius,
938 1417 1020 1441 non
1053 1403 1262 1456 aequitas,
1304 1418 1387 1443 non
1421 1404 1726 1452 misericordia,
1769 1419 1851 1445 non
1882 1420 1979 1459 pro-

222 1464 368 1517 pinqui
417 1464 570 1511 oratiO,
618 1477 700 1503 non
751 1466 874 1505 amici
920 1466 1138 1512 voluntas,
1189 1479 1271 1505 non
1319 1467 1567 1520 cuiusquam
1612 1468 1838 1507 auctoritas
1887 1467 1976 1521 [pro

170 1535 206 1564 ‘20
221 1523 398 1579 pretio,]
434 1540 514 1565 non
548 1527 679 1577 gratia
710 1528 884 1568 valeret:
917 1534 1106 1568 statuunt
1144 1529 1183 1567 id
1226 1530 1302 1568 sibi
1335 1530 1537 1582 optimum
1579 1544 1668 1569 esse
1700 1530 1831 1577 factu,
1864 1530 1976 1584 quod

221 1588 352 1627 cuivis
395 1589 577 1629 venisset
618 1590 659 1628 in
707 1596 907 1637 mentem,
954 1597 1096 1643 petere
1142 1592 1343 1631 auxilium
1383 1606 1405 1630 a
1447 1592 1700 1638 Chelidone,
1746 1606 1853 1645 quae
1898 1594 1977 1633 isto

220 1655 411 1702 praetore
459 1664 541 1689 non
590 1652 713 1690 modo
754 1652 794 1690 in
838 1653 925 1691 iure
967 1654 1077 1692 civili
1125 1654 1467 1707 privatorumque
1516 1655 1701 1693 omnium
1738 1660 1978 1694 controver-

221 1713 292 1751 siis
333 1713 490 1765 populo
532 1714 719 1752 Romano
761 1714 961 1766 praefuit,
1005 1729 1146 1754 verum
1190 1717 1311 1755 etiam
1346 1717 1386 1755 in
1418 1717 1482 1755 his
1514 1718 1636 1756 sartis
1668 1717 1872 1770 tectisque
1904 1718 1977 1756 do-

222 1775 376 1815 minata
425 1780 499 1815 est.
566 1777 647 1815 Lll.
692 1773 781 1816 137.
824 1778 946 1816 Venit
990 1777 1041 1816 ad
1083 1778 1353 1818 Chelidonem
1396 1779 1439 1818 C.
1479 1780 1675 1826 Mustius,
1727 1792 1856 1832 eques
1896 1780 1977 1818 Ro-

171 1847 206 1877 95
222 1851 387 1885 manus,
429 1839 700 1891 publicanus,
746 1840 871 1879 homo
904 1855 995 1879 cum
1027 1841 1171 1893 primis
1203 1842 1428 1880 honestus:
1470 1842 1583 1881 venit
1614 1843 1666 1881 M.
1701 1842 1864 1887 lunius,
1906 1854 1977 1894 pa-

220 1906 337 1941 truus
368 1901 509 1952 pueri,
542 1900 848 1953 frugalissimus
879 1903 1005 1943 homo
1039 1909 1077 1942 et
1105 1903 1386 1942 castissimus:
1418 1904 1531 1943 venit
1560 1904 1685 1943 homo
1709 1917 1869 1943 summo
1902 1918 1977 1956 pu-

219 1963 338 2009 dore,
371 1977 533 2002 summo
557 1963 710 2010 osticio,
743 1966 1074 2017 spectatissimus
1098 1965 1257 2004 ordinis
1281 1966 1366 2012 sui,
1399 1967 1440 2004 P.
1464 1966 1598 2005 Titius
1621 1971 1744 2005 tutor.
1778 1966 1811 2005 O
1835 1966 1976 2005 multis

218 2026 430 2073 acerbam,
464 2039 487 2065 o
520 2027 711 2066 miseram
744 2032 869 2081 atque
901 2027 1112 2079 indignam
1146 2031 1381 2079 praeturam
1414 2027 1550 2065 tuam!
1611 2027 1662 2066 Ut
1693 2028 1879 2067 omittam
1911 2041 1976 2067 ce-

219 2092 325 2134 tera,
358 2101 442 2141 quo
474 2089 640 2128 tandem
672 2091 831 2142 pudore
866 2090 967 2129 tales
998 2090 1129 2136 viros,
1162 2103 1245 2142 quo
1280 2088 1423 2128 dolore
1456 2089 1685 2128 meretricis
1715 2090 1884 2128 domum
1906 2103 1976 2128 ve-

166 2158 203 2190 30
219 2150 328 2189 nisse
351 2151 607 2190 arbitramini
624 2155 641 2191 ἰ)
674 2152 746 2205 qui
779 2152 892 2191 nulla
916 2151 1165 2191 condicione
1188 2151 1306 2189 istam
1327 2151 1628 2202 turpitudinem
1651 2152 1871 2197 subissent,
1895 2152 1974 2191 nisi

218 2211 344 2251 oflicii
364 2213 771 2268 necessitudinisque
793 2215 899 2254 ratio
923 2215 1139 2266 coegisset.
1171 2213 1378 2259 Veniunt,
1409 2218 1455 2252 ut
1476 2214 1589 2259 dico,
1611 2213 1661 2251 ad
1687 2212 1974 2252 Chelidonem.

216 2275 374 2314 Domus
414 2281 501 2314 erat
539 2276 688 2327 plena:
730 2290 838 2316 nova
869 2278 980 2323 iura,
1022 2290 1128 2315 nova
1161 2276 1345 2322 decreta,
1390 2290 1498 2315 nova
1529 2277 1682 2316 iudicia
1714 2277 1974 2329 petebantur.

222 2337 344 2376 «Mihi
369 2337 438 2377 det
467 2340 803 2390 possessionem:
836 2340 934 2378 mihi
966 2352 1018 2379 ne
1050 2339 1230 2377 adimat:
1264 2339 1304 2377 in
1339 2352 1402 2377 me
1433 2339 1715 2378 iudiciumne
1747 2339 1839 2377 det:
1873 2338 1972 2377 mihi

218 2399 327 2438 bona
344 2399 548 2439 addicat.»
582 2401 662 2439 Alii
689 2416 880 2440 nummos
901 2402 1197 2441 numerabant:
1230 2402 1279 2439 ab
1306 2401 1398 2440 aliis
1425 2401 1600 2440 tabellae
1627 2401 1972 2453 obsignabantur:

168 2470 204 2500 35
219 2461 367 2501 (10111115
399 2468 487 2501 erat
507 2476 591 2501 non
614 2464 848 2503 meretricio
872 2469 1102 2510 conventu,
1135 2464 1206 2502 sed
1229 2463 1437 2515 praetoria
1460 2463 1578 2502 turha
1600 2463 1762 2502 referta.
1801 2459 1886 2501 138.
1911 2462 1974 2501 Si-

218 2524 352 2563 11111130
391 2530 574 2576 potestas
615 2526 795 2578 primum
834 2527 929 2565 data
970 2531 1053 2573 est,
1093 2527 1248 2565 adeunt
1282 2525 1346 2571 hi,
1389 2539 1495 2578 quos
1528 2526 1630 2564 dixi.
1692 2525 1898 2578 Loquitur
1930 2524 1972 2563 C.

219 2586 416 2627 Mustius:
447 2601 532 2627 rem
556 2589 830 2628 demonstrat:
854 2589 957 2641 petit
978 2588 1205 2627 auxilium:
1229 2587 1448 2640 pecuniam
1470 2587 1706 2639 pollicetur.
1744 2587 1974 2639 Respondit

219 2649 312 2695 illa,
344 2654 389 2689 ut
420 2651 640 2697 meretrix,
673 2664 757 2690 non
790 2651 1097 2690 inhumaniter:
1135 2651 1312 2689 libenter
1341 2650 1398 2689 ait
1429 2663 1471 2689 se
1504 2663 1594 2689 esse
1625 2649 1828 2688 facturam
1859 2655 1899 2689 et
1929 2662 1972 2688 se

304 2754 334 2784 2.
362 2757 531 2784 (antarum
556 2755 658 2785 Prisc.
689 2755 759 2786 ¹¹sed
778 2755 854 2786 cod.
876 2756 961 2786 Mon.
984 2755 1135 2793 11111111111.)
1157 2771 1190 2776 -
1219 2755 1404 2784 lraclerelur
1423 2754 1525 2783 Prisc.
1549 2771 1581 2774 —-
1610 2753 1639 2783 3.
1659 2754 1853 2783 tradendum
1870 2753 1969 2793 ng:

217 2803 275 2834 sibi
300 2805 449 2834 tradend.
476 2805 597 2841 Prisc.;
624 2806 821 2835 reddendum
847 2804 887 2835 al.
908 2806 951 2841 O:
979 2806 1172 2836 credendum
1196 2805 1310 2843 4143
1341 2821 1374 2825 —
1402 2804 1431 2834 9.
1458 2805 1490 2834 P.
1514 2803 1602 2843 Titio]
1628 2804 1681 2833 Sic
1706 2802 1812 2833 habet
1836 2803 1862 2833 Υ
1886 2802 1971 2833 infra

220 2852 249 2892 ξ.
278 2854 349 2884 437.
378 2854 469 2884 139.;
495 2855 527 2886 I'.
558 2855 653 2885 Tettio
680 2855 815 2891 15:201).
838 2854 857 2886 1.
885 2857 917 2885 et
943 2854 1025 2885 infra
1052 2855 1201 2894 ubique:
1228 2854 1340 2885 I’olilio
1365 2853 1425 2883 dtt.
1453 2854 1489 2883 Ο.
1518 2853 1631 2883 (Ieteri
1657 2852 1758 2883 codd.
1785 2853 1878 2883 varie
1904 2854 1973 2883 tur-

217 2902 310 2933 bant.
340 2921 374 2925 —-
403 2904 453 2935 43.
477 2905 597 2942 patriis
622 2905 730 2943 tgzaz
768 2906 874 2943 patris
898 2905 959 2935 (ltt.
990 2922 1022 2925 -—
1058 2909 1155 2943 (aque
1179 2905 1289 2941 1329:
1315 2907 1344 2934 el
1368 2903 1429 2933 (itt.
1456 2904 1492 2933 Ο.
1523 2918 1555 2924 -
1595 2903 1645 2932 19.
1674 2903 1747 2941 [pro
1767 2903 1884 2941 presio]
1910 2911 1971 2942 pro

216 2952 328 2992 glossa
354 2956 449 2984 recte
468 2953 573 2984 habet
597 2956 724 2989 Garum
748 2963 831 2993 prae
852 2955 957 2993 prelio
982 2953 1024 2985 de
1049 2954 1171 2985 Mureti
1197 2954 1284 2984 coni.
1311 2954 1354 2989 L;
1382 2962 1443 2982 non
1466 2961 1578 2990 pret-cs
1601 2951 1706 2983 altera
1732 2962 1826 2992 susp.
1857 2954 1968 2983 Garat.

219 3020 252 3023 ——
282 3003 334 3033 ¹23.
361 3004 511 3043 tectisque
535 3006 559 3035 Α
586 3006 619 3035 et
643 3003 799 3044 plerique
821 3014 827 3034 :
853 3005 942 3035 {erlis
965 3003 1027 3041 ala,
1055 3005 1143 3034 tectis
1166 3004 1236 3043 quis
1261 3004 1298 3034 ll.
1321 3020 1355 3024 Μ
1382 3001 1433 3033 21,
1460 3002 1765 3032 c‹1‹³l1‘‹1‹›nemv.-
1792 3003 1843 3032 Q5.
1868 3001 1973 3040 publi-

216 3051 328 3092 canus]
354 3053 424 3083 Rau
450 3054 473 3083 1.
501 3062 532 3092 p.
554 3054 625 3084 483.
653 3054 761 3084 coni:
785 3063 908 3092 parcus
931 3057 959 3084 et
983 3057 1133 3084 atlcnlus.
1157 3072 1190 3075 —
1220 3053 1269 3083 26.
1297 3061 1420 3082 smnmo
1440 3052 1582 3089 pudore,
1608 3060 1733 3082 summo
1753 3052 1844 3091 oficio
1862 3052 1899 3081 V.
1926 3051 1968 3082 cs.

220 3101 330 3132 Madv.
352 3103 373 3132 l.
402 3111 433 3142 p.
455 3103 547 3133 335:
574 3112 699 3134 summo
723 3104 828 3143 officio
848 3104 926 3142 (om.
945 3112 970 3133 s.
986 3103 1079 3142 pud.)
1107 3102 1194 3141 [5429
1208 3101 1268 3133 48:
1294 3109 1417 3131 summo
1434 3101 1569 3135 honore,
1592 3101 1719 3139 pudore
1737 3104 1765 3131 el
1788 3109 1812 3131 s.
1832 3101 1884 3139 off.
1906 3099 1967 3131 dit.

217 3152 252 3181 ().
284 3169 317 3172 -
343 3151 395 3182 27.
419 3152 516 3182 Tilius
534 3151 579 3181 V:
608 3152 728 3182 Teclins
745 3153 853 3189 &4293
879 3153 1014 3183 Politius
1037 3151 1096 3182 dtt.
1118 3154 1154 3182 O.
1178 3168 1208 3174 —-
1237 3152 1289 3182 ⁴28.
1309 3160 1326 3180 o
1344 3152 1422 3180 ante
1444 3150 1595 3179 miseram
1615 3158 1682 3180 om.
1702 3150 1739 3180 V.
1763 3167 1795 3171 —
1823 3150 1971 3180 ornillam

217 3201 260 3229 Y:
288 3201 414 3230 millam
431 3202 487 3231 ctt.
509 3202 545 3231 O.
568 3218 601 3221 —
621 3200 671 3231 30.
693 3202 781 3231 nulla
802 3202 826 3231 V
845 3201 930 3232 rcll.:
956 3210 1126 3240 nunquam
1149 3201 1217 3230 ulla
1242 3200 1340 3237 14:29.
1363 3218 1396 3221 -
1424 3199 1475 3230 34.
1502 3199 1542 3229 ab
1566 3200 1640 3229 aliis
1662 3199 1797 3229 tabellae
1821 3199 1971 3237 obsiana-

216 3248 335 3279 banlm·
359 3250 406 3280 V:
434 3251 492 3280 αιίἰ
516 3249 645 3280 tabulas
667 3250 879 3288 obsislruibanl
903 3252 962 3281 ctt.
982 3251 1017 3281 Ο.
1042 3268 1074 3271 -
1102 3251 1153 3281 36.
1181 3250 1214 3281 C.
1234 3250 1371 3280 Muslius
1395 3249 1465 3280 eV:
1492 3249 1630 3279 Muslius
1649 3250 1706 3279 ctt.
1730 3249 1766 3279 Ο.
1789 3267 1822 3270 —
1851 3248 1902 3279 38.
1922 3249 1970 3278 in-

217 3298 401 3329 humaniter
419 3300 462 3336 V,
489 3301 593 3331 Prisc.
614 3301 635 3330 1.
662 3310 695 3341 p.
716 3301 803 3337 620..
823 3303 942 3341 Pomp.
964 3302 1116 3331 Gramm.
1138 3300 1231 3331 Lind.
1251 3308 1282 3339 p.
1302 3299 1389 3335 335,
1414 3297 1598 3329 (Jledonius
1620 3307 1652 3338 p.
1674 3298 1782 3335 laza,
1809 3297 1922 3329 Madv.
1942 3299 1965 3329 I.

217 3356 248 3390 p.
277 3348 368 3380 328:
404 3348 579 3382 inhumane
603 3351 660 3381 ctt.
686 3350 723 3381 O.
751 3367 785 3371 —
811 3359 875 3382 esse
901 3358 970 3383 om.
997 3351 1118 3382 Donat.
1145 3349 1189 3382 ad
1214 3349 1349 3383 Terent.
1376 3347 1461 3379 Eun.
1491 3347 1544 3378 IV.
1565 3348 1595 3386 7,
1616 3347 1668 3379 ⁶26.
1691 3363 1724 3369 -
1751 3350 1782 3378 ec
1810 3356 1883 3378 cum
1909 3347 1968 3378 isto
