2143 3713
259 259 340 303 534
679 258 879 300 ORATIO
909 259 978 299 DE
1010 256 1230 298 IMPERIO
1262 257 1342 298 CN.
1371 256 1591 298 POMPEII

259 375 352 414 loco
383 373 465 412 iam
495 370 777 424 praedonibus
806 384 926 424 pares
958 383 1048 409 esse
1080 374 1336 421 poteramus:
1378 382 1476 416 nos,
1515 367 1586 420 qui
1617 370 1738 407 antea
1769 378 1854 405 non
1884 366 2007 407 modo

259 435 420 475 Italiam
457 438 589 473 tutam
618 432 895 478 habebamus,
938 431 1009 470 sed
1048 444 1190 470 omnes
1222 432 1357 471 socios
1389 433 1432 470 in
1464 429 1619 469 ultimis
1651 428 1733 468 oris
1764 427 2008 468 auctoritate

259 496 389 537 nostri
429 496 593 548 imperii
630 495 766 535 salvos
797 499 1006 547 praestare
1037 498 1295 545 poteramus,
1335 498 1441 539 tum,
1484 505 1575 530 cum
1607 489 1745 530 insula
1772 489 1898 528 Delos
1928 493 2011 528 tam

257 558 402 613 procul
432 572 456 598 a
486 557 606 597 nobis
640 559 681 597 in
711 558 875 609 Aegaeo
908 557 1009 594 mari
1042 554 1201 607 posita,
1234 568 1316 607 quo
1349 568 1492 594 omnes
1523 551 1711 605 undique
1744 564 1833 590 cum
1866 550 2012 589 merci-

227 623 336 663 5bus
367 625 495 673 atque
525 619 722 660 oneribus
754 618 1059 664 commeabant,
1092 616 1241 655 referta
1272 616 1447 663 divitiis,
1481 628 1626 668 parva,
1657 614 1746 653 siue
1778 627 1918 659 muro,
1949 611 2013 650 ni-

259 683 318 722 hil
348 682 541 729 timebat,
579 681 706 720 iidem
744 693 828 719 non
868 679 988 718 modo
1021 678 1247 730 provintiis
1279 684 1402 730 atque
1434 679 1516 717 oris
1548 677 1690 716 ltaliae
1721 675 1935 715 maritimis
1965 686 2014 712 ao

260 744 462 798 portubus
503 744 679 789 nostris,
721 742 792 781 sed
825 742 949 781 etiam
980 740 1115 793 Appia
1147 740 1227 778 iam
1258 740 1323 778 via
1355 741 1621 779 carebamus:
1669 745 1708 778 et
1740 739 1786 778 iis
1820 737 2014 789 tempori-

259 808 337 846 bus
368 819 453 845 non
483 805 667 858 pudebat
696 803 959 855 magistratus
991 802 1133 854 populi
1164 802 1337 840 Romani
1361 802 1401 840 iu
1424 802 1534 841 hunc
1557 803 1691 853 ipsum
1714 800 1852 839 locum
1874 811 2015 838 escen-

262 869 377 916 dere,
409 881 502 907 cum
535 880 627 905 eum
660 865 780 904 nobis
813 864 990 903 maiores
1022 864 1150 903 nostri
1183 864 1345 903 exuviis
1377 864 1554 903 nauticis
1588 870 1627 902 ct
1655 862 1848 902 classium
1871 859 2014 913 spoliis

212 945 248 974 40
263 937 454 973 ornatum
485 927 756 980 reliquissent
775 927 783 965 1

374 993 486 1032 xlx.
518 988 583 1029 56.
615 991 731 1028 Bono
772 994 810 1028 te
854 988 993 1028 animo
1032 993 1140 1034 tum,
1183 987 1232 1035 Q.
1265 987 1483 1034 Hortensi,
1525 987 1705 1040 populus
1736 988 1944 1027 Romanus
1977 991 2018 1025 et

262 1060 444 1100 ceteros,
475 1053 547 1106 qui
579 1056 696 1090 erant
724 1051 766 1090 in
798 1050 944 1090 eadem
975 1050 1181 1089 sententia
1200 1080 1209 1097 ,
1242 1050 1379 1089 dicere
1411 1049 1661 1089 existimavit
1692 1062 1758 1095 ea,
1790 1061 1896 1102 quae
1924 1061 2017 1088 sen-

261 1117 452 1158 tiebatis:
499 1115 571 1154 sed
612 1119 751 1153 tamen
788 1115 830 1153 in
870 1113 1003 1152 salute
1044 1112 1251 1152 communi
1284 1112 1391 1151 idem
1423 1112 1603 1165 populus
1636 1113 1847 1151 Romanus
1879 1111 2015 1150 dolori

262 1193 338 1220 suo
368 1178 514 1218 maluit
545 1189 670 1230 quam
700 1175 936 1216 auctoritati
966 1181 1126 1214 vestrae
1158 1176 1454 1227 obtemperare.
1503 1176 1649 1227 ltaque
1680 1187 1762 1213 una
1790 1174 1878 1221 lex,
1910 1187 2018 1213 unus

213 1256 249 1285 45
262 1242 344 1289 vir,
374 1253 483 1280 unus
513 1252 646 1279 annus
676 1251 761 1277 non
792 1237 914 1291 modo
946 1251 1023 1276 nos
1056 1237 1125 1276 illa
1156 1237 1322 1277 miseria
1351 1249 1397 1276 ac
1424 1236 1680 1289 turpitudine
1702 1236 1913 1283 liberavit,
1945 1234 2018 1275 sed

263 1305 384 1344 etiam
425 1301 583 1349 effecit,
624 1305 670 1340 ut
709 1299 936 1353 aliquando
967 1312 1063 1338 vere
1094 1299 1331 1338 videremur
1361 1299 1555 1338 omnibus
1587 1298 1778 1350 gentibus
1810 1311 1855 1338 ac
1885 1296 2021 1336 natio-

263 1367 385 1406 nibus
424 1370 534 1405 terra
575 1362 763 1416 marique
807 1362 1026 1414 imperare.
1085 1359 1150 1400 537.
1193 1361 1285 1409 Quo
1328 1361 1428 1400 mihi
1460 1362 1580 1400 etiam
1613 1359 1826 1412 indignius
1856 1358 2021 1399 videtur

264 1428 538 1469 obtrectatum
580 1438 672 1465 esse
713 1423 872 1471 adhuc,
916 1423 1090 1462 Gabinio
1128 1423 1260 1462 dicam
1301 1436 1409 1462 anne
1439 1422 1637 1475 Pompeio
1669 1435 1721 1461 an
1751 1422 1939 1474 utrique,
1980 1420 2021 1459 id

265 1490 378 1544 quod
418 1494 481 1530 est
519 1488 682 1532 verius,
726 1500 778 1525 ne
818 1486 1026 1538 legaretur
1065 1485 1112 1523 A.
1145 1484 1346 1524 Gabinius
1387 1485 1458 1524 Cn.
1489 1484 1686 1536 Pompeio
1727 1483 1938 1537 expetenti
1975 1496 2023 1522 ac

215 1551 506 1605 eopostulanti.
565 1551 709 1590 Utrum
742 1549 833 1595 ille,
876 1549 946 1601 qui
987 1547 1171 1599 postulat
1200 1547 1250 1586 ad
1284 1551 1442 1585 tantum
1473 1546 1627 1585 bellum
1660 1546 1858 1598 legatum,
1896 1559 2022 1599 quem

264 1613 386 1660 velit,
432 1613 607 1652 idoneus
646 1624 729 1650 non
776 1615 838 1650 est
875 1611 946 1662 qui
985 1610 1198 1661 impetret,
1245 1622 1337 1647 cum
1368 1609 1494 1647 cett-ri
1525 1608 1575 1646 ad
1609 1608 1853 1660 expilandos
1885 1607 2022 1647 socios

266 1675 610 1728 diripiendasque
642 1671 899 1726 provincias,
941 1684 1048 1724 quos
1082 1670 1324 1716 voluerunt,
1366 1670 1522 1723 legatos
1554 1670 1797 1716 eduxerint,
1836 1683 1888 1708 an
1919 1669 2022 1721 ipse,

266 1738 383 1779 cuius
415 1737 506 1789 lege
538 1735 649 1775 salus
680 1748 728 1774 ae
759 1733 938 1787 dignitas
965 1732 1121 1786 populo
1144 1733 1329 1772 Romano
1352 1737 1478 1785 atque
1501 1731 1693 1771 omnibus
1715 1730 1905 1783 gentibus
1927 1743 2023 1769 con-

266 1801 409 1839 stituta
439 1805 522 1846 est,
564 1811 714 1850 expers
755 1809 845 1836 esse
877 1795 1001 1834 debet
1030 1795 1185 1847 gloriae
1218 1796 1306 1833 eius
1338 1794 1598 1846 imperatoris
1629 1799 1754 1846 atque
1786 1792 1875 1832 eius
1907 1805 2023 1831 exer-

216 1877 253 1906 25
267 1863 395 1909 citus,
427 1861 500 1915 qui
531 1860 706 1900 consilio
737 1859 867 1912 ipsius
899 1871 944 1897 ac
975 1857 1162 1910 periculo
1195 1863 1257 1896 est
1289 1857 1571 1895 constitutus?
1630 1854 1694 1894 ὺδ.
1725 1856 1788 1894 An
1822 1855 1864 1894 C.
1894 1854 2025 1893 Falci-

266 1924 383 1972 dius,
424 1923 474 1971 Q.
505 1922 721 1970 Metellus,
762 1922 811 1969 Q.
846 1920 1010 1961 Caelius
1052 1919 1325 1966 Latiniensis,
1372 1919 1443 1958 Cn.
1476 1919 1698 1965 Lentulus,
1738 1931 1843 1971 quos
1882 1929 2024 1957 omnes

267 1986 439 2027 honoris
473 1998 598 2026 causa
628 1984 826 2031 nomino,
862 1997 955 2023 cum
986 1982 1140 2021 tribuni
1170 1981 1282 2033 plebi
1312 1981 1511 2028 fuissent,
1541 1994 1649 2020 anno
1680 1981 1871 2033 proximo
1902 1979 2025 2032 legati

267 2062 360 2089 esse
390 2051 644 2102 potuerunt:
683 2047 727 2085 in
766 2058 851 2085 uno
884 2045 1060 2084 Gabinio
1093 2049 1189 2084 sunt
1220 2050 1302 2083 tam
1333 2043 1577 2096 diligentes,
1619 2043 1690 2095 qui
1722 2043 1762 2082 in
1794 2042 1874 2081 hoe
1901 2041 2026 2088 bello,

268 2111 381 2165 quod
413 2111 504 2163 lege
537 2109 711 2148 Gabinia
741 2108 919 2161 geritur,
950 2108 992 2147 in
1022 2107 1101 2146 hoc
1134 2106 1382 2159 imperatore
1414 2110 1540 2158 atque
1561 2105 1768 2151 exercitu,
1800 2117 1923 2157 quem
1952 2116 2027 2157 per

217 2188 254 2217 30
268 2187 340 2214 vos
372 2173 461 2226 ipse
493 2171 728 2218 constituit,
760 2171 883 2210 etiam
914 2170 1139 2222 praecipuo
1171 2169 1258 2208 iuro
1291 2181 1381 2207 esse
1412 2167 1615 2206 deberet?
1653 2168 1713 2206 De
1746 2178 1828 2220 quo
1850 2165 2026 2219 legando

270 2233 461 2274 consules
492 2245 615 2286 spero
646 2232 698 2272 ad
730 2238 918 2272 senatum
948 2231 1166 2271 relaturos.
1216 2230 1295 2278 Qui
1320 2230 1352 2269 si
1376 2229 1624 2269 dubitabunt
1644 2234 1714 2268 aut
1735 2228 2025 2281 gravabuntur,

270 2310 346 2350 ego
387 2308 451 2335 me
490 2294 688 2348 profiteor
727 2294 974 2340 relaturum;
1015 2306 1151 2346 noque
1190 2305 1254 2331 me
1300 2291 1494 2345 impediet
1535 2291 1782 2345 cuiusquam
1812 2291 2025 2332 inimicum

270 2359 473 2406 edictum,
505 2370 588 2411 quo
620 2356 758 2397 minus
789 2356 905 2396 vohis
947 2355 1077 2396 fretus
1109 2356 1292 2395 vestrum
1324 2355 1388 2394 ius
1419 2351 1751 2407 beneficiumque
1783 2351 2025 2402 defendam;

358 2526 387 2557 l.
414 2526 483 2556 iam
505 2533 575 2556 om.
595 2525 629 2556 F.
650 2541 684 2545 —
711 2532 769 2555 nos
785 2523 840 2562 qui
856 2523 880 2554 E
895 2523 935 2561 V,
961 2522 1015 2553 cd.
1037 2523 1187 2560 Iuntina,
1216 2524 1260 2554 0:
1287 2530 1344 2553 vos
1360 2530 1486 2561 quoque
1501 2522 1547 2558 Α;
1573 2529 1631 2552 nos
1654 2530 1780 2561 quoque
1804 2522 1859 2561 qui
1882 2520 2025 2554 FBLQ.

272 2594 306 2599 —
333 2577 365 2608 2.
393 2584 446 2606 «V.
472 2583 503 2606 c.
529 2574 651 2606 omnis»
677 2582 745 2613 mg.
774 2572 806 2605 53.
835 2589 870 2595 -—
897 2573 985 2603 horis
1007 2573 1044 2603 T.
1069 2590 1103 2594 —
1137 2572 1168 2603 3.
1194 2573 1294 2603 Delus
1316 2573 1351 2603 T.
1372 2590 1406 2594 —
1434 2572 1465 2604 li.
1492 2572 1594 2612 Aeaeo
1617 2568 1728 2604 ΑΒΘ.
1761 2589 1795 2593 -
1824 2573 1855 2604 6.
1882 2573 1966 2604 idem
1989 2574 2024 2604 T.

272 2645 306 2648 —
334 2626 365 2657 7.
387 2624 538 2665 portibus
561 2624 636 2655 ΤΒ.
669 2622 719 2655 Cs.
747 2622 776 2662 §-
798 2623 848 2653 1¹13.
878 2640 911 2644 -
940 2622 978 2652 iis
1001 2623 1025 2653 Τ
1040 2623 1078 2653 F:
1105 2622 1166 2652 hiis
1189 2623 1320 2654 Monac.
1348 2632 1386 2659 ος
1412 2623 1460 2653 his
1485 2620 1618 2653 RALQ
1638 2622 1674 2653 O.
1703 2638 1739 2643 —
1766 2621 1797 2653 8.
1823 2622 1898 2662 non]
1923 2630 2028 2653 nonne

272 2677 310 2707 C.
338 2693 372 2697 —
400 2675 567 2706 escendere
591 2673 672 2704 CO:
699 2673 871 2703 ascendere
895 2673 918 2703 R
932 2673 956 2703 Α
974 2673 996 2702 1.
1011 2670 1029 2703 Q
1045 2672 1081 2702 O.
1116 2672 1166 2702 (fis.
1186 2673 1349 2711 Kreyssig
1371 2672 1524 2703 Annotat.
1543 2672 1586 2702 ad
1603 2671 1686 2702 Livii
1708 2671 1806 2702 libros
1820 2671 2025 2702 XLI—XLV.

274 2727 308 2757 P.
329 2727 353 2756 l.
378 2725 530 2756 Misenae
550 2722 643 2754 4848.
671 2731 703 2763 p.
722 2722 774 2752 ἓξ).
797 2740 830 2743 —-
858 2721 888 2751 0.
914 2721 1004 2751 nobis
1029 2722 1052 2752 κ]
1066 2722 1090 2753 Τ
1105 2722 1148 2752 V:
1175 2723 1262 2752 vobis
1287 2723 1344 2753 FB
1363 2722 1386 2753 Α
1404 2723 1425 2753 L
1441 2720 1460 2753 Q
1475 2722 1510 2752 O.
1533 2738 1568 2743 —
1596 2722 1697 2752 nostri
1714 2721 1737 2752 13
1751 2721 1815 2752 TV
1829 2721 1850 2751 F
1864 2722 1906 2751 A:
1930 2720 2028 2751 vestri

274 2773 421 2806 BLQO.
449 2790 484 2794 —
511 2772 671 2803 clausium
695 2772 730 2802 T.
758 2787 793 2792 —
823 2771 873 2801 112.
901 2771 1088 2801 existimant.
1112 2772 1147 2802 T.
1178 2790 1212 2793 —
1241 2771 1292 2802 43.
1319 2775 1426 2802 tamen
1451 2780 1519 2802 om.
1540 2771 1573 2801 F.
1604 2788 1636 2793 —
1666 2770 1718 2802 44.
1745 2773 1969 2809 optemperare
1988 2770 2024 2801 T.

275 2842 309 2846 —-
336 2824 390 2855 lea:
414 2826 443 2854 et
466 2830 550 2853 unus
574 2822 607 2852 F.
631 2838 665 2842 —
693 2821 743 2851 45.
771 2820 886 2861 annus]
914 2823 1044 2851 animus
1070 2822 1090 2852 F
1104 2822 1141 2852 A.
1171 2837 1206 2842 —-
1231 2829 1290 2851 uos
1314 2821 1346 2851 F.
1369 2837 1402 2842 —
1430 2821 1488 2850 illa
1511 2829 1567 2850 nos
1583 2821 1620 2850 V.
1642 2837 1675 2841 —
1704 2821 1755 2851 46.
1780 2820 1970 2851 videremini
1987 2821 2023 2851 (J.

276 2892 309 2896 »-
338 2874 389 2904 48.
410 2872 590 2904 Gabim'one
612 2870 719 2900 dicam
744 2879 788 2901 αη
804 2870 951 2908 Pompeio
969 2878 1038 2909 ing.
1059 2868 1077 2902 ξ’
1105 2879 1122 2901 c
1148 2869 1338 2901 codicibus.
1360 2888 1393 2892 —
1423 2871 1473 2901 119.
1500 2872 1607 2901 verius
1631 2875 1674 2902 est
1690 2871 1728 2901 V.
1751 2888 1782 2892 -—
1810 2869 1862 2911 A]
1885 2870 1925 2901 Ac
1948 2870 1972 2900 E
1987 2870 2024 2900 V.

280 2942 311 2946 —
337 2924 390 2955 20.
417 2923 462 2953 ad
484 2925 506 2953 t.
533 2921 562 2952 b.
588 2921 731 2961 legatum
756 2920 779 2950 Ε
794 2920 840 2950 V:
873 2920 1015 2959 ceqamm
1039 2920 1083 2950 (ul
1107 2923 1128 2951 t.
1156 2919 1271 2950 bellum
1294 2918 1477 2951 BALQO.
1508 2938 1540 2942 —
1569 2920 1620 2951 21.
1646 2920 1779 2959 imperet
1802 2919 1844 2954 B;
1880 2918 2027 2957 impetret

274 2974 461 3014 (superscr.
483 2970 613 3010 peteret)
641 2970 673 3000 F.
702 2986 736 2990 —
764 2968 815 2999 ⁵22.
842 2969 1003 2999 edirerint
1027 2969 1070 3001 '1¹2
1096 2969 1309 2999 adium-erint
1333 2969 1375 3003 V;
1404 2970 1585 2999 eduxerunt
1610 2971 1646 3000 Α.
1676 2987 1710 2991 -
1736 2969 1787 3001 ⁶24.
1813 2969 1939 3009 gloriae
1960 2967 2027 2999 eius

276 3022 366 3063 imp]
391 3023 458 3053 eius
480 3020 606 3061 gloriae
629 3021 727 3057 atque
750 3018 828 3057 imp.
855 3018 916 3049 ET
932 3018 968 3048 V.
998 3036 1030 3040 —
1065 3019 1118 3049 ⁵25.
1144 3027 1183 3049 ac
1206 3018 1349 3057 periculo
1373 3019 1397 3049 Ε
1413 3019 1454 3049 T:
1487 3023 1584 3056 atque
1605 3018 1748 3057 periculo
1771 3019 1795 3049 R
1810 3019 1836 3049 Α
1852 3019 1874 3048 L
1889 3015 1960 3049 ΕΟ.
1988 3033 2021 3037 -

275 3072 323 3113 0.]
349 3072 387 3103 G.
413 3071 449 3101 T.
479 3087 512 3091 -
549 3069 602 3099 26.
630 3068 733 3099 Cetius
756 3068 836 3100 TLz
864 3067 989 3098 Coelius
1012 3068 1115 3099 EVA
1141 3070 1174 3098 et.
1199 3076 1265 3107 mg.
1293 3066 1324 3099 Q.
1356 3085 1389 3089 —
1421 3068 1579 3098 Laticnsis
1603 3069 1644 3105 (ῖς
1676 3067 1840 3098 latinensis
1864 3067 1901 3103 F;
1934 3065 2026 3097 Lati-

274 3122 397 3152 nienses
420 3121 456 3151 B.
486 3136 522 3141 —
548 3118 609 3149 Gn.
636 3118 671 3149 T.
701 3135 734 3139 —
762 3117 866 3148 omnis
889 3118 922 3148 F.
951 3135 985 3139 —
1013 3119 1064 3150 27.
1089 3118 1188 3157 plebis
1211 3120 1247 3149 O.
1276 3134 1309 3138 —
1339 3117 1388 3147 28.
1417 3118 1448 3147 in
1474 3127 1535 3147 uno
1561 3118 1584 3149 C
1611 3119 1710 3156 (teste
1727 3117 1839 3148 Modio
1864 3124 1919 3157 ep.
1939 3115 2024 3155 429.)

276 3171 396 3203 ETV:
434 3170 467 3200 in
496 3169 554 3199 hoc
582 3177 646 3199 uno
678 3169 743 3199 ΒΑ
762 3166 818 3199 [93
835 3168 872 3198 O.
904 3184 937 3188 —
976 3167 1029 3198 b29.
1061 3171 1229 3207 gereretur
1253 3165 1322 3201 (th,
1351 3167 1436 3196 teste
1462 3165 1658 3203 Gulielmio;
1694 3169 1832 3206 geratur
1856 3165 1888 3197 F.
1908 3182 1943 3186 —
1965 3173 2026 3203 per

275 3230 330 3251 vos
353 3221 420 3259 ipse
442 3219 486 3251 W
500 3219 524 3249 C
539 3218 564 3249 E
580 3218 664 3249 VO:
687 3226 748 3258 per
771 3217 837 3256 ipse
858 3217 901 3253 T3
923 3225 984 3256 per
1007 3225 1038 3248 se
1061 3218 1127 3256 ipse
1150 3218 1173 3247 B
1188 3218 1213 3247 A
1228 3217 1251 3247 L
1266 3213 1304 3253 ’ἐς
1326 3223 1388 3253 per
1410 3224 1440 3246 se
1465 3216 1544 3254 (om.
1570 3216 1644 3255 ipse)
1670 3216 1704 3246 F.
1726 3233 1759 3236 —
1787 3216 1839 3247 30.
1865 3214 1973 3255 etiam]
1997 3216 2025 3244 et

278 3271 311 3301 F.
340 3287 372 3292 —
401 3270 530 3310 legendo
554 3268 588 3299 F.
626 3284 661 3289 —
699 3267 750 3298 31.
777 3267 920 3298 consules
947 3275 1040 3305 spero
1065 3267 1165 3297 ETV
1180 3267 1202 3296 B
1218 3267 1264 3296 A:
1301 3274 1392 3303 spero
1420 3265 1564 3296 consules
1588 3266 1608 3296 F
1635 3264 1673 3304 (si
1697 3263 1783 3297 fides
1808 3266 1861 3296 est
1883 3263 2021 3296 Dronkii

278 3317 421 3357 silentio)
448 3316 503 3350 LQ
518 3318 554 3349 O.
583 3334 618 3338 —
645 3317 697 3348 32.
724 3317 917 3355 cuiusquam
941 3316 990 3347 Ch
1007 3317 1030 3347 12·
1045 3316 1126 3347 TV:
1152 3316 1219 3346 eius
1243 3315 1382 3353 Quirites
1405 3315 1487 3349 ssA;
1519 3314 1652 3353 quirites
1673 3314 1741 3345 eius
1764 3315 1804 3351 F;
1830 3314 2021 3352 cuiusquam

279 3367 417 3407 Quirites
434 3365 529 3399 LQO.
542 3384 576 3389 -
596 3366 763 3398 inimicum
778 3365 926 3406 edictum]
946 3364 1100 3405 iniquitas
1118 3364 1224 3396 Cl1.—
1246 3364 1296 3395 33.
1317 3363 1406 3395 vobis
1419 3364 1520 3400 frctus
1535 3363 1607 3395 EV:
1630 3363 1732 3403 fretus
1746 3363 1834 3395 vobis
1849 3363 1941 3395 RAL
1953 3360 2019 3396 ΒΟ.
