2143 3713
729 235 827 276 cn.
857 236 1007 276 xxlv.
1046 234 1120 289 55.
1150 232 1343 275 68—74.
1826 231 1907 275 539

169 364 249 405 que
281 365 333 390 ex
362 351 440 390 hoc
471 350 583 397 loco,
614 347 686 388 sed
718 347 863 387 eadem
894 347 963 387 illa
995 352 1134 388 nostra
1163 345 1488 387 laboriosissima
1517 348 1677 387 ratione
1707 347 1838 395 vitae,
1875 346 1909 387 si

167 418 301 453 vestra
332 413 521 453 voluntas
551 411 672 457 feret,
703 422 1018 461 consequemur.
1078 406 1144 449 71.
1176 409 1310 457 Quam
1332 408 1383 447 ob
1404 420 1513 455 rem,
1545 408 1750 462 quidquid
1772 410 1814 448 in
1834 409 1911 449 hac

170 489 293 515 causa
323 474 422 514 mihi
456 477 693 525 susceptum
725 476 808 517 est,
842 471 1048 519 Quirites,
1079 471 1119 512 id
1152 483 1273 510 omne
1305 483 1380 522 ego
1408 483 1472 509 me
1494 470 1552 509 rei
1575 471 1765 522 publicae
1787 484 1911 511 causa

168 537 402 590 suscepisse
434 531 652 579 conlirmo;
693 537 937 586 tantumque
968 534 1105 581 abest,
1136 539 1181 573 ut
1209 533 1395 585 aliquam
1426 531 1526 570 mihi
1556 532 1706 571 bonam
1737 533 1909 584 gratiam

167 599 379 652 quaesisse
409 596 572 642 videar,
611 599 656 633 ut
687 594 835 633 mullas
867 608 930 633 me
962 597 1084 635 etiam
1117 595 1348 635 simultates
1383 594 1530 646 partim
1563 594 1780 641 obscuras,
1818 607 1940 647 par-5

168 661 238 700 lim
277 665 438 713 apertas
478 657 703 708 intelligam
742 656 841 695 mihi
883 670 965 696 non
995 656 1268 703 necessarias,
1309 656 1427 695 vobis
1458 668 1540 694 non
1574 656 1740 695 inutiles
1772 669 1910 695 susce-

166 723 290 774 pisse.
336 721 415 760 Sed
447 732 521 771 ego
553 732 617 758 me
648 718 728 757 hoc
757 718 914 757 honore
946 719 1197 772 praeditum,
1235 717 1359 757 tantis
1390 717 1537 757 vestris
1568 715 1781 757 beneficiis
1812 718 1910 757 affe-

167 788 275 822 ctum
306 782 450 829 statui,
483 780 686 829 Quirites,
717 785 895 820 vestram
926 781 1182 821 voluntatem
1214 786 1255 819 et
1284 780 1343 819 rei
1374 779 1564 832 publicae
1596 779 1840 832 dignitatem
1871 784 1912 818 et

167 845 337 884 salutem
368 842 670 897 provinciarum
703 847 827 895 atque
863 844 1069 884 sociorum
1102 842 1203 882 meis
1234 841 1426 882 omnibus
1457 841 1686 882 commodis
1717 845 1759 881 et
1787 841 1911 881 ratio-

166 907 242 946 bus
272 905 477 959 praeferre
508 910 714 958 oportere.
1925 917 1960 945 ⁴0

165 1078 298 1109 honores
320 1085 399 1108 cum
423 1076 477 1108 ed.
498 1076 629 1108 Iuntina
655 1076 677 1107 L
692 1075 761 1108 20.
784 1095 818 1099 —
844 1085 901 1108 nec
925 1078 958 1108 F.
979 1095 1012 1100 —
1041 1078 1070 1108 4.
1091 1075 1154 1108 nal.
1173 1076 1213 1107 ab
1235 1076 1293 1107 hoc
1316 1076 1404 1107 loco»
1431 1084 1498 1116 mg.
1518 1074 1550 1108 Q.
1568 1093 1603 1098 —
1630 1076 1687 1106 illa
1710 1078 1824 1106 nostra
1848 1075 1911 1106 ET

166 1128 193 1158 V
207 1128 282 1158 FB:
308 1130 421 1158 nostra
441 1127 499 1157 illa
522 1129 547 1158 Α
563 1127 586 1157 L
601 1124 670 1158 ΕΟ.
693 1144 723 1149 -
755 1126 784 1157 3.
810 1127 844 1157 id
866 1135 958 1158 omne
981 1135 1038 1167 eqo
1061 1135 1112 1157 me
1135 1127 1252 1157 TBA:
1279 1126 1312 1156 id
1335 1134 1392 1165 eyn
1415 1134 1508 1156 omne
1529 1134 1579 1156 me
1596 1125 1619 1156 E
1636 1126 1679 1163 V;
1706 1125 1738 1156 id
1754 1134 1846 1157 omne
1861 1134 1912 1156 me

166 1174 309 1208 FLsso.
337 1193 371 1197 —
398 1174 428 1207 4.
454 1179 620 1215 tutumque
644 1176 679 1206 T.
707 1191 743 1197 —
769 1176 847 1206 mihi
871 1175 988 1206 bonam
1010 1176 1157 1215 qratiam
1180 1175 1300 1207 ETV:
1337 1174 1454 1205 bonam
1477 1176 1622 1216 qratiam
1647 1175 1727 1213 (om.
1752 1169 1840 1214 inihi)
1865 1175 1908 1211 Β;

165 1225 281 1257 bonam
309 1226 455 1266 qratiam
482 1225 559 1256 mihi
583 1226 646 1256 BA
662 1223 716 1257 [Β
732 1226 768 1257 Ο,
798 1243 831 1248 -
863 1226 894 1256 5.
921 1225 1092 1265 quaesiisse
1115 1224 1149 1256 F.
1178 1242 1211 1247 -
1245 1233 1296 1256 me
1321 1224 1403 1256 EV:
1430 1231 1499 1255 om.
1527 1222 1710 1256 RALQO.
1739 1241 1774 1247 -
1801 1224 1832 1256 6.
1857 1224 1911 1255 in-

164 1276 315 1317 telliqalis
338 1276 408 1307 FB.
