2143 3713
226 199 307 241 446
670 200 1095 243 SUPPLEMENTUM
1123 201 1521 244 ADNOTATIONIS

726 318 791 355 AD
820 317 1005 355 LIBRUM
1032 318 1062 353 Ι.
1091 317 1466 357 ACCUSATIONIS.

312 412 388 445 pag.
415 403 488 435 433.
523 403 665 436 Aetionis
692 406 850 437 secundae
879 405 914 436 in
944 405 978 436 C.
1008 405 1139 436 Verrem
1161 405 1256 437 Liber
1278 408 1409 447 primus
1431 408 1469 438 de
1491 409 1655 446 praetura
1675 406 1817 439 urbana.
1855 408 1968 440 Oratio

224 462 319 491 seaeta
341 459 400 497 42;
431 460 548 499 Incipit
576 461 662 491 actio
693 462 835 492 secunda
863 461 1000 501 feliciter
1021 460 1062 492 29
1096 460 1169 500 (sed
1193 461 1287 493 idem
1311 463 1345 494 in
1369 463 1436 494 fine
1460 462 1587 494 habet:
1618 463 1654 494 in
1676 463 1710 494 C.
1739 464 1869 495 Verrem
1890 463 1970 495 liber

225 516 339 547 tertius
359 515 522 555 erpho-itm
551 517 687 557 septem
712 515 833 556 reliqui
857 516 1010 547 habent:
1043 515 1293 549 Accusationem
1316 518 1395 549 liber
1418 519 1472 549 Ill.
1502 537 1536 540 —
1563 526 1596 549 v,
1622 518 1653 549 7.
1678 519 1843 550 convictus
1866 519 1969 551 etiam

225 571 278 603 42.
305 588 341 592 —
368 571 399 603 8.
425 574 470 602 est
492 571 577 603 enim
598 572 682 603 idem
705 571 746 603 29
770 580 803 612 p.
829 571 883 604 42.
902 573 933 603 5.
952 572 1004 603 27.
1028 589 1062 594 -·
1088 572 1140 603 40.
1164 572 1241 612 feeit
1264 573 1282 604 7
1299 574 1384 605 dett.
1407 591 1440 595 -
1469 574 1519 606 45.
1547 582 1628 613 opus
1648 574 1727 605 mihi
1750 578 1827 606 esset
1849 583 1970 615 eoquo-

224 630 325 659 seeret
346 626 387 658 29
411 635 445 668 p.
474 645 509 649 —
536 627 588 659 48.
614 635 650 658 eo
673 635 742 659 om.
768 628 808 658 29
833 636 866 668 p.

312 691 389 724 pag.
416 682 490 714 434.
515 691 548 714 v.
575 683 605 714 3.
629 683 937 722 potentissumorum
959 682 1012 714 29.
1042 701 1075 704 -
1102 682 1133 714 6.
1160 683 1270 714 omnia
1294 692 1363 715 om.
1390 685 1493 724 Lagg.
1519 685 1659 725 praeter
1682 685 1734 716 29.
1753 684 1805 717 42.
1829 702 1863 707 —
1888 685 1919 717 7.
1945 686 1972 716 si

225 742 303 770 esset
325 739 383 770 iste
404 738 456 770 29.
486 756 521 760 —
547 738 599 769 30.
625 738 709 779 eum]
735 739 819 769 enim
842 739 895 769 27.
924 738 976 769 48.
1006 756 1039 759 ψ
1071 738 1124 769 32.
1150 746 1223 769 eum
1247 746 1315 770 om.
1342 739 1383 770 29
1407 748 1440 780 p.
1470 757 1505 762 —
1531 740 1583 772 33.
1609 739 1637 780 e]
1659 740 1688 771 ei
1711 740 1751 771 29
1776 749 1809 781 p.
1846 741 1973 772 Firmat

225 794 394 827 mendum
418 792 638 835 prohabilem
663 794 835 825 Garatonii
859 794 1113 825 coniecturam:
1141 794 1195 833 qui
1219 797 1248 825 et
1272 803 1288 825 e
1309 795 1481 834 complexu
1505 797 1572 826 ret.

311 859 389 891 pag.
416 850 489 881 435.
515 858 546 882 v,
572 850 624 881 47.
649 853 758 881 tamen
781 858 853 881 eum
877 858 919 881 ea:
940 850 1091 881 manibus
1115 850 1216 890 Lagg.
1243 857 1378 882 omnes.
1406 851 1485 890 (om.
1513 852 1560 890 Z.)
1593 869 1625 873 —
1652 852 1705 883 26.
1731 851 1829 892 viros]
1854 852 1975 883 iudices

225 905 278 937 29.
306 923 342 928 —
368 906 420 937 27.
447 909 515 937 tam
536 905 650 946 vietus]
676 904 936 937 emendandum
961 907 1013 937 est
1036 909 1104 937 tam
1127 906 1307 945 convictus,
1341 908 1379 938 ut
1408 906 1521 938 locum
1553 908 1654 939 affert
1678 907 1798 939 rhetor
1820 908 1973 939 incertus

224 962 259 993 in
283 961 468 994 Anecdotis
493 961 654 993 PariSInis
682 961 813 992 rhetor.
839 971 873 1002 p.
899 962 944 1000 3.,
978 970 1067 1002 quae
1093 970 1205 1002 nuper
1228 962 1442 995 Ecksteinius
1466 963 1664 1004 publicavit.
1693 982 1726 985 w
1761 964 1813 995 28.
1841 964 1874 996 C.
1901 972 1971 995 om.

224 1018 265 1048 29
290 1026 323 1058 p.
352 1035 386 1040 —
412 1017 463 1048 35.
485 1018 723 1057 persuademus
746 1017 776 1048 6.
802 1017 854 1049 29.
885 1035 918 1040 —-
945 1017 997 1049 36.
1024 1018 1172 1049 astutisse
1195 1018 1235 1049 29
1260 1019 1295 1049 et
1317 1018 1366 1050 sic
1390 1019 1541 1059 saepius.
1568 1037 1601 1040 —
1630 1019 1681 1051 37.
1708 1019 1868 1060 praefero
1892 1028 1972 1051 cum

224 1071 501 1111 Wesenbergioz
527 1073 582 1112 qui
605 1073 640 1103 in
662 1081 698 1104 eo
722 1081 860 1112 quoque.

311 1137 388 1169 pag.
416 1128 489 1159 436.
515 1136 547 1159 v,
574 1128 605 1159 6.
631 1129 670 1160 de
691 1129 755 1159 iltis
778 1137 847 1160 om.
866 1128 907 1160 29
931 1137 965 1169 p.
988 1146 1022 1149 —
1048 1129 1100 1160 22.
1127 1132 1225 1160 antea
1248 1130 1350 1169 Lagg.
1371 1146 1405 1150 —
1433 1129 1485 1161 24.
1511 1131 1545 1161 in
1567 1139 1663 1161 cruce
1685 1131 1738 1162 29.
1760 1148 1794 1152 ——
1821 1131 1873 1162 28.
1900 1139 1974 1161 eum

223 1185 308 1226 eum]
333 1185 420 1216 Cum
443 1193 516 1215 eum
540 1183 631 1215 absit
652 1193 671 1215 a
695 1183 790 1216 libris
815 1184 932 1222 bonis,
959 1185 1083 1216 Bakius
1108 1185 1141 1215 in
1165 1185 1269 1216 Selzol.
1289 1185 1555 1224 Hypomfnemcuis
1571 1187 1624 1218 IV.
1644 1195 1677 1227 p.
1699 1187 1785 1224 487.,
1812 1187 1869 1226 qui
1886 1185 1975 1218 llber

224 1249 316 1273 nunc
339 1240 483 1272 demum
507 1240 540 1271 iu
564 1248 689 1271 manus
712 1241 848 1271 nostras
873 1241 1049 1281 pervenit,
1081 1249 1174 1279 quem
1198 1240 1424 1273 scribendum
1449 1250 1525 1273 esse
1552 1242 1699 1273 eoniictt.
1725 1260 1767 1264 —
1800 1242 1853 1274 30.
1878 1242 1975 1283 fidem

224 1297 454 1329 auctoritatem
465 1296 561 1328 29.—
573 1295 625 1327 37.
640 1296 674 1327 in
688 1304 757 1327 om.
769 1296 822 1327 29.
831 1288 868 1318 —'
877 1296 929 1327 38.
941 1296 1018 1336 iam]
1029 1296 1114 1327 euim
1129 1296 1170 1328 29
1187 1306 1263 1338 p.—
1275 1297 1395 1328 iudices
1403 1298 1577 1336 quisquam
1591 1306 1712 1329 omnes
1726 1298 1866 1338 praeter
1879 1298 1909 1329 6.
1920 1296 1972 1329 42.

309 1361 387 1394 pag.
414 1351 488 1384 437.
513 1360 547 1383 v.
573 1352 604 1383 3.
628 1351 762 1392 fuerunt
784 1352 890 1383 etiam
913 1352 966 1383 29.
995 1369 1029 1373 —
1059 1352 1284 1392 probaverunt
1307 1352 1325 1383 7
1351 1353 1455 1384 dett:
1488 1353 1781 1393 comprobaverunt
1804 1353 1863 1390 293
1892 1362 1975 1393 pro-

224 1409 345 1441 barunt
373 1407 425 1440 42.
459 1408 538 1448 (non
573 1408 738 1439 accurate
761 1408 812 1445 Z.,
848 1408 908 1448 qui
932 1408 1073 1439 omnino
1097 1409 1189 1439 tacet
1213 1408 1256 1439 de
1280 1407 1346 1447 29.)
1381 1427 1414 1430 -
1453 1408 1503 1440 44.
1536 1409 1673 1440 istorum
1702 1409 1775 1440 odio
1803 1408 1845 1440 29
1874 1417 1908 1450 p.
1936 1426 1970 1430 —

225 1465 278 1496 46.
303 1464 485 1496 huiusmodi
508 1463 527 1494 7
545 1463 652 1501 dett.;
679 1463 836 1495 eiusmodi
858 1464 918 1501 293
945 1463 1164 1495 huiuscemodi
1188 1463 1241 1495 42.
1263 1481 1297 1485 —
1325 1464 1377 1496 48.
1403 1465 1489 1504 quod
1512 1469 1541 1496 et
1564 1474 1606 1496 e.1;
1630 1464 1723 1496 solus
1740 1465 1797 1503 293
1825 1465 1910 1504 quod
1933 1473 1975 1496 ex

224 1520 298 1553 rell.
328 1539 364 1544 —-
389 1520 441 1552 49.
465 1522 626 1552 noverant
647 1519 688 1551 29
712 1527 746 1560 p.
766 1536 801 1540 —-
827 1519 881 1550 20.
906 1528 942 1550 eo
964 1528 1064 1559 usque
1079 1519 1132 1552 42.
1153 1536 1189 1542 —
1216 1519 1269 1551 23.
1295 1520 1368 1559 ipsa
1391 1521 1426 1551 in
1448 1529 1517 1552 ace.
1542 1520 1596 1553 29.
1622 1520 1662 1553 42
1679 1519 1753 1552 soll.
1776 1538 1810 1543 —
1836 1521 1889 1552 25.
1907 1524 1974 1552 sta-

225 1581 294 1609 tum
315 1578 350 1609 P.
374 1578 410 1609 R.
437 1576 490 1608 29.
518 1594 552 1597 —
579 1576 632 1607 26.
658 1575 718 1606 sibi
740 1575 788 1606 ait
810 1574 850 1606 29
875 1573 981 1606 solus.

311 1642 389 1675 pag.
416 1632 488 1664 438.
514 1641 547 1663 ν.
575 1632 605 1663 4.
631 1632 719 1671 dign.
744 1631 823 1661 milti
845 1631 886 1662 29
911 1629 1017 1662 solus.
1047 1648 1081 1654 —
1119 1631 1151 1662 5.
1179 1630 1228 1671 ae]
1254 1635 1283 1663 et
1305 1632 1347 1663 29
1372 1633 1405 1663 et
1428 1632 1446 1662 7
1471 1631 1555 1663 dett.
1585 1650 1619 1654 —
1647 1632 1698 1664 44.
1724 1632 1886 1664 honestior
1908 1632 1967 1664 29:

224 1689 341 1721 iustior
364 1688 423 1727 423
452 1688 611 1719 illustrior
635 1685 708 1718 rell.
737 1705 771 1709 —-
797 1686 938 1717 industri
962 1688 1014 1726 (ex
1037 1686 1177 1726 inlustri)
1203 1686 1256 1718 29.
1283 1703 1317 1709 -—
1345 1687 1397 1718 46.
1424 1687 1502 1727 quid
1524 1691 1594 1718 tam
1616 1688 1664 1718 rei
1683 1697 1718 1727 p.
1737 1688 1897 1719 honestius
1918 1688 1972 1727 29,

226 1747 263 1777 ut
286 1755 318 1784 ς.
347 1764 382 1769 -
407 1746 461 1777 20.
486 1752 588 1775 unum
610 1744 644 1774 in
668 1743 688 1774 l.
715 1743 819 1774 etiam
843 1742 896 1773 29.
926 1760 956 1762 —
986 1741 1040 1774 24.
1064 1743 1197 1782 possetis
1219 1743 1272 1774 29.
1294 1760 1328 1764 —
1355 1744 1409 1775 25.
1434 1751 1569 1783 sperare
1587 1746 1691 1782 potest
1713 1743 1765 1775 29.
1786 1761 1821 1765 ——
1847 1744 1899 1775 27.
1925 1752 1976 1775 re-

225 1803 337 1842 quirat
365 1801 562 1832 iudiciorum
592 1799 633 1830 29
656 1807 691 1840 p.
731 1816 765 1820 —
803 1798 854 1829 30.
884 1798 1060 1830 reiiceretis
1090 1798 1143 1829 29.
1183 1815 1217 1820 —
1257 1798 1309 1830 33.
1341 1799 1477 1829 uostri-
1497 1799 1569 1829 -de
1596 1798 1687 1829 nobis
1714 1799 1819 1830 etiam
1850 1799 1903 1831 29.
1937 1817 1972 1821 —

225 1859 278 1890 34.
303 1866 417 1890 verum
440 1860 469 1888 et
490 1855 579 1887 vobis
600 1854 653 1886 29.
682 1872 715 1877 —
744 1854 797 1886 35.
823 1855 926 1885 nostri
950 1855 991 1885 29
1015 1856 1050 1886 et
1072 1855 1091 1886 5
1109 1854 1192 1886 dett.
1222 1873 1256 1876 ——‹
1283 1854 1336 1886 38.
1361 1855 1439 1886 haee
1461 1863 1513 1886 me
1537 1855 1621 1894 (sine
1645 1855 1706 1894 res}
1730 1854 1790 1894 42,
1816 1856 1854 1886 ut
1876 1855 1976 1887 vide-

225 1917 296 1955 tur⁷
324 1923 365 1946 ex
390 1922 458 1955 quo
483 1912 556 1945 solo
578 1920 631 1944 res
655 1920 722 1943 non
747 1909 922 1952 prolatum
946 1912 1009 1942 est.
1041 1929 1071 1934 -
1103 1911 1191 1951 plur.
1216 1911 1322 1943 verbis
1343 1912 1411 1942 iud.
1438 1911 1506 1943 hoc
1530 1911 1652 1943 ordIne
1676 1910 1770 1942 solus
1792 1910 1844 1943 29.

312 1979 388 2012 pag.
415 1970 489 2001 439.
523 1978 556 2000 ν.
581 1969 612 2000 5.
639 1968 846 1999 innocentum
879 1967 982 2007 Lagg.
1007 1968 1149 2008 praeter
1170 1967 1223 1998 29.
1253 1986 1287 1989 —
1326 1967 1357 1998 9.
1381 1976 1432 1998 me
1455 1968 1518 1999 29:
1556 1976 1626 1998 om.
1652 1966 1726 1998 rell.
1755 1985 1790 1989 -
1827 1966 1879 1998 44.
1903 1975 1977 1998 mea

226 2036 295 2059 om.
321 2027 362 2059 29
386 2035 419 2068 p.
443 2043 477 2047 —
503 2025 557 2057 22.
584 2024 662 2064 quid
683 2024 777 2055 habet
803 2023 858 2055 tex
880 2023 944 2054 uisi
966 2023 1226 2054 molestissimum
1249 2023 1340 2054 coni.
1367 2023 1492 2054 Bakius
1516 2022 1536 2054 l.
1564 2032 1594 2054 o.
1620 2032 1654 2063 p.
1681 2022 1776 2054 488.:
1805 2024 1977 2064 «Apparet

226 2084 318 2116 enim
342 2083 410 2114 hoe
433 2081 677 2113 demonstrare
700 2078 789 2111 velle
815 2079 1040 2118 Ciceronem,
1074 2078 1126 2118 id,
1159 2078 1253 2119 quod
1283 2078 1504 2110 adversarms
1528 2077 1735 2119 postularet,
1769 2079 1807 2109 ut
1831 2086 1977 2119 compe-

226 2139 420 2171 rendinatio
444 2138 645 2170 servaretur
667 2136 701 2167 In
725 2135 792 2167 hoc
816 2135 960 2173 iudicia,
997 2135 1104 2166 actori
1129 2135 1243 2176 potius
1268 2142 1372 2174 quam
1397 2143 1458 2166 reo
1483 2134 1710 2166 commodum
1736 2143 1832 2175 esse,
1860 2134 1976 2175 itaque

226 2195 390 2236 adempto
415 2191 744 2233 comperendinatu,
780 2191 923 2222 minime
954 2191 987 2222 in
1012 2190 1184 2221 deteriore
1217 2189 1414 2221 conditione
1439 2198 1518 2221 esse
1542 2190 1723 2221 Verrem.»
1747 2208 1791 2213 ——
1812 2191 1866 2222 25.
1892 2198 1977 2222 com—

224 2259 322 2283 mune
342 2250 513 2289 utriusque
535 2248 587 2281 29.
617 2265 653 2270 —-
688 2247 741 2278 26.
767 2246 890 2278 dixerit
909 2245 1020 2285 idem,
1047 2247 1160 2284 reete,
1188 2247 1225 2277 ut
1248 2245 1395 2278 videtur.
1423 2246 1499 2285 (hae
1524 2245 1615 2277 duae
1638 2246 1826 2278 varietates
1850 2245 1977 2278 desunt

225 2306 318 2349 apud
341 2306 389 2346 Z.)
418 2324 452 2328 -
479 2304 532 2336 30.
548 2303 696 2336 Accilium
711 2301 764 2334 42.
785 2319 819 2323 —-
846 2301 899 2333 32.
917 2302 1063 2332 accusati
1085 2304 1159 2332 suut
1181 2301 1222 2332 29
1239 2310 1273 2342 p.
1295 2318 1329 2324 —-
1356 2301 1408 2333 38.
1427 2301 1496 2343 uos]
1520 2311 1585 2333 non
1601 2302 1653 2333 29.

313 2371 390 2404 pag.
417 2360 490 2393 440.
523 2369 557 2392 v.
584 2360 614 2390 4.
645 2368 668 2390 a
690 2359 780 2390 etv.
806 2358 836 2389 6.
862 2360 931 2389 tum
961 2366 1031 2388 om.
1058 2358 1159 2397 Lagg.
1187 2358 1327 2398 praeter
1357 2357 1411 2389 29.
1449 2375 1483 2380 -
1521 2358 1551 2389 3.
1586 2358 1828 2399 quadriqeuties
1855 2357 1910 2391 29.
1938 2375 1973 2380 -

225 2419 256 2451 9.
281 2418 441 2458 Eryeiuai
464 2416 506 2448 29
529 2424 563 2457 p.
591 2433 626 2436 —
653 2414 707 2446 40.
732 2416 835 2445 totam
856 2422 926 2445 rem
948 2413 1096 2444 iudicare
1118 2413 1172 2445 29.
1200 2431 1233 2434 —
1263 2413 1315 2444 42.
1340 2421 1454 2454 greges
1476 2422 1634 2453 equorum
1650 2413 1703 2446 42.
1729 2413 1891 2445 Debebat
1906 2412 1976 2445 sal-

226 2476 297 2507 tem
313 2473 492 2514 Zumptius
516 2472 552 2503 et
574 2471 633 2512 qui
657 2478 737 2501 eum
762 2470 871 2501 secuti
895 2470 987 2507 sunt,
1013 2477 1094 2501 eum
1118 2469 1208 2500 hanc
1231 2467 1418 2501 lectionem
1435 2469 1661 2510 negligerent,
1687 2469 1860 2510 vulgatam
1878 2478 1977 2509 equa-

224 2540 301 2563 rum
316 2528 530 2570 argumentiS
546 2527 647 2559 tueri.
667 2525 717 2558 Cf.
735 2524 824 2557 Add.
843 2525 887 2556 ad
904 2533 937 2565 p.
958 2524 1068 2556 483.v.
1087 2525 1118 2556 7.
1135 2542 1169 2547 -
1186 2526 1240 2556 24.
1259 2534 1295 2556 eo
1311 2534 1426 2556 numos
1440 2525 1482 2557 29
1503 2525 1587 2565 (rell.
1605 2525 1681 2566 eos).
1703 2543 1738 2547 —
1757 2526 1811 2558 26.
1826 2526 1977 2565 requirat

226 2588 329 2628 Lagg.
355 2585 495 2627 praeter
515 2583 570 2615 29.
597 2599 631 2604 -
659 2581 711 2613 32.
737 2589 840 2612 eausa
862 2581 1012 2621 coqnovit
1034 2580 1088 2612 29.
1117 2599 1151 2602 —
1185 2581 1238 2612 35.
1264 2581 1368 2612 solum
1389 2581 1442 2613 29.
1472 2598 1506 2604 —-
1533 2581 1585 2614 38.
1611 2584 1646 2613 tu
1669 2582 1771 2622 Lagg.
1800 2599 1835 2605 —-
1868 2581 1922 2614 40.
1947 2583 1977 2613 et

224 2651 368 2684 magna,
395 2649 465 2672 om.
491 2648 531 2679 a,
556 2638 597 2671 29
623 2637 718 2679 (falso
743 2637 847 2669 tradit
871 2637 905 2667 Z.
931 2645 964 2677 p.
992 2636 1086 2668 4044.
1113 2637 1146 2668 in
1171 2637 1248 2669 cod.
1275 2640 1305 2668 et
1328 2636 1477 2677 deesse).

313 2706 390 2740 pag.
417 2695 490 2728 444.
516 2703 550 2726 ν.
577 2695 607 2725 4.
633 2694 692 2725 hoc
715 2694 756 2725 29
781 2694 815 2724 et
837 2692 857 2725 4
881 2692 966 2724 dett.
994 2691 1077 2733 (rell.
1103 2693 1205 2732 haec.)
1233 2710 1269 2715 —-
1295 2692 1325 2724 3.
1350 2693 1384 2724 id
1407 2693 1554 2724 laborari
1578 2693 1833 2725 restituendum
1857 2694 1910 2724 est
1932 2700 1974 2724 ex

227 2756 307 2795 Lag.
332 2753 392 2791 42·⁷
417 2751 460 2783 cs.
487 2750 532 2782 ad
553 2750 622 2782 Att.
647 2750 733 2781 XIII.
759 2749 791 2788 9,
816 2749 928 2780 laboro
951 2749 1036 2780 idem
1059 2749 1145 2786 quod
1168 2752 1221 2786 tu3
1252 2748 1375 2780 Parad.
1402 2749 1440 2779 II.
1467 2748 1498 2787 g.
1525 2749 1577 2780 47.
1613 2750 1724 2789 Atque
1749 2749 1889 2781 omnino
1911 2756 1974 2780 ve-

226 2819 306 2843 reor
328 2811 366 2841 ut
389 2809 484 2840 recte
502 2806 654 2838 dicatur:
680 2805 714 2836 in
730 2814 765 2837 eo
783 2803 848 2845 (vol
865 2805 908 2845 id)
926 2804 1057 2836 elaboro
1072 2808 1108 2836 ut
1125 2803 1190 2845 (vel
1206 2805 1255 2845 ne)
1274 2805 1351 2844 quid
1365 2805 1436 2845 fiat.
1458 2803 1512 2845 [At
1525 2804 1604 2836 vide
1621 2814 1655 2846 p.
1675 2805 1750 2837 282.
1767 2813 1800 2836 v.
1819 2805 1849 2836 7.
1868 2804 1973 2843 an]

230 2885 263 2888 —
290 2867 321 2897 7.
347 2873 421 2897 cum
442 2861 603 2895 iudicibus
623 2861 687 2893 29:
723 2863 792 2892 tum
813 2859 973 2891 iudicibus
996 2859 1069 2891 rell.
1097 2860 1188 2900 (hino
1213 2859 1418 2900 corrigenda
1442 2861 1496 2891 est
1519 2859 1598 2891 adn.
1624 2860 1713 2900 crit.)
1748 2878 1783 2882 -
1810 2859 1860 2891 48.
1887 2859 1975 2890 dictu

225 2922 337 2962 turpia
359 2920 412 2952 29.
431 2918 483 2951 42.
513 2935 547 2939 -
573 2916 626 2949 24.
646 2916 865 2956 perlectorum
888 2916 942 2948 29.
982 2933 1017 2938 -
1042 2916 1095 2947 25.
1122 2925 1189 2955 qua
1210 2924 1247 2947 re
1268 2916 1309 2947 29
1332 2923 1366 2956 p.
1399 2933 1434 2937 —-
1459 2915 1512 2946 29.
1539 2924 1562 2946 a
1583 2915 1700 2947 scelere
1721 2916 1764 2948 29
1787 2916 1823 2947 et
1844 2914 1862 2945 7
1887 2914 1971 2946 dett.

227 2977 338 3018 (celere
359 2975 425 3015 29.)
438 2992 473 2997 -
492 2973 545 3006 35.
571 2972 627 3012 qui
648 2973 766 3004 sentire
787 2972 828 3004 29
844 2980 878 3013 p.
900 2987 936 2993 ——
955 2971 1008 3003 36.
1033 2974 1175 3004 statuere
1190 2975 1219 3003 te
1233 2980 1298 3003 ηοη
1321 2970 1463 3003 debuisse
1485 2979 1581 3012 susp.
1607 2971 1731 3003 Bakius
1754 2969 1775 3002 l.
1795 2979 1825 3002 c.
1843 2979 1877 3011 p.
1896 2970 1971 3002 489.

230 3051 264 3056 —
290 3032 342 3064 39.
367 3030 545 3072 officiisque
566 3028 674 3060 habet
696 3029 801 3060 etiam
824 3027 877 3059 29.

313 3096 391 3129 pag.
418 3085 492 3119 442.
517 3093 550 3116 v.
575 3084 607 3115 2.
633 3087 822 3124 expectatus
843 3084 878 3115 iu.
901 3084 940 3115 G.
967 3084 1001 3115 et
1022 3086 1142 3115 sortem
1163 3092 1194 3114 v.
1221 3083 1251 3115 5.
1277 3081 1371 3114 solus
1395 3081 1501 3113 habet
1523 3082 1577 3115 29.
1606 3100 1639 3104 —
1666 3082 1697 3113 7.
1722 3081 1900 3113 voluntatis
1921 3081 1973 3113 de-

225 3143 440 3185 fensionisque
466 3140 521 3173 29.
564 3140 686 3181 (Deest
718 3139 811 3181 apud
841 3140 875 3171 Z.
908 3138 1010 3171 lectio
1040 3137 1295 3176 memorabilis,
1333 3146 1422 3178 quae
1453 3137 1547 3169 haud
1571 3137 1644 3169 scio
1667 3145 1710 3168 an
1734 3145 1817 3169 vera
1841 3137 1906 3177 sit.)
1937 3154 1971 3160 —

226 3201 279 3232 46.
303 3197 460 3231 iudicabit
481 3197 584 3237 Lagg.
606 3214 641 3218 -
668 3196 719 3227 48.
746 3195 884 3236 triginta
907 3203 974 3227 om.
1001 3196 1103 3236 Lagg.
1126 3213 1160 3218 —
1186 3193 1418 3234 quadrigentos
1437 3193 1490 3224 29.
1517 3211 1552 3216 —
1577 3192 1676 3233 XVII]
1701 3192 1809 3224 decem
1829 3201 1888 3224 sex
1913 3192 1970 3230 293

226 3256 299 3288 XVI
319 3256 338 3287 7
363 3254 448 3287 dett.
487 3269 523 3274 —
556 3252 609 3284 20.
633 3251 736 3283 milles
763 3251 805 3283 29
837 3251 892 3291 (an
916 3259 959 3283 ex
981 3251 1083 3283 decies
1093 3249 1135 3290 (Γ).
1171 3267 1207 3272 -
1241 3248 1405 3289 sexcenta]
1431 3248 1609 3289 quingenta
1631 3249 1734 3288 Lagg.
1762 3266 1798 3272 -—-
1823 3246 1972 3289 triginta]

228 3319 298 3344 om.
325 3311 377 3350 4.;
413 3307 639 3351 quadraginta
660 3305 733 3340 rell.
759 3307 861 3349 Lagg.
889 3323 925 3331 —-
950 3306 1052 3350 XVII]
1083 3306 1191 3341 decem
1212 3313 1271 3339 seae
1291 3303 1347 3338 vel
1368 3304 1443 3337 XVI
1461 3312 1598 3337 omnes.
1626 3321 1659 3329 —
1698 3304 1751 3338 24.
1777 3305 1857 3337 ante
1880 3303 1974 3338 mitia
