2143 3713
231 251 312 292 73⁶..)
777 252 975 292 ORATIO
1007 252 1108 292 PRO
1139 252 1184 291 L.
1214 252 1428 293 MURENA

233 363 514 412 desiderabat,
545 368 736 418 praetura
766 364 956 404 restituit.
1015 362 1080 402 38.
1110 364 1216 403 Num
1246 363 1320 402 tibi
1349 363 1451 403 haec
1481 376 1606 416 parva
1636 363 1828 404 videntur
1855 366 1972 406 adiu-

231 431 370 466 menta
399 431 439 466 et
468 426 651 466 subsidia
682 426 947 466 consulatus?
992 426 1194 465 Voluntas
1226 425 1427 465 militum?
1459 438 1564 479 quae
1595 438 1687 464 cum
1708 440 1781 479 per
1802 441 1844 467 se
1865 428 1974 469 valet

231 488 519 535 multitudine,
566 502 659 528 cum
698 488 807 541 apud
850 501 948 527 suos
987 489 1138 540 gratia,
1178 492 1265 526 tum
1302 500 1398 526 vero
1438 488 1477 527 in
1519 486 1688 526 consule
1727 487 1972 529 declarando

230 549 404 590 multum
449 550 571 590 etiam
608 551 717 603 apud
756 551 996 590 universum
1040 549 1242 602 populum
1284 550 1510 590 Romanum
1552 551 1806 590 auctoritatis
1850 551 1974 592 habet

202 611 469 664 5suffragatio
501 612 713 659 militaris3
744 613 1014 666 imperatores
1047 611 1155 650 enim
1187 612 1361 651 comitiis
1391 612 1695 658 consularibus,
1726 625 1810 651 non
1830 615 1974 654 verbo-

230 686 322 714 rum
352 674 598 727 interpretes
631 674 880 727 deliguntur.
942 674 1079 722 Quare
1110 672 1244 725 gravis
1276 677 1338 712 est
1367 673 1436 713 illa
1467 674 1620 713 oratio:
1664 675 1761 713 «Me
1791 676 1973 715 saucium

230 736 451 776 recreavit:
483 750 547 776 me
578 736 731 789 praeda
765 737 959 776 donavit:
1005 736 1083 775 hoc
1116 735 1218 773 duce
1251 741 1382 774 castra
1414 736 1616 789 cepimus,
1656 735 1771 787 signa
1800 737 1975 776 contuli-

231 811 345 837 mus:
377 811 601 852 numquam
633 798 708 837 iste
740 799 832 851 plus
864 798 983 837 militi
1014 797 1166 836 laboris
1193 796 1407 849 imposuit,
1439 811 1561 850 quam
1583 797 1660 836 sihi
1682 799 1854 850 sumpsit
1873 799 1974 852 ipse,

231 872 324 898 cum
354 858 497 907 fortis,
530 865 614 899 tum
645 861 769 899 etiam
799 860 938 899 felix.»
986 859 1073 898 Hoc
1105 859 1245 911 quanti
1268 863 1385 911 putas
1406 873 1496 898 esse
1518 859 1568 898 ad
1590 859 1738 898 samam
1759 859 1973 900 hominum

185 932 216 961 ιο
230 934 276 960 ac
306 921 592 962 voluntatem?
631 922 794 961 Etenim
827 921 860 960 si
881 926 995 960 tanta
1015 921 1096 960 illis
1119 921 1293 960 comitiis
1315 921 1460 974 religio
1483 927 1564 968 est,
1596 927 1640 961 ut
1660 921 1792 961 adhuc
1814 935 1976 974 semper

231 995 353 1022 omen
387 983 560 1023 valuerit
589 984 942 1036 praerogativum,
988 982 1086 1035 quid
1126 983 1272 1022 mirum
1312 988 1373 1022 est
1410 984 1452 1022 in
1482 984 1559 1023 hoc
1590 983 1798 1023 felicitatis
1826 983 1974 1023 famam

229 1058 547 1098 sermonemque
577 1046 782 1085 valuisse?

339 1107 452 1146 XIX.
495 1107 577 1147 Sed
617 1109 652 1148 si
687 1107 789 1147 haec
826 1108 981 1148 leviora
1023 1107 1161 1155 ducis,
1210 1120 1315 1161 quae
1357 1114 1451 1147 sunt
1489 1107 1750 1161 gravissima,
1797 1112 1836 1146 et
1869 1107 1976 1147 hanc

229 1168 425 1209 urbanam
458 1170 795 1223 suffragationem
826 1170 991 1210 militari
1023 1171 1265 1222 anteponis,
1307 1169 1395 1209 noli
1426 1170 1614 1209 ludorum
1656 1169 1780 1209 huius
1812 1170 1975 1222 elegan-

182 1244 214 1274 15
229 1232 325 1271 tiam
357 1236 398 1271 et
427 1245 600 1273 scaenae
630 1232 979 1285 magnificentiam
1009 1232 1128 1272 valde
1161 1237 1450 1279 contemnere,
1493 1246 1599 1286 quae
1628 1232 1724 1271 huic
1754 1231 1975 1271 admodum

228 1293 485 1346 profuerunt.
544 1296 645 1334 Nam
677 1295 779 1348 quid
811 1308 887 1348 ego
919 1295 1049 1335 dicam
1079 1295 1280 1348 populum
1311 1308 1355 1334 ac
1385 1295 1531 1347 vulgus
1562 1294 1839 1348 imperitorum
1870 1292 1976 1334 ludis

230 1369 378 1409 magno
408 1369 533 1409 opere
565 1356 784 1396 delectari?
843 1356 981 1397 Minus
1013 1361 1072 1396 est
1110 1356 1362 1405 mirandum3
1407 1370 1655 1411 quamquam
1694 1356 1790 1395 huic
1830 1369 1975 1396 causae

228 1419 270 1458 id
301 1419 399 1459 satis
431 1426 515 1467 est3
548 1424 643 1459 sunt
672 1419 783 1458 enim
814 1419 957 1473 populi
987 1433 1033 1459 ac
1065 1418 1342 1458 multitudinis
1375 1419 1551 1459 comitia.
1592 1419 1727 1467 Quare
1760 1418 1792 1457 si
1823 1417 1976 1471 populo

228 1481 419 1521 ludorum
449 1482 753 1535 magnificentia
783 1481 985 1534 voluptati
1019 1486 1098 1528 est,
1130 1494 1213 1521 non
1244 1487 1304 1519 est
1334 1481 1562 1520 mirandum
1595 1495 1684 1521 eam
1714 1482 1759 1520 L.
1780 1482 1976 1521 Murenae

180 1557 214 1584 20
229 1544 339 1597 apud
370 1544 572 1597 populum
602 1544 821 1597 profuisse.
873 1541 937 1582 39.
971 1543 1051 1582 Sed
1083 1543 1116 1581 si
1149 1548 1311 1581 nosmet
1340 1543 1442 1595 ipsi,
1476 1544 1547 1595 qui
1569 1549 1609 1582 et
1629 1544 1678 1582 ab
1701 1543 1976 1583 delectatione

230 1606 340 1645 omni
369 1606 547 1659 negotiis
578 1606 824 1659 impedimur
854 1611 894 1646 et
923 1606 966 1645 in
996 1606 1085 1658 ipsa
1114 1604 1387 1657 occupatione
1419 1604 1712 1644 delectationes
1743 1605 1843 1645 alias
1874 1605 1978 1644 mul-

230 1673 289 1708 tas
320 1668 474 1708 hahere
505 1681 748 1721 possumus,
789 1668 897 1707 ludis
928 1673 1066 1707 tamen
1106 1667 1360 1706 oblectamur
1391 1670 1432 1705 et
1462 1666 1668 1714 ducimur,
1706 1667 1805 1720 quid
1836 1672 1879 1707 tu
1907 1667 1978 1706 ad-

228 1730 376 1770 mirere
410 1729 461 1770 de
492 1730 751 1770 multitudine
782 1730 976 1770 indocta?
1035 1727 1101 1769 l1-().
1142 1730 1186 1767 L.
1230 1727 1363 1775 Otho,
1402 1728 1465 1767 vir
1500 1728 1639 1775 fortis,
1681 1741 1797 1769 meus
1837 1742 1978 1769 neces-

228 1793 383 1840 sarius,
416 1793 600 1846 equestri
633 1792 769 1832 ordini
800 1792 980 1832 restituit
1000 1806 1085 1832 non
1107 1791 1240 1831 solum
1262 1790 1522 1843 dignitatem,
1555 1790 1626 1830 sed
1649 1791 1771 1831 etiam
1791 1791 1980 1844 volupta-

179 1869 216 1898 25
229 1860 324 1895 tem.
383 1855 527 1908 Itaque
560 1855 628 1894 lex
658 1855 784 1902 haec,
824 1868 930 1908 quae
961 1855 1011 1895 ad
1043 1854 1164 1894 ludos
1195 1853 1392 1907 pertinet,
1431 1859 1492 1892 est
1523 1852 1706 1893 omnium
1738 1852 1979 1906 gratissima,

228 1917 340 1970 quod
369 1916 666 1957 honestissimo
699 1917 832 1956 ordini
864 1930 955 1956 cum
987 1917 1205 1971 splendore
1236 1914 1392 1954 fructus
1426 1928 1591 1968 quoque
1622 1915 1887 1955 iucunditatis
1919 1921 1981 1956 est

227 1979 453 2019 restitutus.
514 1979 652 2027 Quare
683 1979 892 2020 delectant
921 1979 1134 2026 homines,
1165 1976 1266 2017 mihi
1298 1976 1441 2024 crede,
1473 1977 1580 2025 ludi,
1612 1978 1734 2017 etiam
1757 1977 1874 2025 illos,
1907 1979 1979 2030 qui

228 2040 513 2089 dissimulant,
553 2055 637 2081 non
675 2042 806 2081 solum
849 2055 943 2089 eos,
984 2042 1053 2095 qui
1094 2041 1296 2080 fatentur:
1339 2040 1450 2092 quod
1483 2053 1557 2092 ego
1588 2040 1630 2078 in
1661 2053 1751 2079 mea
1780 2040 1979 2093 petitione

228 2103 358 2151 sensi3
389 2116 484 2143 nam
514 2117 591 2143 nos
623 2117 792 2157 quoque
823 2104 1042 2143 habuimus
1074 2115 1265 2142 scaenam
1296 2102 1633 2155 competitricem.
1681 2102 1803 2150 Quod
1834 2103 1867 2142 si
1888 2116 1978 2155 ego,

176 2182 212 2211 30
229 2166 300 2219 qui
330 2166 459 2206 trinos
490 2166 610 2206 ludos
641 2166 785 2206 aedilis
815 2166 1015 2212 feceram,
1048 2169 1185 2204 tamen
1215 2164 1385 2203 Antonii
1416 2163 1522 2203 ludis
1554 2164 1861 2212 commovebar,
1893 2165 1978 2213 tibi,

228 2228 301 2280 qui
331 2241 428 2267 casu
458 2228 594 2269 nullos
624 2228 804 2275 feceras,
835 2228 942 2267 nihil
972 2227 1093 2267 huius
1124 2227 1244 2268 istam
1275 2227 1431 2279 ipsam,
1473 2240 1595 2280 quam
1627 2226 1795 2274 irrides,
1835 2240 1979 2281 argen-

230 2294 337 2331 team
367 2303 557 2330 scaenam
590 2290 848 2331 adversatam
878 2292 1028 2343 putas?
1087 2286 1153 2328 4-1.
1195 2288 1276 2329 Sed
1305 2289 1407 2328 haec
1439 2302 1537 2328 sane
1568 2289 1649 2329 sint
1679 2289 1791 2342 paria
1821 2289 1977 2329 omnia:

316 2569 345 2600 1.
371 2569 575 2601 desiderarat
598 2569 678 2601 Ern.
704 2577 801 2609 susp.
821 2585 862 2591 —
878 2568 909 2600 3.
935 2578 1009 2600 cum
1032 2570 1121 2609 apud
1144 2569 1169 2600 E
1184 2570 1247 2608 Gx
1262 2570 1303 2608 L,
1329 2571 1404 2600 Par.
1432 2568 1462 2600 4.
1490 2569 1519 2600 8.
1547 2570 1566 2599 9
1590 2571 1682 2610 (aput
1706 2570 1761 2607 G):
1799 2572 1867 2600 lum
1890 2570 1979 2610 apud

228 2621 256 2651 M
273 2622 343 2651 Ov.
370 2638 412 2641 —u
442 2619 472 2652 4.
500 2621 683 2651 Romanum
706 2627 775 2650 om.
802 2629 838 2657 χ
871 2637 913 2640 —
943 2619 1036 2650 habet
1059 2621 1256 2659 suflraqalio
1280 2619 1403 2650 codd:
1435 2619 1555 2650 habet?
1583 2619 1787 2660 suffragatio
1811 2619 1883 2650 LO.
1925 2619 1974 2650 Cf.

228 2671 373 2711 Madvig.
401 2670 445 2701 ad
469 2670 533 2702 Cic.
561 2670 598 2701 de
621 2669 715 2700 Finn.
742 2678 776 2709 p.
803 2668 877 2700 809.
904 2687 946 2691 -ψ
976 2670 1007 2700 5
1035 2669 1108 2710 non]
1134 2669 1167 2699 in
1192 2672 1233 2707 (ἰ,
1267 2678 1336 2700 om.
1363 2669 1387 2700 E
1403 2669 1439 2701 C.
1466 2687 1509 2691 .-.-
1539 2670 1568 2699 6.
1596 2669 1775 2709 ᾶίῐίῃωιίαι·
1799 2669 1839 2706 G,
1874 2669 1906 2699 M
1929 2677 1975 2701 m.

227 2730 301 2762 pr.,
333 2729 370 2751 V.
398 2738 439 2742 -—
469 2723 513 2751 est
536 2719 605 2760 illa]
637 2719 723 2750 illius
746 2727 779 2750 v,
812 2737 854 2740 >w
885 2719 914 2749 7.
942 2719 1093 2750 recitavit
1122 2723 1168 2758 «μ’.
1208 2737 1241 2741 —-
1274 2720 1305 2750 8.
1328 2719 1403 2758 plus
1425 2720 1482 2750 istc
1506 2728 1536 2750 v.
1571 2737 1604 2740 —
1638 2718 1750 2749 militis
1772 2718 1807 2749 T.
1844 2736 1877 2740 »-
1912 2719 1975 2751 lab.

229 2769 379 2809 imposuit
402 2777 472 2800 om.
500 2770 539 2800 ΙΙ.
566 2787 608 2791 ——
632 2769 777 2808 sumpsit.
806 2769 872 2807 ipse
895 2769 1085 2805 EMSzL.
1114 2785 1147 2789 —
1177 2769 1207 2799 Ε).
1234 2777 1308 2798 cum
1331 2768 1355 2799 F.
1370 2769 1419 2799 M:
1452 2771 1519 2798 lum
1543 2768 1686 2805 GTzv.
1717 2785 1750 2789 --
1779 2769 1830 2799 210.
1856 2770 1980 2801 comitis

229 2823 265 2851 (¹1.
292 2837 335 2841 -—
358 2818 464 2849 adhuc
486 2826 583 2858 super
606 2827 699 2849 omne
717 2818 910 2858 praevaleat
933 2827 965 2848 v.
984 2836 1027 2841 —
1050 2818 1102 2848 Μ.
1129 2817 1231 2858 omen]
1256 2818 1370 2848 honori
1394 2818 1429 2849 E.
1453 2836 1486 2839 —
1511 2817 1652 2848 valuerit
1673 2826 1742 2848 om.
1770 2827 1805 2854 χ.
1827 2835 1860 2839 -
1875 2826 1978 2857 prae—

227 2869 414 2910 royantium
437 2869 468 2900 M
492 2877 539 2900 m.
558 2877 610 2909 pr.
629 2886 671 2890 m
695 2868 781 2906 quod
805 2869 842 2898 G.
866 2886 899 2889 --—
920 2871 964 2899 est
988 2876 1057 2899 om.
1084 2876 1116 2899 V.
1139 2885 1172 2889 —
1193 2868 1245 2899 4⁶2.
1270 2868 1487 2906 sermonisque
1511 2867 1644 2898 voluisse
1661 2869 1697 2898 G.
1718 2885 1752 2889 —
1774 2868 1824 2899 45.
1843 2876 1979 2900 scaenae

227 2928 262 2950 v:
290 2927 404 2950 scenae
426 2918 489 2949 EG
504 2918 574 2949 Mo
601 2917 645 2958 (ct
669 2918 719 2948 sic
744 2917 853 2956 infra).
884 2935 918 2938 —
946 2917 997 2948 46.
1024 2920 1080 2948 aut
1103 2918 1216 2957 colgus
1239 2917 1276 2948 E.
1295 2935 1337 2939 —
1359 2916 1474 2956 vulqus
1496 2916 1682 2955 imperilum
1706 2924 1800 2957 susp.
1819 2917 1918 2955 Ern.;
1944 2919 1979 2947 at

229 2978 259 2999 v.
286 2968 330 2999 de
354 2968 445 2999 Orat.
473 2968 526 2998 ΙΙΙ.
554 2967 586 3008 ἓ.
614 2967 686 2998 495.
714 2966 757 2998 de
782 2967 886 2998 Deor.
914 2968 988 2998 Nat.
1015 2967 1039 2997 Ι.
1067 2966 1097 3006 S.
1124 2967 1197 2998 401,
1223 2985 1266 2989 —
1290 2967 1341 2998 117.
1367 2966 1484 3004 minus]
1514 2966 1609 2997 nimis
1633 2968 1669 2997 G.
1711 2966 1887 2997 Immerito
1910 2966 1977 2998 hoc

229 3018 329 3050 colon
358 3017 485 3048 «minus
508 3020 553 3047 est
574 3017 784 3047 mirandum»
816 3017 896 3056 post
918 3016 1084 3047 Beckium
1108 3016 1266 3047 Schtitzio
1291 3017 1492 3056 suspectum
1518 3016 1588 3046 fuit.
1619 3034 1651 3037 —
1688 3024 1837 3054 quamque
1859 3024 1978 3048 causae

228 3078 259 3099 V.
286 3086 328 3090 —
353 3067 404 3098 48.
432 3067 464 3097 id
487 3074 556 3097 om.
584 3068 621 3097 G.
650 3083 683 3086 —
719 3065 771 3096 49.
799 3066 881 3104 eam]
906 3074 1039 3097 causum
1066 3075 1100 3102 χ,
1136 3082 1170 3087 -
1203 3066 1257 3096 ⁶20.
1284 3065 1324 3096 ab
1347 3065 1455 3096 delect.
1484 3065 1545 3095 EG
1571 3064 1714 3105 aliique:
1746 3074 1767 3095 a
1791 3064 1898 3096 delecl.
1924 3067 1974 3103 M;

229 3117 268 3148 ab
293 3125 361 3148 om.
380 3117 404 3147 T
417 3126 439 3153 χ
452 3125 488 3153 v;
515 3115 556 3146 ab
572 3115 780 3147 oblectatione
804 3116 883 3154 Lag.
904 3116 955 3146 40.
976 3115 1015 3146 43
1033 3115 1067 3145 et
1082 3124 1105 3151 χ
1125 3115 1157 3155 (χ
1176 3114 1249 3146 siue
1267 3114 1331 3153 ab),
1350 3113 1426 3145 sort.
1445 3115 1552 3145 recte.
1570 3131 1604 3135 -
1631 3115 1683 3145 ⁶24.
1703 3112 1801 3154 omni]
1817 3116 1978 3146 communi

230 3175 323 3207 susp.
349 3166 522 3198 Benecke.
544 3183 580 3188 -
598 3166 652 3196 ⁶22.
676 3165 836 3205 possimus
859 3165 885 3196 11
900 3165 968 3202 Ξχ.
990 3182 1023 3186 —
1044 3168 1073 3196 et
1096 3166 1246 3196 ducimur
1268 3166 1400 3203 ixl-sup.
1427 3162 1484 3195 lin.
1510 3163 1627 3195 habet.
1651 3181 1684 3186 —
1703 3164 1871 3194 admirare
1893 3165 1974 3202 mei,

233 3217 257 3246 (j
276 3221 323 3255 ψ,
355 3217 435 3256 Lag.
463 3216 492 3246 9.
519 3215 571 3247 ⁶20.
597 3215 650 3246 25.
676 3215 729 3246 26.
757 3215 808 3246 65.
840 3232 874 3236 -
905 3214 957 3246 023.
985 3216 1022 3246 de
1043 3215 1135 3246 mult.
1161 3215 1242 3255 ind.]
1272 3213 1509 3244 multitudinem
1531 3215 1694 3245 indoctam
1717 3213 1805 3245 coni.
1832 3213 1973 3250 Lamb.;

234 3267 268 3295 at
291 3274 322 3295 v.
347 3265 460 3298 Madv.
486 3264 530 3295 ad
555 3265 618 3295 Cic.
645 3265 682 3296 (le
705 3265 799 3295 Finn.
826 3273 859 3305 p.
888 3264 938 3295 40.
969 3282 1003 3285 ..-
1029 3263 1081 3295 Ἡ.
1109 3265 1221 3295 ordine
1245 3266 1281 3294 (t.
1304 3281 1338 3284 —
1365 3263 1527 3293 constituit
1550 3273 1585 3301 χ.
1607 3281 1640 3284 —
1660 3264 1711 3295 ⁶25.
1738 3266 1766 3294 ct
1790 3272 1818 3293 ο.
1844 3263 1977 3303 qrauis-

234 3314 317 3345 sima
339 3318 383 3346 est
404 3320 451 3353 ψ.
479 3332 512 3335 -
540 3315 593 3345 27.
619 3318 649 3345 ct
669 3314 742 3344 illos
764 3323 802 3352 v,
829 3314 926 3345 ctiam
950 3323 1001 3345 eos
1024 3314 1058 3344 1..
1088 3330 1122 3334 —
1150 3313 1201 3344 ⁶29.
1229 3313 1255 3343 si
1279 3321 1347 3343 om.
1376 3314 1412 3342 G.
1431 3331 1473 3334 —A
1490 3313 1541 3343 30.
1568 3316 1674 3344 ternos
1696 3321 1728 3343 v,
1751 3329 1783 3333 —
1807 3313 1919 3344 antoni
1935 3314 1973 3344 G.

238 3381 273 3386 —
299 3363 350 3395 31.
377 3364 483 3396 nullus
506 3366 543 3395 G.
562 3382 603 3386 ——
626 3362 716 3404 nihil]
740 3371 806 3394 ηοη
822 3363 864 3394 M.
887 3380 921 3384 —
941 3363 1061 3395 inrides
1084 3364 1121 3393 G.
1144 3380 1177 3384 —
1197 3362 1248 3393 32.
1272 3365 1365 3401 putes
1388 3363 1411 3393 T
1424 3372 1454 3393 v.
1479 3381 1512 3385 -
1531 3365 1604 3394 sunt
1625 3370 1693 3400 xv.
