2143 3713
626 223 721 264 CAP.
751 223 978 263 xi-xu.
1016 221 1090 276 §§.
1121 221 1315 263 99—34-.
1797 222 1878 264 5⁶27

134 341 205 376 aut
235 342 315 376 tam
346 336 507 376 firmum
538 335 685 375 habuit
715 335 990 387 praesidium,
1021 341 1066 375 ut
1097 340 1208 375 tutus
1239 339 1370 381 esset,
1401 340 1473 374 aut
1502 340 1582 374 tam
1602 336 1681 376 fuit
1701 336 1878 385 abditus,

134 405 180 439 ut
209 400 353 439 lateret
368 402 385 439 ζ’
432 399 534 446 Quis
566 397 794 448 navigavit,
828 398 899 450 qui
932 411 1014 436 non
1047 410 1090 437 se
1113 402 1185 436 aut
1205 396 1349 435 mortis
1371 402 1442 435 aut
1463 398 1670 437 servitutis
1694 398 1878 451 periculo

135 463 430 508 committeret,
459 474 551 500 cum
582 464 652 499 aut
680 459 817 497 hicme
849 465 918 498 aut
941 459 1092 499 referto
1115 458 1371 511 praedonum
1395 458 1494 497 mari
1517 460 1760 511 navigaret?
1791 460 1880 500 Hoc

137 528 291 563 tantuin
323 523 498 569 bellum,
530 527 610 560 tam
633 526 773 572 turpe,
806 526 886 559 tani
910 526 1046 567 vetus,
1079 526 1158 560 tam
1184 520 1264 559 late
1287 520 1465 559 divisum
1487 526 1612 573 atque
1634 522 1880 574 dispersum,

137 586 229 637 quis
262 598 457 638 umquam
489 583 757 622 arbitraretur
787 588 857 622 aut
898 583 948 621 ab
981 582 1171 621 omnibus
1203 582 1522 634 imperatoribus
1554 595 1638 621 uno
1670 596 1778 623 anno
1810 589 1913 623 aut5

137 648 328 686 omnibus
359 646 475 686 annis
507 644 556 684 ab
588 658 671 683 uno
704 645 951 696 imperatore
984 642 1131 683 confici
1162 646 1319 696 posse?
1370 642 1436 682 532.
1469 644 1602 692 Quam
1625 644 1879 697 provinciam

138 709 326 747 tenuistis
368 720 390 746 a
428 706 707 760 praedonibus
749 706 918 744 liberam
951 720 1024 759 per
1052 706 1179 745 hosce
1210 708 1377 745 annos?
1417 706 1529 759 quod
1562 706 1735 759 vectigal
1766 707 1881 747 vobis

138 775 266 809 tutum
313 769 424 808 suit?
469 782 590 821 quem
633 768 789 807 socium
831 768 1110 807 defendistis?
1157 766 1222 806 cui
1264 768 1471 819 praesidio
1504 768 1705 807 classibus
1735 770 1882 808 vestris

134 831 303 870 fuistis?
335 843 457 883 quam
490 830 637 869 multas
668 830 916 869 existimatis
947 830 1104 869 insulas
1136 843 1226 869 esse
1249 830 1466 870 desertas?
1498 844 1620 882 quam
1642 830 1792 870 multas
1813 837 1883 870 aut

136 898 246 931 metu
278 892 437 931 relictas
468 896 541 930 aut
571 904 593 930 a
623 891 907 944 praedonibus
939 897 1078 944 captas
1110 892 1233 931 urbes
1266 905 1354 931 esse
1387 893 1628 932 sociorum?
1678 894 1769 933 xli.
1802 895 1882 934 Sed
1900 902 1933 930 to

136 953 236 1006 quid
276 966 352 1005 ego
394 953 623 1006 longinqua
664 957 976 993 commemoro?
1032 955 1127 993 Fuit
1162 954 1241 993 hoc
1283 955 1515 1007 quondam,
1553 953 1631 994 fuit
1670 956 1883 1008 proprium

135 1015 279 1067 populi
310 1015 498 1062 Romani,
530 1015 652 1067 longe
684 1028 707 1054 a
739 1016 863 1055 domo
895 1016 1051 1055 bellare
1079 1021 1119 1055 et
1148 1015 1469 1069 propugnaculis
1491 1016 1654 1069 imperii
1678 1018 1884 1058 sociorum

132 1075 337 1122 fortunas,
370 1090 453 1116 non
485 1090 559 1116 sua
591 1083 699 1117 tecta
730 1077 966 1117 defendere.
1028 1078 1161 1117 Sociis
1192 1090 1269 1129 ego
1302 1078 1452 1117 nostris
1482 1091 1594 1118 mare
1622 1093 1696 1132 per
1715 1079 1792 1120 hos
1814 1093 1886 1119 an-

132 1151 208 1177 nos
247 1137 433 1177 clausum
472 1138 601 1179 fuisse
633 1139 790 1185 dicam,
830 1153 921 1178 cum
955 1139 1161 1179 exercitus
1192 1140 1318 1179 vestri
1349 1153 1579 1194 numquam
1609 1154 1633 1181 a
1662 1142 1885 1182 Brundisio

132 1199 212 1238 nisi
242 1199 378 1239 hieme
411 1214 572 1240 summa
604 1201 940 1240 transmiserint?
982 1201 1063 1249 Qui
1096 1202 1147 1240 ad
1177 1214 1250 1241 vos
1281 1202 1332 1240 ab
1364 1204 1517 1243 exteris
1548 1204 1787 1244 nationibus
1817 1213 1937 1245 ve-45

133 1260 291 1307 nirent,
322 1266 465 1314 captos
497 1275 668 1315 querar,
701 1276 792 1301 cum
824 1262 947 1315 legati
980 1263 1125 1315 populi
1148 1263 1324 1302 Romani
1354 1265 1558 1318 redempti
1589 1265 1699 1305 sint?
1730 1268 1887 1307 Merca-

132 1323 292 1362 toribus
332 1328 466 1364 tutum
503 1338 615 1364 mare
647 1338 731 1364 non
763 1324 892 1364 fuisse
924 1324 1082 1372 dicam,
1123 1338 1216 1364 eum
1248 1325 1469 1366 duodecim
1501 1340 1666 1367 secures
1697 1329 1739 1367 in
1770 1342 1888 1381 prae-

133 1385 288 1424 donum
327 1390 576 1437 potestatem
616 1386 914 1439 pervenerint?
973 1384 1040 1426 33.
1074 1386 1250 1426 Cnidum
1291 1392 1363 1427 aut
1395 1387 1682 1441 Colophonem
1714 1395 1786 1430 aut
1816 1392 1888 1431 Sa-

132 1459 266 1493 mum,
296 1447 577 1488 nobilissimas
607 1449 752 1495 urbes,
782 1448 1192 1501 innumerabilesque
1224 1448 1326 1488 alias
1360 1453 1500 1502 captas
1523 1463 1614 1491 esse
1638 1465 1888 1493 commemo-

131 1522 240 1556 rem,
277 1522 367 1550 cum
406 1516 567 1550 vestros
611 1516 757 1563 portus
799 1516 924 1564 atque
956 1524 1028 1551 eos
1058 1515 1225 1563 portus,
1266 1510 1420 1564 quibus
1452 1512 1577 1552 vitam
1617 1527 1664 1554 ac
1695 1514 1887 1567 spiritum
1902 1524 1938 1554 ⁶20

132 1571 309 1618 ducitis,
349 1572 392 1611 in
432 1572 690 1625 praedonum
719 1573 846 1613 fuisse
876 1577 1082 1625 potestate
1114 1573 1287 1613 sciatis?
1333 1574 1397 1613 An
1432 1588 1531 1614 vero
1562 1575 1761 1628 ignoratis
1791 1590 1889 1630 por-

132 1638 219 1673 tum
252 1633 418 1673 Caietae
449 1634 765 1674 celeberrimum
796 1648 842 1674 ac
882 1635 1173 1687 plenissimum
1204 1636 1372 1675 navium
1403 1636 1663 1690 inspectante
1694 1645 1888 1692 praetore

133 1708 156 1734 a
185 1695 464 1747 praedonibus
497 1709 586 1736 esse
617 1696 858 1750 direptum?
899 1698 964 1736 Ex
984 1697 1143 1736 Miseno
1174 1703 1312 1738 autem
1334 1699 1422 1738 eius
1454 1699 1586 1752 ipsius
1609 1700 1785 1749 liberos,
1818 1701 1890 1755 qui

135 1770 227 1796 cum
257 1756 539 1809 praedonibus
571 1763 692 1798 antea
713 1759 771 1798 ibi
792 1759 948 1798 bellum
970 1763 1176 1811 gesserat,
1207 1772 1231 1799 a
1252 1761 1536 1812 praedonibus
1558 1775 1649 1802 esse
1671 1763 1857 1803 sublatos
1872 1766 1890 1803 ‘l

134 1818 235 1856 Nam
279 1818 380 1871 quid
413 1832 488 1870 ego
521 1818 714 1859 Ostiense
745 1820 1056 1860 incommodum
1087 1826 1214 1875 atque
1250 1822 1362 1862 illam
1393 1823 1528 1863 labem
1558 1829 1683 1877 atque
1713 1825 1942 1878 ignomi-25

136 1879 246 1918 niam
285 1880 344 1918 rei
385 1880 576 1933 publicae
618 1895 789 1934 querar,
831 1896 923 1921 cuni
963 1895 1092 1935 prope
1133 1883 1465 1936 inspectantibus
1494 1885 1612 1926 vobis
1652 1886 1797 1927 classis
1828 1901 1890 1936 ea,

137 1940 203 1979 cui
235 1941 382 1980 consul
412 1942 556 1994 populi
586 1943 762 1983 Romani
794 1944 1056 1996 praepositus
1088 1950 1218 1993 esset,
1249 1959 1273 1985 a
1302 1947 1584 1998 praedonibus
1615 1954 1734 2002 capta
1764 1955 1890 2003 atque

138 2015 338 2055 oppressa
376 2006 471 2043 est?
516 2005 593 2044 Pro
625 2004 665 2043 di
697 2005 977 2046 immortales!
1018 2011 1228 2048 tantamne
1266 2009 1390 2049 unius
1420 2009 1602 2050 hominis
1632 2011 1889 2053 incredibilis

136 2076 183 2103 ac
215 2064 355 2104 divina
386 2065 514 2106 virtus
545 2071 627 2106 tam
657 2067 772 2107 brevi
804 2074 988 2121 tempore
1019 2069 1154 2108 lucem
1185 2070 1332 2110 afferre
1353 2071 1412 2111 rei
1441 2071 1634 2124 publicae
1655 2073 1813 2125 potuit,
1843 2079 1890 2114 ut

135 2139 231 2173 vos,
264 2125 335 2178 qui
367 2126 492 2166 modo
513 2132 607 2167 ante
628 2129 780 2168 ostium
802 2130 1043 2170 Tiberinum
1064 2131 1237 2171 classem
1266 2131 1449 2172 hostium
1468 2132 1695 2182 videbatis,
1725 2135 1755 2174 ii
1776 2149 1887 2176 nunc
1900 2146 1937 2177 30

134 2187 291 2226 nullam
322 2187 427 2228 intra
459 2188 614 2229 Oceani
645 2192 795 2230 ostium
826 2192 1085 2244 praedonum
1114 2206 1261 2233 navem
1284 2206 1372 2233 esse
1395 2193 1605 2234 audiatis?
1651 2193 1718 2235 34.
1748 2197 1887 2251 Atque

133 2248 236 2288 haec
279 2262 362 2302 qua
401 2250 609 2291 celeritate
640 2258 756 2305 gesta
791 2254 891 2301 sint,
930 2267 1183 2307 quamquam
1222 2255 1393 2303 videtis,
1433 2261 1572 2296 tamen
1602 2271 1626 2297 a
1655 2272 1721 2298 me
1751 2259 1795 2298 in
1826 2260 1889 2300 di-

136 2311 270 2351 cendo
302 2312 604 2364 praetereunda
633 2327 718 2354 non
749 2321 858 2355 sunt.
919 2315 1023 2364 Quis
1054 2316 1163 2355 enim
1194 2331 1393 2371 umquam
1422 2324 1494 2358 aut
1523 2319 1706 2361 obeundi
1727 2322 1886 2375 negotii

135 2378 206 2414 aut
235 2374 520 2428 consequendi
552 2381 752 2429 quaestus
783 2377 922 2418 studio
953 2383 1036 2418 tam
1064 2378 1181 2418 brevi
1211 2384 1397 2433 tempore
1427 2385 1490 2421 tot
1517 2381 1611 2422 loca
1631 2382 1767 2431 adire,
1797 2388 1888 2424 tan-

221 2533 252 2566 3.
278 2534 450 2574 navi-qamt
473 2535 609 2567 EVFB
626 2536 649 2567 L
664 2534 703 2570 8:
736 2537 953 2577 navigaretur
974 2538 1001 2569 A
1015 2537 1051 2569 Ο.
1080 2556 1115 2560 -
1149 2538 1180 2570 6.
1205 2539 1416 2580 imperatore]
1440 2540 1517 2580 imp.
1541 2549 1680 2574 romano
1703 2541 1820 2582 (ΒΕΑ.
1848 2561 1882 2568 -·

135 2583 166 2614 7.
192 2583 328 2614 liberam
351 2592 419 2615 om.
440 2583 477 2615 C.
505 2601 540 2605 —
562 2593 624 2624 per
646 2585 702 2616 hos
724 2595 828 2617 annos
851 2586 885 2618 F.
906 2603 941 2608 —
969 2587 1020 2618 ΛΞ.
1046 2587 1209 2619 sociorum
1223 2589 1385 2629 --fuisse
1408 2598 1477 2622 om.
1497 2591 1535 2622 B.
1555 2608 1590 2613 —
1618 2592 1670 2624 ⁴3.
1695 2603 1753 2635 eqo
1768 2597 1888 2628 nostris

136 2632 220 2663 EV:
249 2633 362 2664 vestris
384 2641 441 2673 eqo
465 2633 524 2665 FB
538 2637 565 2665 Α
579 2635 602 2666 L
617 2632 689 2668 ΒΟ.
718 2653 752 2658 ——
784 2645 877 2668 mare
901 2645 964 2675 per
990 2637 1047 2667 hos
1069 2646 1173 2669 annos
1194 2638 1342 2671 clausum
1364 2640 1462 2680 fuisse
1484 2641 1591 2672 dicam
1614 2642 1638 2674 E
1653 2642 1698 2675 V:
1730 2653 1823 2678 mare
1844 2646 1884 2678 cl.

133 2690 194 2720 per
214 2681 343 2713 hosdem
365 2691 468 2713 annos
489 2683 513 2723 s.
539 2684 646 2716 dicam
662 2685 704 2722 F;
729 2694 824 2717 mare
844 2686 884 2717 cl.
909 2695 970 2725 per
983 2686 1076 2717 hosce
1091 2696 1194 2718 annos
1211 2689 1318 2720 dicam
1335 2689 1433 2729 fuisse
1449 2691 1475 2722 R
1487 2691 1514 2722 A
1529 2691 1551 2722 L
1565 2689 1588 2725 8
1601 2692 1637 2723 Ο.
1658 2709 1692 2714 —-
1720 2693 1771 2726 44.
1789 2695 1887 2727 vestri

136 2730 220 2761 EV:
256 2731 359 2762 nostri
381 2731 568 2766 RALsso.
597 2752 632 2757 —-
667 2744 849 2775 numquam
878 2744 899 2765 a
922 2735 980 2768 Br.
1005 2735 1089 2767 EV:
1124 2745 1145 2767 a
1173 2737 1232 2769 Br.
1261 2747 1442 2778 numquam
1463 2740 1585 2776 ALO;
1622 2742 1679 2773 ΒΓ.
1705 2752 1887 2784 numquam

137 2780 217 2819 (om.
237 2779 267 2818 a)
292 2778 327 2813 8.
356 2797 390 2802 —
423 2781 600 2814 brundusio
624 2783 703 2816 VA.
731 2802 766 2807 —
804 2786 855 2816 45.
881 2786 982 2818 hieme
1003 2795 1132 2817 summa
1154 2787 1241 2818 EV:
1278 2797 1406 2821 summa
1428 2791 1530 2822 hieme
1551 2791 1690 2825 RALQ
1705 2793 1741 2824 O.
1770 2811 1804 2815 —
1831 2793 1888 2832 qui

136 2828 180 2859 ad
200 2837 256 2859 vos
279 2828 320 2859 ab
343 2829 425 2861 WC
440 2830 561 2863 EVO:
599 2833 654 2872 qui
676 2834 720 2865 ad
741 2843 800 2865 nos
821 2843 895 2866 cum
918 2835 959 2866 ab
982 2835 1025 2872 Βς
1055 2835 1133 2874 quid
1155 2837 1199 2867 ad
1220 2846 1280 2869 nos
1301 2848 1374 2870 cum
1397 2839 1437 2870 ab
1460 2840 1559 2871 FAL
1574 2839 1608 2874 8.
1636 2859 1671 2864 -
1698 2842 1749 2873 46.
1775 2842 1890 2883 legatis

136 2878 214 2909 EV.
242 2894 277 2900 —
306 2879 356 2910 ¹¹7.
382 2888 448 2911 non
471 2889 540 2912 om.
568 2882 639 2914 FA.
668 2901 704 2906 —
731 2884 782 2915 48.
809 2884 947 2916 Cnidum
971 2888 1029 2916 aut
1051 2886 1095 2917 W
1108 2886 1249 2926 ChEV,
1274 2896 1344 2928 mg.
1362 2887 1403 2928 8,
1431 2889 1474 2920 O:
1501 2890 1579 2929 quid
1601 2893 1659 2921 aut
1681 2890 1831 2925 RALQ.
1848 2910 1883 2914 —

139 2927 192 2959 49.
216 2927 543 2971 innumerabilesque]
567 2931 844 2972 nobilissimosque
868 2934 891 2964 E
907 2934 945 2965 V.
973 2951 1008 2955 —
1034 2934 1087 2965 ⁶20.
1113 2943 1187 2965 cum
1208 2939 1331 2967 vestros
1345 2954 1393 2960 --
1409 2938 1519 2969 sciatis
1541 2940 1578 2970 Α.
1598 2938 1722 2971 Gellius
1739 2942 1764 2972 Ι.
1783 2941 1814 2978 7,
1833 2941 1885 2974 46.

142 2994 176 2998 —
203 2985 243 3008 ac
265 2977 290 3009 E
309 2978 403 3017 (Fu),
441 2978 586 3011 Gellius:
623 2984 651 3012 et
674 2982 811 3016 RALss
826 2983 862 3014 Ο.
891 3001 926 3005 -
958 2983 1010 3014 ⁵2¹.
1033 2986 1190 3022 potestate
1216 2984 1314 3024 fuisse
1335 2986 1383 3024 V;
1417 2987 1517 3025 fuisse
1532 2991 1724 3027 potestatem
1748 2989 1885 3030 Gellius,

139 3025 251 3057 ALO.
278 3026 327 3058 Cf.
354 3027 384 3067 ἓ.
411 3029 443 3060 5.
470 3046 505 3051 —
532 3029 694 3070 ignoratis
712 3041 790 3064 vero
815 3033 885 3063 FB.
914 3049 949 3053 —
975 3033 1029 3063 2⁴2.
1055 3033 1156 3064 caiele
1178 3034 1225 3071 V}
1261 3035 1380 3066 calitae
1402 3036 1439 3067 E.
1467 3053 1502 3058 —
1529 3046 1568 3068 ac
1591 3038 1633 3069 E:
1659 3041 1688 3069 et
1711 3037 1757 3075 V;
1791 3042 1888 3079 atque

140 3074 166 3105 R
181 3073 327 3108 ALssO.
353 3093 389 3099 —
415 3076 467 3109 ⁶24.
492 3083 660 3118 gesserant
681 3080 763 3117 EV;
787 3085 955 3122 qesserunt
976 3082 1013 3113 B.
1041 3099 1075 3104 —
1103 3091 1125 3114 a
1147 3090 1217 3114 om.
1236 3084 1273 3115 B.
1302 3101 1336 3106 ——
1362 3084 1415 3116 ⁶25.
1440 3085 1596 3118 hostiense
1616 3087 1642 3118 E
1660 3086 1736 3127 (Fr.)
1753 3087 1831 3119 VA.
1849 3106 1884 3111 —

140 3122 194 3154 ⁶28.
220 3125 381 3167 oppressa]
413 3126 609 3166 deprehensa
632 3128 675 3166 C,
709 3129 802 3162 unde
832 3131 968 3163 Modius
998 3132 1032 3162 et
1057 3131 1257 3165 Gulielmius
1287 3134 1449 3174 depressa.
1477 3153 1513 3158 —
1539 3140 1673 3168 tantane
1695 3134 1724 3168 ⁵21
1746 3139 1889 3178 praeter

143 3171 298 3204 Lambini
321 3174 480 3208 codicem
502 3177 781 3217 antiquissimum
806 3180 908 3220 (W‘t).
948 3198 983 3203 -—
1018 3180 1156 3212 hominis
1181 3182 1279 3214 unius
1305 3182 1346 3223 ΣΒ.
1381 3202 1417 3207 —-
1452 3185 1505 3216 29.
1529 3187 1612 3226 reip.
1638 3188 1759 3227 afferre
1780 3185 1821 3227 ‘B-
1849 3206 1886 3211 —

144 3220 197 3252 30.
221 3221 368 3265 hostium]
387 3226 595 3265 praedonum
617 3227 653 3258 L.
682 3245 717 3250 ——-
746 3229 772 3260 ii
795 3237 863 3261 om.
890 3228 1049 3269 EV‘BA.
1083 3230 1133 3262 Cf.
1159 3230 1191 3271 §-
1216 3231 1268 3262 55.
1301 3250 1336 3255 —
1372 3232 1425 3264 34.
1449 3233 1540 3265 intra
1564 3234 1727 3267 Oceanum
1749 3235 1888 3268 hostium

144 3279 260 3351 '9:ssva
273 3273 318 3354 tL.
343 3273 447 3357 (intrlq
470 3276 590 3309 Oceani
612 3277 730 3310 ostium
752 3287 821 3312 om.
847 3278 902 3320 Ψ.)
936 3297 971 3303 -
1008 3280 1135 3322 ostium]
1159 3280 1298 3314 hostium
1319 3282 1354 3314 F.
1382 3300 1418 3305 -
1443 3284 1598 3327 audiatis]
1620 3285 1760 3317 uideatis
1780 3285 1821 3318 V.
1848 3303 1884 3309 —

166 3328 197 3351 '.
221 3329 270 3352 sm
305 3327 397 3363 qesta
445 3349 454 3357 .
