2143 3713
589 197 683 237 cn».
713 194 1097 235 xxxt-xxxn.
1134 192 1208 248 ὃς.
1237 192 1430 235 83—89.
1799 191 1879 234 567

139 310 323 350 ordinem
365 310 576 362 accepisse
615 306 829 347 consessus
875 311 1005 353 esset,
1049 306 1205 346 salvum
1244 319 1335 345 esse
1372 319 1455 345 non
1486 320 1630 359 posse,
1675 308 1811 347 minus
1842 308 1880 347 ei

137 371 260 411 fidele
293 371 510 411 consilium
541 369 716 410 dedisse.
759 369 804 406 ln
836 368 914 407 hoc
945 368 978 407 si
1011 368 1221 421 improbus
1245 367 1447 419 Cethegus
1467 368 1566 416 fuit,
1598 370 1760 410 videtur
1781 370 1880 410 mihi

138 434 418 473 adversarium
456 444 664 472 removere
703 429 906 469 voluisse:
948 431 1011 469 sin
1052 435 1137 470 erat
1167 431 1256 469 eius
1287 429 1398 468 modi
1430 443 1575 478 causa,
1611 438 1656 470 ut
1687 432 1880 471 Staienus

138 510 326 536 nummos
357 509 399 534 se
430 495 638 546 accepisse
669 504 818 544 negare
851 506 932 531 non
966 496 1108 544 posset
1136 513 1190 520 —
1211 490 1314 530 nihil
1336 497 1474 530 autem
1497 498 1584 532 erat
1605 492 1880 544 periculosius

138 573 213 598 nec
245 559 402 611 turpius
432 569 552 609 quam
577 554 627 594 ad
655 566 779 606 quam
806 567 889 593 rem
913 554 1138 606 accepisset
1159 553 1346 592 confiteri
1368 574 1443 600 —,
1474 566 1558 593 non
1581 560 1643 594 est
1664 554 1912 598 consilium5

139 621 306 673 Cethegi
336 615 734 671 reprehendendum.
784 614 850 654 86.
874 617 1027 655 Verum
1059 615 1142 655 alia
1174 628 1299 654 causa
1329 620 1414 654 tum
1448 616 1604 655 Staieni
1639 612 1769 668 [fuit]‚
1801 615 1882 654 alia

138 696 264 730 nunc,
293 682 398 728 Atti,
441 685 508 718 tua
539 683 613 717 cst.
662 677 754 724 llle,
787 691 880 716 cum
912 691 954 717 re
977 682 1253 730 premeretur,
1286 677 1578 730 quodcumque
1601 677 1777 722 diceret,
1806 674 1882 714 ho-

137 744 295 783 nestius
325 743 500 787 diceret,
533 753 656 792 quam
688 740 722 779 si
754 740 866 792 quod
903 746 989 779 erat
1019 739 1168 779 factum
1198 738 1418 778 fateretur:
1450 745 1489 779 te
1511 753 1609 779 vero
1631 737 1735 778 illud
1757 737 1882 784 idem,

137 805 247 859 quod
279 810 364 843 tum
394 802 612 854 explosum
645 807 684 841 et
716 802 888 840 eiectum
922 807 1006 848 est,
1038 814 1147 840 nunc
1179 801 1387 840 rettulisse
1418 801 1612 841 demiror.
1661 800 1740 849 Qui
1772 800 1882 840 enim

136 872 296 920 poterat
325 871 408 904 tum
438 864 478 902 in
510 863 684 915 gratiam
707 863 842 903 redire
865 878 958 903 cum
980 863 1210 917 Oppianico
1236 863 1479 902 Cluentius?
1510 864 1582 916 qui
1604 877 1697 904 cum
1725 865 1932 910 mat1·e‘?10

136 927 340 968 Haerebat
368 926 410 965 in
442 925 591 965 tabulis
612 925 790 978 publicis
813 939 905 965 reus
928 931 967 965 et
989 930 1223 965 accusator:
1256 925 1520 965 condemnati
1547 931 1664 966 erant
1684 924 1883 965 Fabricii:

136 1003 210 1029 nec
251 988 356 1028 elabi
396 988 478 1027 alio
519 993 757 1027 accusatore
797 993 959 1040 poterat
988 988 1134 1027 Albius
1165 1002 1241 1027 nec
1273 987 1360 1027 sine
1391 987 1622 1040 ignominia
1652 986 1883 1027 calumniae

134 1050 366 1102 relinquere
408 1050 713 1090 accusationem
747 1049 973 1089 Cluentius.
1034 1050 1205 1089 XXXII.
1237 1048 1303 1089 87.
1333 1051 1398 1089 An
1429 1050 1464 1089 is
1503 1051 1882 1104 praevaricaretur?

132 1126 225 1153 nam
256 1112 297 1151 id
320 1125 490 1165 quoque
521 1111 571 1151 ad
595 1112 943 1164 corrumpendum
974 1112 1172 1152 iudicium
1203 1112 1395 1165 pertinet.
1442 1113 1524 1152 Sed
1548 1112 1649 1166 quid
1671 1125 1776 1164 opus
1799 1116 1885 1151 erat

132 1174 184 1214 ad
217 1186 306 1213 eam
336 1187 422 1213 rem
454 1174 592 1214 iudice
624 1176 872 1227 sequestre?
904 1180 945 1214 et
975 1174 1145 1214 omnino
1180 1188 1303 1228 quam
1336 1175 1388 1214 ob
1409 1188 1495 1214 rem
1516 1181 1604 1215 tota
1624 1176 1702 1214 ista
1722 1187 1787 1214 res
1809 1187 1933 1227 per45

132 1237 346 1277 Staienum
368 1237 527 1289 potius,
558 1236 769 1276 hominem
791 1237 841 1275 ab
863 1243 1041 1290 utroque
1063 1237 1387 1284 alienissimum,
1419 1237 1768 1283 sordidissimum,
1800 1241 1885 1275 tur-

130 1299 368 1352 pissimum,
412 1312 534 1352 quam
575 1312 649 1352 per
678 1299 833 1338 bonum
864 1299 1047 1352 aliquem
1078 1299 1211 1338 virum
1241 1305 1432 1351 ageretur
1463 1304 1504 1338 et
1532 1299 1709 1339 amicum
1739 1311 1884 1338 neces-

130 1362 365 1413 sariumque
397 1363 693 1400 communem?
726 1360 806 1400 Sed
837 1360 938 1414 quid
969 1374 1045 1413 ego
1076 1360 1178 1400 haec
1207 1361 1397 1414 pluribus
1420 1362 1539 1414 quasi
1571 1362 1621 1401 de
1642 1375 1686 1401 re
1707 1362 1885 1401 obscura

77 1453 88 1460 .
130 1424 319 1476 disputo,
362 1436 455 1462 cum
496 1423 585 1475 ipsa
621 1423 820 1476 pecunia,
861 1436 967 1476 quae
1000 1423 1169 1463 Staieno
1201 1424 1294 1464 data
1323 1429 1408 1471 est,
1438 1437 1613 1464 numero
1644 1436 1692 1463 ac
1723 1436 1884 1463 summa

130 1500 202 1526 sua
235 1498 318 1524 non
349 1486 472 1525 modo
507 1492 662 1539 quanta
691 1485 839 1533 fuerit,
871 1484 944 1524 sed
976 1485 1101 1525 etiam
1132 1485 1183 1524 ad
1216 1499 1340 1539 quam
1371 1500 1457 1526 rem
1485 1485 1629 1533 fuerit,
1661 1486 1932 1533 ostendat?20

131 1547 320 1588 Sedecim
352 1546 445 1586 dico
472 1548 657 1594 iudices,
686 1553 732 1587 ut
765 1547 1020 1600 Oppianicus
1054 1548 1354 1596 absolveretur,
1386 1548 1713 1602 corrumpendos
1742 1548 1882 1597 fuisse,

130 1611 181 1650 ad
212 1609 426 1649 Staienum
458 1616 654 1649 sexcenta
684 1609 957 1663 quadraginta
986 1610 1102 1649 milia
1132 1624 1345 1650 nummum
1376 1624 1468 1651 esse
1489 1610 1638 1651 delata.
1678 1612 1742 1659 Si,
1773 1616 1817 1651 ut
1837 1617 1882 1651 tu

130 1673 255 1720 dicis,
293 1671 446 1724 gratiae
486 1672 769 1711 conciliandae
809 1685 954 1719 causa,
999 1673 1274 1726 quadraginta
1303 1673 1478 1713 istorum
1508 1674 1689 1714 accessio
1720 1674 1881 1714 milium

130 1735 229 1789 quid
260 1734 400 1774 valet?
441 1733 495 1780 si,
525 1738 571 1772 ut
602 1746 678 1773 nos
710 1734 906 1781 dicimus,
946 1739 992 1773 ut
1022 1734 1288 1787 quadragena
1318 1736 1432 1776 milia
1461 1735 1643 1776 sedecim
1671 1735 1880 1776 iudicibus

130 1797 345 1844 darentur,
377 1809 460 1835 non
490 1795 759 1835 Archimedes
790 1796 938 1835 melius
968 1798 1103 1850 potuit
1135 1797 1382 1838 describere.
1893 1815 1930 1846 25

239 1858 305 1899 88.
336 1860 388 1898 At
428 1859 537 1898 enim
568 1858 721 1898 iudicia
754 1858 861 1899 sacta
891 1860 1096 1912 permulta
1126 1866 1241 1908 sunt,
1280 1874 1304 1901 a
1337 1862 1525 1901 Cluentio
1556 1861 1758 1902 iudicium
1789 1877 1879 1904 esse

128 1927 382 1974 corruptum.
442 1921 571 1960 Immo
601 1934 699 1961 vero
741 1926 834 1961 ante
872 1921 951 1961 hoc
981 1927 1142 1975 tempus
1174 1924 1343 1963 omnino
1374 1924 1454 1963 ista
1482 1924 1573 1977 ipsa
1601 1937 1668 1964 res
1699 1938 1775 1964 suo
1805 1939 1880 1966 no-

128 1985 238 2024 mine
261 1984 303 2022 in
324 1983 524 2022 iudicium
545 1996 771 2036 numquam
793 1988 855 2023 est
875 1990 1034 2024 vocata:
1075 1985 1132 2024 ita
1152 1985 1327 2025 multum
1349 1986 1525 2039 agitata,
1556 1988 1613 2027 ita
1637 1986 1711 2026 diu
1730 1987 1879 2028 iactata

128 2045 221 2100 [ista
250 2042 331 2098 res]
365 2051 448 2092 est,
492 2051 537 2084 ut
565 2045 768 2084 hodierno
801 2046 866 2085 die
897 2047 1074 2098 primum
1106 2060 1230 2086 causa
1260 2048 1330 2087 illa
1361 2048 1532 2088 defensa
1561 2049 1634 2096 sit,
1674 2049 1878 2090 hodierno

126 2110 192 2150 die
233 2109 410 2162 primum
451 2108 600 2147 veritas
642 2121 784 2148 vocem
826 2114 970 2149 contra
1006 2109 1204 2149 invidiam
1240 2110 1304 2150 his
1336 2110 1540 2150 iudicibus
1569 2110 1676 2151 freta
1705 2112 1876 2152 miserit.
1889 2126 1927 2155 30

119 2173 278 2212 -Verum
318 2176 455 2211 tamen
494 2171 574 2210 ista
613 2171 743 2211 muita
781 2172 934 2224 iudicia
975 2185 1082 2225 quae
1123 2175 1248 2212 sunt?
1293 2173 1380 2226 Ego
1422 2173 1532 2213 enim
1561 2187 1626 2213 me
1657 2173 1709 2213 ad
1740 2175 1879 2214 omnia

126 2234 368 2274 confirmavi
400 2238 440 2272 et
470 2233 528 2272 sic
558 2233 722 2285 paravi,
764 2239 809 2273 ut
840 2235 1050 2282 docerem,
1092 2248 1198 2288 quae
1228 2234 1336 2275 facta
1364 2240 1508 2288 postea
1537 2236 1691 2276 iudicia
1721 2236 1772 2276 de
1803 2237 1876 2276 illo

125 2295 280 2335 iudicio
312 2295 570 2343 dicerentur,
612 2295 762 2348 partim
792 2297 937 2336 ruinae
969 2297 1170 2337 similiora
1200 2303 1269 2337 aut
1299 2298 1534 2351 tempestati
1569 2311 1692 2352 quam
1722 2298 1876 2340 iudicio

125 2362 165 2397 et
195 2357 486 2410 disceptationi
516 2358 666 2405 fuisse,
698 2359 846 2411 partim
877 2359 982 2399 nihil
1009 2365 1151 2399 contra
1171 2360 1367 2400 Habitum
1388 2360 1551 2408 valere,
1580 2361 1729 2414 partim
1751 2361 1876 2402 etiam

121 2433 198 2473 pro
228 2419 307 2460 hoc
339 2433 451 2467 esse,
482 2421 631 2473 partim
660 2433 750 2460 esse
773 2421 861 2461 eius
883 2422 1018 2469 modi,
1049 2427 1095 2461 ut
1115 2435 1253 2475 neque
1277 2422 1485 2476 appellata
1504 2436 1703 2476 umquam
1724 2423 1876 2464 iudicia
1889 2438 1925 2467 35

123 2483 206 2523 sint
249 2496 389 2537 neque
436 2483 678 2522 existimata.
737 2481 802 2522 89.
840 2483 918 2522 Hic
959 2496 1035 2536 ego
1075 2485 1205 2536 magis
1244 2490 1289 2523 ut
1327 2486 1670 2525 consuetudinem
1701 2498 1874 2533 servem,

209 2611 240 2641 ἱ).
265 2611 337 2651 fuit]
360 2611 471 2650 suisset
493 2612 563 2642 ST.
592 2629 627 2632 —
654 2611 684 2642 3.
710 2612 757 2642 sin
782 2612 865 2651 erae]
890 2612 997 2644 inerat
1019 2613 1137 2643 FMA.
1159 2630 1194 2635 —
1221 2612 1252 2644 6.
1276 2613 1339 2652 fuit
1363 2621 1432 2644 om.
1459 2614 1530 2644 ST.
1553 2631 1588 2636 —-
1615 2614 1645 2644 7.
1670 2623 1872 2653 repremere—

120 2663 174 2690 tur
197 2661 278 2699 (uno
302 2660 421 2701 verbo)
446 2662 496 2699 M;
528 2662 816 2701 reprehenderetur
840 2663 912 2693 ΡΑ.
941 2680 975 2684 —-
1007 2662 1038 2693 8.
1069 2663 1192 2702 fatetur
1214 2663 1246 2693 S.
1276 2680 1310 2685 —
1343 2663 1374 2694 9.
1400 2663 1547 2695 detulisse
1576 2664 1652 2701 ST;
1688 2664 1737 2695 rei
1764 2665 1873 2697 tulisse

121 2710 168 2741 M:
201 2718 236 2740 re
264 2709 408 2741 intulisse
438 2711 471 2742 F.
515 2711 564 2742 Cf.
591 2711 798 2751 Madvigium
830 2712 945 2752 Opusc.
971 2713 994 2743 I.
1022 2721 1054 2753 p.
1081 2713 1155 2744 360.
1191 2729 1226 2735 —
1266 2713 1338 2754 Qui]
1367 2714 1445 2752 quid
1468 2714 1541 2745 ST.
1574 2713 1623 2745 Cf.
1650 2713 1871 2754 Wesenberg

120 2759 302 2790 Emendatt.
331 2760 421 2791 Tusc.
446 2761 538 2800 Disp.
565 2762 600 2792 P.
621 2762 659 2792 lt.
685 2770 718 2801 p.
739 2762 768 2792 Ξ,
795 2770 828 2792 n.
848 2763 878 2793 2.
901 2780 933 2785 —
963 2762 1013 2793 40.
1039 2765 1156 2802 qratia
1178 2763 1200 2793 F
1214 2763 1256 2793 M.
1280 2779 1314 2784 —
1340 2766 1447 2794 matre
1468 2764 1517 2801 M,
1543 2761 1619 2794 alii:
1644 2766 1750 2793 matre
1772 2763 1872 2794 habe—

120 2809 174 2840 bat
201 2809 380 2841 simultates
408 2808 660 2842 STFALQO.
705 2810 753 2842 Cf.
785 2810 993 2850 Madxigium
1022 2812 1166 2850 Append.
1200 2812 1243 2842 ad
1274 2812 1355 2851 disp.
1388 2813 1425 2843 de
1454 2812 1591 2843 Asconio
1620 2820 1653 2852 p.
1680 2811 1720 2843 45
1749 2820 1801 2852 sq.
1830 2829 1866 2835 —

121 2859 172 2890 4⁶2.
197 2858 314 2890 Abbius
336 2860 414 2890 SM.
445 2859 494 2891 Cf.
521 2859 552 2899 ἓ.
578 2861 630 2892 8⁴2.
658 2878 692 2882 —
718 2860 905 2892 kalumniae
929 2870 971 2892 cx
994 2870 1026 2891 v.
1054 2870 1082 2892 c.
1110 2859 1142 2893 Q.
1170 2880 1205 2884 —
1233 2862 1284 2893 43.
1311 2862 1484 2903 Cluentius]
1511 2863 1556 2895 Cl.
1578 2865 1708 2902 poterat
1732 2862 1801 2893 ST.
1830 2880 1866 2885 —

120 2909 147 2939 is
170 2917 250 2940 nos:
275 2909 315 2940 iis
338 2909 414 2946 ST;
450 2911 486 2939 ut
509 2908 694 2941 RALssO.
724 2928 759 2932 ——
796 2909 847 2942 14.
875 2919 951 2941 nam
983 2911 1237 2950 Pantagathus:
1273 2913 1341 2943 iam
1365 2914 1484 2944 ceteri.
1513 2931 1548 2936 —
1575 2913 1662 2953 quid]
1687 2913 1772 2952 quod
1795 2913 1865 2944 ST.

124 2976 158 2980 —
185 2959 236 2989 49.
262 2959 388 2998 disputo
411 2958 505 2989 STL
521 2956 557 2990 Q:
590 2960 745 2998 disputem
771 2961 832 2991 ΗΑ
848 2960 884 2990 O.
913 2977 946 2981 —
974 2959 1026 2990 ⁹20.
1052 2960 1150 2990 eliam
1174 2969 1242 2991 om.
1268 2962 1310 2992 M.
1340 2978 1375 2983 —
1399 2962 1499 3002 fuerit
1522 2962 1643 2994 STM:
1669 2962 1748 2993 dala
1769 2961 1869 3001 fuerit

123 3005 303 3039 FALQO.
337 3006 386 3039 Cf.
413 3007 619 3048 Madvigium
643 3008 664 3039 l.
690 3008 710 3040 l.
736 3017 770 3050 p.
796 3009 848 3040 46.
877 3027 911 3031 —-
939 3009 990 3039 ⁴2¹.
1014 3009 1148 3040 sedecim
1171 3010 1208 3040 S:
1235 3010 1395 3041 sea-deciri»
1416 3009 1570 3047 AL203
1595 3011 1680 3042 item
1703 3020 1735 3042 v,
1755 3010 1806 3042 24.
1828 3029 1864 3034 -—

121 3057 174 3087 Ἡ.
199 3057 422 3097 quadraginta
445 3057 518 3088 ST:
545 3060 575 3088 ec
598 3059 820 3099 quadraginta
845 3058 1032 3092 RALQO.
1058 3077 1092 3081 —
1120 3059 1171 3090 23.
1197 3059 1334 3090 millium
1357 3061 1496 3091 accessio
1520 3069 1588 3101 mg.
1614 3059 1649 3094 ἓ.
1677 3078 1711 3082 -
1738 3059 1790 3092 24.
1816 3061 1866 3092 sin

122 3105 196 3136 LO.
224 3123 259 3126 —
291 3106 518 3146 quadraqena]
541 3107 651 3138 DCXL
675 3107 746 3141 Lss.
775 3126 809 3130 -—
837 3109 926 3139 milia
950 3110 970 3139 S
985 3109 1025 3139 T:
1056 3108 1161 3139 millia
1183 3117 1352 3139 nummum
1368 3109 1557 3143 RALQO.
1578 3127 1613 3131 —-
1640 3109 1691 3140 σ29.
1718 3109 1781 3140 ista
1801 3110 1864 3151 res]

123 3154 231 3192 «Quid
253 3155 340 3187 haec
363 3155 530 3187 attinebat
553 3159 621 3188 tam
641 3158 796 3197 proxime
813 3158 963 3189 iterare?
987 3166 1156 3198 parumne
1173 3160 1340 3197 reguntur
1355 3159 1469 3190 omnia
1489 3158 1533 3190 ab
1557 3161 1636 3191 ante
1660 3159 1779 3199 positis
1801 3159 1865 3190 ista

105 3204 193 3242 ,ἱρεα
214 3204 292 3234 res‘?
318 3205 381 3236 Vix
403 3205 504 3245 igitur
526 3207 608 3246 puto
633 3215 651 3237 a
676 3206 780 3238 Tullio
806 3216 918 3239 esse.»
944 3208 1022 3238 GAn.
1050 3207 1080 3238 Ξ.
1115 3226 1149 3230 -
1187 3207 1239 3238 31.
1264 3209 1327 3239 ista
1348 3209 1452 3240 multa
1475 3210 1552 3240 ST:
1584 3209 1689 3240 multa
1710 3209 1773 3239 ista
1795 3209 1863 3241 FM

122 3251 270 3286 ALsso.
297 3270 331 3275 —
365 3254 417 3285 32.
445 3255 541 3286 «fort.
567 3255 786 3294 conformari»
812 3265 882 3296 mg.
901 3256 933 3290 (ξ.
957 3273 989 3279 -
1017 3255 1069 3287 33.
1095 3256 1163 3298 aut]
1184 3258 1309 3297 partim
1332 3260 1441 3290 autem
1463 3259 1533 3290 ST.
1562 3277 1597 3281 —
1623 3257 1675 3291 34.
1701 3258 1862 3298 discepta-

124 3301 204 3333 tioni
225 3302 336 3335 similis
356 3304 454 3345 fuisse
476 3306 496 3337 S
510 3305 549 3345 T,
575 3304 639 3337 sed
661 3306 774 3338 similis
795 3307 829 3337 in
851 3307 872 3337 S
895 3307 1110 3348 punctatum.
