2175 3718
281 216 362 259 242
768 220 822 261 IN
851 221 1069 261 VERREM
1099 221 1258 262 ACTIO
1292 223 1530 264 SECUNDA

279 330 467 384 nequitia
508 343 595 370 non
635 331 769 372 solum
807 333 934 373 libido
972 339 1011 372 et
1051 333 1262 386 voluptas,
1301 349 1443 375 verum
1484 335 1606 375 etiam
1646 336 1779 388 ipsius
1809 340 2020 392 nequitiae

276 393 385 435 fama
423 393 620 442 delectat,
659 400 706 435 ut
745 396 885 435 multis
926 396 967 435 in
1008 395 1108 435 locis
1140 402 1259 435 notas
1291 411 1336 436 ac
1368 398 1543 450 vestigia
1575 411 1743 437 suorum
1774 396 2021 452 flagitiorum

274 457 457 511 relinqui
486 457 629 497 velint.
690 454 705 496 sl
724 454 782 497 16.
821 458 1003 497 Ardebat
1033 471 1170 497 amore
1203 458 1315 498 illius
1345 460 1556 512 hospitae,
1598 467 1767 513 propter
1796 475 1921 514 quam
1949 462 2023 502 ho-

275 520 387 572 spitii
418 520 508 560 iura
537 520 723 560 violarat.
783 520 869 559 Hoc
902 533 984 560 non
1015 520 1147 559 solum
1183 521 1277 559 sciri
1310 526 1414 569 tum,
1446 536 1589 562 verum
1622 523 1746 562 etiam
1777 537 2024 565 commemo-

243 582 354 622 5rari
385 595 549 635 semper
577 583 757 622 volebat.
817 583 962 635 Itaque
994 596 1046 622 ex
1076 583 1145 622 illa
1183 583 1271 635 ipsa
1301 597 1368 630 re,
1415 598 1539 637 quam
1571 590 1790 625 accusante
1820 586 2026 639 Agathino

273 650 477 697 gesserat,
508 645 661 685 Veneri
692 644 955 697 potissimum
989 644 1131 685 deberi
1161 646 1390 698 praemium
1423 648 1585 695 statuit,
1618 661 1724 701 quae
1755 648 1869 688 illam
1899 654 2026 689 totam

271 708 581 748 accusationem
612 706 900 759 iudiciumque
933 708 1142 747 conssarat.
1192 708 1383 747 Putarem
1414 714 1453 748 te
1485 716 1645 762 gratum
1677 711 1719 749 in
1743 710 1862 758 deos,
1894 711 1926 750 si
1948 711 2027 750 hoc

272 769 427 810 donum
458 770 609 810 Veneri
640 782 725 808 non
758 769 808 808 de
842 768 1003 808 Sthenii
1034 770 1156 809 bonis
1188 770 1398 818 dedisses,
1430 773 1502 811 sed
1534 772 1584 812 de
1620 773 1724 819 tuis,
1758 772 1868 826 quod
1889 772 2026 813 facere

271 832 475 880 debuisti,
506 832 751 885 praesertim
783 844 875 869 cum
908 830 981 869 tibi
1013 831 1085 871 illo
1117 832 1207 885 ipso
1239 846 1349 872 anno
1382 846 1406 873 a
1437 834 1663 875 Chelidone
1695 835 1879 875 venisset
1907 834 2026 874 here-

221 908 256 937 ⁴0
271 895 390 936 ditas.
450 891 543 934 4017.
574 893 651 933 Hic
683 906 780 946 ego,
813 893 846 932 si
877 893 984 933 hanc
1017 907 1183 933 causam
1215 908 1298 934 non
1329 896 1515 936 omnium
1538 897 1772 936 Siculorum
1795 901 1943 950 rogatu
1963 910 2028 936 re-

270 959 494 1012 cepissem,
536 955 568 996 si
608 955 687 995 hoc
718 969 741 996 a
773 968 837 994 me
869 956 1052 995 muneris
1084 970 1167 995 non
1199 957 1394 997 universa
1423 959 1638 1011 provincia
1668 960 1949 1012 poposcisset,
1992 959 2026 998 si

269 1035 333 1062 me
374 1021 536 1061 animus
575 1024 701 1072 atque
741 1031 855 1058 amor
892 1019 934 1057 in
976 1032 1060 1057 rem
1100 1019 1309 1071 publicam
1341 1020 1678 1074 existimatioque
1709 1023 1866 1063 offensa
1896 1022 2026 1062 nostri

270 1084 426 1124 ordinis
470 1095 516 1122 ac
556 1081 809 1121 iudiciorum
848 1095 931 1121 non
970 1081 1049 1121 hoc
1091 1082 1227 1122 facere
1270 1083 1473 1135 coegisset
1503 1089 1628 1137 atque
1657 1084 1760 1124 haec
1790 1099 1874 1126 una
1905 1098 2028 1125 causa

266 1147 434 1194 fuisset,
479 1145 593 1199 quod
639 1144 817 1184 amicum
856 1149 981 1197 atque
1024 1145 1231 1198 hospitem
1263 1159 1398 1185 meum
1432 1146 1674 1194 Sthenium,
1720 1161 1844 1200 quem
1877 1160 1952 1200 ego
1984 1147 2028 1186 in

216 1219 254 1247 45
270 1214 494 1264 quaestura
537 1220 629 1247 mea
674 1206 939 1259 singulariter
983 1206 1245 1255 dilexissem,
1293 1208 1342 1247 de
1390 1222 1470 1261 quo
1513 1209 1665 1262 optime
1712 1209 2027 1256 existimassem,

269 1286 394 1327 quem
424 1272 467 1311 in
498 1270 715 1324 provincia
746 1269 1066 1327 existimationis
1099 1283 1214 1309 meae
1247 1271 1598 1311 studiosissimum
1621 1272 2028 1325 cupidissimumque

269 1348 534 1390 cognossem,
565 1338 650 1373 tam
681 1332 925 1380 crudeliter,
957 1332 1155 1372 scelerate
1186 1332 1429 1386 nefarieque
1462 1338 1703 1373 tractasses:
1734 1341 1873 1374 tamen
1904 1333 2031 1386 digna

269 1411 395 1439 causa
423 1396 655 1444 videretur,
687 1408 761 1435 cur
791 1395 1030 1434 inimicitias
1061 1395 1240 1434 hominis
1262 1395 1557 1448 improbissimi
1579 1396 1857 1449 susciperem,
1888 1401 1934 1436 ut
1953 1396 2029 1435 ho-

269 1462 387 1516 spitis
426 1461 600 1501 salutem
629 1457 904 1511 fortunasque
946 1457 1224 1497 defenderem.
1293 1454 1377 1497 118.
1419 1458 1623 1498 Fecerunt
1661 1458 1739 1498 hoc
1771 1459 1889 1499 multi
1919 1459 2027 1513 apud

220 1531 256 1560 ‘20
269 1525 445 1565 maiores
475 1527 664 1564 nostros:
694 1520 792 1561 fecit
823 1520 947 1560 etiam
978 1533 1110 1574 nuper
1138 1520 1262 1560 homo
1294 1521 1571 1568 clarissimus,
1605 1520 1677 1560 Cn.
1699 1522 1923 1570 Domitius,
1957 1521 2027 1575 qui

268 1588 322 1628 M.
356 1586 566 1632 Silanum,
601 1583 863 1624 consularem
892 1582 1128 1630 hominem,
1161 1584 1372 1623 accusavit
1391 1588 1561 1637 propter
1579 1583 1855 1636 Aegritomari
1877 1586 2028 1624 Trans-

268 1649 399 1704 alpini
428 1647 608 1700 hospitis
639 1645 826 1685 iniurias.
886 1646 1079 1685 Putarem
1110 1659 1174 1685 me
1205 1645 1424 1693 idoneum,
1457 1646 1528 1699 qui
1561 1645 1797 1698 exemplum
1829 1659 2029 1700 sequerer

268 1710 540 1752 humanitatis
572 1714 698 1762 atque
729 1705 855 1747 officii
885 1721 1245 1761 proponeremque
1277 1721 1391 1761 spem
1413 1708 1514 1747 meis
1545 1707 1780 1761 hospitibus
1813 1722 1859 1748 ac
1885 1721 2028 1748 neces—

270 1774 402 1822 sariis,
435 1785 519 1827 quo
551 1771 746 1811 tutiorem
778 1783 868 1809 sese
890 1771 1015 1810 vitam
1047 1784 1138 1810 meo
1169 1771 1379 1823 praesidio
1402 1770 1580 1810 victuros
1604 1783 1695 1809 esse
1718 1771 2027 1810 arbitrarentur.

220 1843 257 1872 25
272 1836 374 1877 Cum
404 1848 502 1875 vero
533 1834 577 1873 in
608 1832 893 1873 communibus
925 1832 1090 1872 iniuriis
1112 1832 1238 1872 totius
1264 1832 1503 1886 provinciae
1525 1832 1686 1871 Sthenii
1716 1845 1883 1886 quoque
1905 1843 2029 1872 causa

271 1899 532 1940 contineatur
575 1895 778 1948 multique
818 1908 901 1934 uno
941 1900 1124 1948 tempore
1164 1908 1187 1934 a
1227 1908 1292 1934 me
1329 1894 1514 1948 hospites
1554 1899 1679 1947 atque
1715 1895 1835 1934 amici
1865 1894 2029 1949 publice

269 1961 548 2016 privatimque
581 1957 880 1998 defendantur:
912 1957 1096 2011 profecto
1128 1958 1261 1997 vereri
1294 1972 1375 1998 non
1409 1958 1562 2004 debeo,
1594 1957 1647 1996 ne
1669 1957 1761 2010 quis
1782 1956 1883 2005 hoc,
1917 1955 2029 2010 quod

268 2025 389 2072 facio,
419 2036 502 2063 non
524 2021 735 2061 existimet
765 2034 829 2060 me
860 2020 1009 2059 summi
1042 2017 1167 2060 officii
1198 2020 1357 2060 ratione
1383 2020 1609 2073 impulsum
1639 2024 1912 2072 coactumque
1940 2031 2029 2058 sus-

271 2087 444 2141 cepisse.
502 2084 689 2125 XLVIII.
720 2084 854 2136 Atque
893 2088 940 2122 ut
969 2082 1196 2136 aliquando
1237 2083 1287 2123 de
1318 2083 1440 2122 rebus
1472 2083 1522 2122 ab
1554 2081 1632 2121 isto
1663 2082 1841 2134 cognitis
1871 2081 2029 2120 iudica-

221 2156 257 2185 30
271 2150 410 2202 tisque
442 2152 482 2187 et
512 2148 562 2187 de
594 2145 756 2185 iudiciis
788 2145 892 2185 datis
924 2145 1062 2185 dicere
1095 2146 1339 2185 desistamus
1372 2151 1431 2193 et,
1467 2144 1664 2199 quoniam
1695 2144 1803 2184 sacta
1833 2144 1955 2184 istius
1985 2144 2029 2182 in

270 2211 335 2251 his
377 2210 598 2263 generibus
638 2206 800 2247 infinita
839 2212 956 2255 sunt,
997 2221 1074 2247 nos
1106 2208 1273 2247 modum
1305 2208 1487 2260 aliquem
1519 2213 1559 2246 et
1589 2205 1711 2246 finem
1744 2208 1921 2247 orationi
1954 2219 2029 2247 no-

272 2278 380 2314 strae
413 2272 741 2324 criminibusque
772 2269 996 2309 faciamus:
1028 2284 1162 2323 pauca
1193 2284 1244 2310 ex
1275 2271 1367 2310 aliis
1400 2270 1623 2322 generibus
1656 2282 1879 2310 sumemus.

384 2331 477 2373 1119.
507 2333 694 2373 Audistis
727 2332 779 2371 ob
810 2333 873 2372 ius
905 2332 1129 2371 dicendum
1162 2333 1211 2381 Q.
1234 2333 1402 2372 Varium
1436 2333 1573 2372 dicere
1606 2337 1896 2384 procuratores
1930 2345 2028 2372 suos

272 2398 340 2437 isti
372 2401 539 2437 centum
570 2395 739 2448 triginta
771 2394 883 2433 milia
919 2408 1135 2433 nummum
1168 2395 1356 2435 dedisse:
1397 2395 1644 2434 meministis
1677 2394 1726 2442 Q.
1759 2395 1874 2435 Varii
1914 2395 2029 2435 testi-

221 2468 257 2497 35
272 2460 459 2499 monium
489 2471 661 2511 remque
692 2457 799 2497 hanc
830 2461 957 2496 totam
992 2457 1034 2496 C.
1069 2457 1325 2505 Sacerdotis,
1369 2457 1550 2497 hominis
1593 2457 1868 2506 ornatissimi,
1914 2458 2030 2499 testi-

270 2523 412 2562 monio
446 2520 733 2574 comprobari:
777 2519 891 2559 scitis
925 2519 995 2558 Cn.
1029 2520 1230 2568 Sertium,
1272 2521 1325 2559 M.
1357 2520 1566 2566 Modium,
1608 2520 1773 2572 equites
1803 2519 2029 2568 Romanos,

271 2588 490 2625 sexcentos
521 2588 738 2636 praeterea
769 2582 879 2621 cives
910 2583 1120 2622 Romanos
1152 2583 1390 2636 multosque
1415 2581 1577 2621 Siculos
1609 2582 1767 2621 dixisse
1800 2596 1843 2623 se
1864 2583 1932 2623 isti
1957 2596 2030 2637 pe·-

270 2647 435 2687 cuniam
467 2646 519 2685 ob
551 2645 615 2685 ius
648 2644 872 2684 dicendum
903 2645 1081 2685 dedisse.
1140 2645 1199 2685 De
1241 2658 1326 2699 quo
1359 2645 1531 2685 crimine
1565 2645 1667 2698 quid
1698 2657 1774 2698 ego
1806 2645 2029 2699 disputem,

356 2751 387 2783 2.
412 2759 501 2782 suor.
525 2751 604 2790 stay.
631 2748 662 2787 4,
688 2748 738 2779 V:
776 2749 931 2780 scelerum
954 2758 1088 2780 suorum
1112 2749 1175 2781 dtt.
1202 2750 1238 2780 O.
1267 2766 1303 2772 —·
1329 2748 1359 2781 4.
1386 2749 1463 2780 sciri
1486 2748 1566 2790 tum]
1600 2749 1769 2789 sciripcum
1791 2750 1836 2789 V;
1872 2751 2030 2791 scriplum

268 2800 358 2841 Lgffl
382 2810 416 2842 p.
442 2809 489 2832 m.
520 2818 554 2821 —
584 2800 614 2831 6.
641 2799 857 2829 hoszissimum
884 2800 997 2830 Veneri
1020 2800 1058 2831 V.
1089 2817 1123 2821 —
1158 2800 1188 2831 7.
1212 2802 1373 2839 putaram
1397 2799 1485 2839 Lg27
1502 2797 1555 2829 42.
1584 2816 1617 2820 Ἃ
1653 2802 1681 2830 tc
1705 2808 1773 2831 om.
1799 2800 1840 2841 V,
1866 2800 1930 2833 sed
1951 2810 2031 2842 qra-

267 2855 335 2882 tum
358 2850 412 2882 bis
436 2849 543 2891 ponit.
573 2867 606 2871 —
646 2849 697 2880 45.
725 2849 893 2890 sinyulare
923 2849 1012 2889 LgiE
1038 2858 1070 2890 p.
1098 2858 1143 2880 m.
1171 2850 1219 2888 M,
1247 2858 1314 2881 non
1341 2847 1489 2889 improb.
1518 2850 1630 2880 uarat.
1656 2850 1695 2879 ΙΙ.
1724 2848 1800 2881 coll.
1824 2850 1962 2890 vulgare
1985 2849 2029 2881 ad

266 2900 342 2931 Div.
368 2901 422 2931 111.
450 2899 502 2931 69.
530 2900 565 2931 et
589 2898 721 2930 Charis.
749 2907 780 2939 p.
811 2899 882 2930 431.
910 2898 1020 2936 Lind.,
1047 2899 1106 2931 ubi
1131 2900 1298 2940 singulare
1321 2907 1383 2940 pro
1407 2898 1586 2939 sinyzelaric
1609 2897 1796 2939 legendum
1820 2899 1969 2932 videtur.
1991 2919 2026 2923 —

267 2951 319 2981 ⁴7.
346 2958 537 2991 cognoscere
559 2947 672 2989 L3423
699 2957 924 2989 cognoscerem
946 2950 973 2980 A
999 2949 1033 2978 ct
1056 2947 1152 2979 multi
1178 2949 1239 2980 dtt.
1268 2967 1303 2971 —
1341 2948 1392 2979 48.
1418 2948 1583 2979 rideretur
1606 2947 1642 2987 4,
1670 2948 1701 2979 M
1714 2958 1763 2987 cp:
1801 2958 1870 2981 om.
1898 2949 1960 2982 dtt.
1990 2969 2026 2974 -—

265 2999 319 3031 21.
346 3000 507 3032 hominem
530 2998 570 3031 4;
597 2999 706 3030 virum
730 2998 791 3030 dtt.
819 3000 854 3030 O.
885 3017 919 3021 —-
945 2998 1168 3038 Aeyritomari
1192 2999 1236 3030 F:
1273 2998 1473 3030 Acritomari
1497 2997 1607 3038 14:423
1633 2998 1838 3039 Eyritomari
1861 2997 1962 3039 mlgo
1987 3001 2025 3032 Ο.

267 3048 308 3081 cs.
335 3050 445 3081 Divin.
474 3049 504 3090 g.
532 3049 584 3079 67.
614 3066 648 3069 —
675 3049 727 3079 22.
753 3048 896 3089 hospitis]
921 3048 1059 3079 hominis
1083 3047 1172 3089 Lgffl
1195 3057 1229 3090 p.
1255 3057 1303 3080 m.
1333 3066 1366 3069 —
1393 3046 1445 3079 24.
1473 3056 1538 3078 sese
1559 3048 1662 3079 vitam
1686 3047 1728 3080 4:
1754 3057 1784 3079 υ.
1810 3056 1874 3080 sese
1897 3048 1959 3081 dtt.
1987 3050 2024 3081 Ο.

267 3115 300 3121 -
329 3099 382 3130 28.
407 3107 458 3130 me
482 3097 592 3139 Lg42:
632 3107 700 3129 om.
737 3097 908 3140 plerique.
944 3116 976 3122 —
1017 3097 1069 3129 30.
1103 3102 1132 3130 et
1159 3098 1287 3129 iudiciis
1316 3096 1403 3137 Lgffl
1436 3106 1469 3137 p.
1496 3106 1542 3128 m.
1578 3115 1614 3120 —
1652 3097 1703 3129 32.
1734 3106 1901 3129 sumamus
1923 3099 1959 3130 L.
1989 3117 2024 3121 —

265 3146 316 3178 33.
343 3148 513 3179 dicendum
537 3146 625 3187 Lg42
650 3157 684 3189 p.
711 3156 775 3179 m.:
813 3148 989 3179 dicundum
1013 3146 1086 3178 rell.
1114 3148 1151 3179 O.
1181 3165 1215 3170 -—
1252 3148 1288 3186 Q.
1319 3146 1484 3177 Valerium
1507 3145 1548 3177 al.
1575 3146 1609 3178 in
1640 3154 1748 3186 marg.
1775 3147 1896 3179 Lamb.
1923 3147 2024 3183 4584:

265 3201 421 3235 quartum
444 3197 533 3238 Lgffl
558 3206 591 3239 p.
618 3206 664 3229 m.
692 3199 734 3229 M.
764 3216 798 3220 —
833 3197 884 3230 34.
912 3198 1051 3238 triginta
1074 3196 1163 3237 Lgli2
1187 3206 1220 3238 p.
1247 3205 1307 3228 m.:
1335 3199 1362 3227 et
1386 3196 1462 3235 [riq.
1490 3198 1547 3227 ctt.
1575 3197 1611 3227 O.
1641 3214 1675 3218 —
1711 3196 1747 3235 Q.
1778 3195 1900 3227 Valerii
1923 3195 1965 3228 al.
1992 3197 2027 3228 in

264 3254 373 3287 marg.
401 3247 521 3279 Lamb.
542 3246 644 3285 4584,
670 3250 707 3278 ut
731 3250 783 3279 cst
807 3249 839 3279 in
858 3247 946 3288 [342
969 3257 1022 3288 pr.
1042 3256 1088 3279 m.
1111 3266 1144 3269 -—
1173 3248 1225 3279 36.
1244 3247 1385 3278 Sertium
1404 3247 1506 3287 Lg29‚
1536 3248 1572 3278 ut
1588 3245 1747 3278 videtur:
1775 3246 1913 3277 Sirlium
1936 3245 2026 3287 Lg42

262 3295 319 3334 [an
346 3306 386 3328 ex
411 3296 606 3337 Sitrium‘?];
633 3297 801 3338 Serymm,
828 3298 993 3336 Set-cium,
1020 3298 1202 3329 Set-vicium
1225 3298 1326 3337 Lagg.
1354 3297 1435 3335 dtt.;
1470 3297 1617 3328 Sentium
1641 3297 1775 3337 Zumpt.
1804 3312 1839 3318 —
1872 3296 1924 3328 37.
1950 3305 2029 3328 sex-

263 3346 380 3387 centos]
408 3346 433 3378 C
454 3347 474 3377 i.
496 3355 526 3378 e.
552 3349 680 3377 centum
703 3345 791 3386 Lgffl
816 3355 850 3388 p.
876 3355 923 3378 m.
949 3364 983 3369 -
1010 3355 1042 3379 se
1065 3347 1153 3388 Lg-i2
1178 3356 1229 3386 cp:
1256 3356 1324 3379 oni.
1353 3348 1410 3379 ctt.
1431 3363 1466 3369 -
1494 3346 1545 3379 38.
1572 3346 1743 3379 dicendum
1765 3346 1887 3388 Lagg.:
1913 3346 2030 3379 dicun-

264 3394 342 3427 dum
365 3395 402 3428 O.
438 3396 493 3429 Sic
515 3396 600 3429 item
623 3405 658 3438 p.
684 3395 759 3437 213,
787 3396 817 3428 6.
