2143 3713
639 210 734 252 οη.
764 208 1081 250 xvm-xm
1120 206 1194 262 §§.
1223 205 1421 248 45—52.
1818 204 1898 247 623

164 323 377 376 proprium
413 323 534 363 nobis
571 321 844 374 reliquerunt,
887 321 984 374 quin
1025 320 1066 360 id
1106 320 1246 360 venire
1276 319 1431 359 iubeat.
1487 317 1554 358 49.
1586 317 1708 367 Quod
1737 323 1897 372 partum

161 385 316 425 recenti
346 385 516 425 victoria
544 385 717 423 maiores
738 382 854 422 vobis
886 383 926 421 in
957 383 1162 422 sociorum
1193 381 1362 421 urbibus
1391 394 1438 421 ac
1459 379 1610 421 finibus
1631 386 1670 420 et
1690 380 1898 421 vinculum

163 447 275 501 pacis
315 452 356 486 et
391 450 697 486 monumentum
737 444 834 483 belli
876 444 1155 498 reliquerunt,
1193 444 1236 483 id
1266 457 1337 484 vos
1367 443 1418 484 ab
1457 443 1538 483 illis
1568 447 1780 496 acceptum
1820 441 1899 481 hoc

163 513 328 549 anctore
358 507 574 548 vendetis?

274 571 350 610 llic
387 569 485 610 mihi
521 580 742 621 parumper
784 573 940 608 mentes
972 573 1149 615 vestras,
1196 567 1399 615 Quirites,
1446 580 1705 607 commovere
1743 566 1930 613 videon-5

164 633 260 673 dum
290 631 490 685 patefacio
519 629 634 670 vobis
667 642 769 682 quas
801 630 868 669 isti
911 631 1073 682 penitus
1104 630 1311 669 abstrusas
1342 628 1512 668 insidias
1544 642 1586 668 se
1618 629 1805 681 posuisse
1836 641 1899 667 ar-

164 695 365 734 bitrantur
405 696 545 732 contra
584 690 655 730 Cn.
686 691 868 744 Pompeii
901 692 1155 744 dignitatem.
1213 691 1265 730 Et
1301 690 1422 737 mihi,
1463 703 1640 743 quaeso,
1679 690 1899 742 ignoscite,

164 758 197 796 si
228 755 389 808 appello
419 753 540 793 talem
568 752 701 791 virum
723 755 898 806 saepius.
944 755 1027 793 Vos
1048 753 1149 793 mihi
1169 752 1348 806 praetori
1368 752 1537 792 biennio
1558 756 1673 799 ante,
1705 751 1899 799 Quirites,

164 818 242 857 hoc
273 817 414 857 eodem
444 814 488 853 in
519 814 610 853 loco
640 827 859 866 personam
889 816 995 855 hanc
1021 815 1296 868 imposuistis,
1332 820 1379 854 ut
1418 815 1749 867 quibuscumque
1776 813 1900 852 rebus

163 892 324 932 possem
353 876 464 916 illius
493 875 676 915 absentis
707 876 947 929 dignitatem
976 877 1189 917 vobiscum
1219 890 1305 917 una
1333 883 1481 917 tuerer.
1523 876 1618 916 Feci
1638 875 1773 915 adhuc
1795 887 1899 928 quae
1912 883 1949 912 ἰο

162 940 296 994 potui,
326 951 462 991 neque
492 937 768 978 familiaritate
803 939 910 978 illius
940 939 1140 979 adductus
1170 952 1246 979 nec
1277 952 1350 992 spe
1379 938 1548 979 honoris
1579 944 1705 992 atque
1735 937 1901 991 amplis-

162 1003 288 1042 simae
318 1000 549 1052 dignitatis,
581 1012 704 1053 quam
726 1013 823 1052 ego,
855 1002 932 1041 etsi
962 1001 1116 1041 libente
1146 1001 1242 1048 illo,
1272 1007 1411 1040 tamen
1440 1000 1610 1040 absente
1638 1000 1711 1040 illo
1735 1013 1809 1052 per
1828 1012 1900 1039 vos

161 1067 406 1104 consecutus
435 1075 539 1102 sum.
597 1060 664 1101 50.
696 1062 828 1110 Quam
861 1064 912 1102 ob
943 1077 1028 1103 rem
1059 1076 1150 1102 cum
1180 1063 1408 1115 intelligam
1438 1067 1566 1102 totam
1590 1062 1698 1102 hanc
1726 1061 1813 1102 fere
1842 1061 1902 1100 le-

160 1137 249 1177 gem
279 1124 331 1163 ad
360 1123 472 1163 illius
502 1136 603 1176 opes
625 1124 866 1164 evertendas
888 1129 1097 1178 tamquam
1118 1124 1350 1165 machinam
1372 1125 1621 1178 comparari,
1654 1129 1695 1165 et
1713 1124 1900 1165 resistam

158 1186 343 1226 consiliis
371 1185 588 1225 hominum
619 1191 658 1226 et
686 1184 895 1238 perficiam
925 1186 1131 1240 profecto,
1163 1186 1275 1239 quod
1307 1200 1382 1239 ego
1408 1186 1554 1234 video,
1584 1192 1630 1226 ut
1650 1186 1691 1226 id
1712 1199 1786 1227 vos
1807 1186 1951 1226 uni-⁴5

157 1249 266 1289 versi
294 1261 377 1288 non
407 1248 541 1288 solum
568 1248 731 1295 videre,
761 1260 904 1287 verum
925 1249 1047 1287 etiam
1077 1252 1219 1287 tenere
1248 1248 1429 1301 possitis.
1478 1248 1591 1287 XIX.
1622 1249 1742 1288 Iubet
1759 1248 1900 1288 venire

159 1323 265 1363 quae
294 1309 585 1357 Attalensium,
617 1323 724 1364 quae
754 1310 1028 1357 Phaselitum,
1059 1322 1166 1363 quae
1187 1309 1514 1364 Olympenorum
1533 1309 1708 1358 fuerint,
1739 1323 1901 1364 agrum-

159 1386 240 1426 que
269 1373 519 1426 Agerensem
550 1378 590 1413 et
620 1371 900 1413 Oroandicum
931 1377 972 1412 et
1001 1372 1279 1412 Gedusanum.
1327 1372 1440 1412 Haec
1469 1373 1512 1412 P.
1535 1372 1700 1412 Servilii
1725 1372 1899 1425 imperio

158 1439 198 1474 et
226 1434 422 1483 victoria,
461 1435 679 1475 clarissimi
708 1435 801 1481 viri,
839 1439 976 1474 vestra
1013 1434 1122 1474 facta
1152 1439 1260 1474 sunt.
1309 1433 1509 1487 Adiungit
1535 1448 1654 1488 agros
1683 1434 1900 1487 Bithyniae

156 1496 307 1548 regios,
338 1496 489 1549 quibus
518 1510 628 1537 nunc
656 1496 862 1550 publicani
890 1496 1105 1544 fruuntur3
1137 1496 1286 1537 deinde
1307 1496 1504 1537 Attalicos
1525 1509 1645 1549 agros
1665 1497 1708 1536 in
1727 1496 1901 1537 Cherro-
1913 1505 1950 1536 20

157 1571 281 1606 neso3
311 1558 354 1597 in
383 1559 646 1606 Macedonia,
688 1559 759 1611 qui
789 1558 898 1611 regis
928 1558 1105 1612 Philippi
1135 1559 1221 1598 sive
1252 1559 1400 1598 Persae
1429 1557 1616 1606 fuerunt,
1649 1559 1719 1612 qui
1748 1559 1847 1599 item
1877 1571 1900 1598 a

158 1620 395 1660 censoribus
418 1620 539 1661 locati
560 1624 667 1667 sunt,
689 1620 712 1637 ³*
777 1626 817 1660 et
832 1620 1107 1660 certissimum
1126 1620 1314 1673 vectigal.
1346 1617 1412 1660 51.
1433 1619 1641 1660 Adscribit
1671 1620 1805 1662 eidem
1829 1634 1900 1661 au-

158 1682 282 1722 ctioni
304 1681 538 1723 Corinthios
558 1695 691 1734 agros,
722 1683 882 1735 opimos
909 1688 949 1721 et
969 1681 1137 1730 fertiles,
1169 1688 1209 1723 et
1231 1683 1502 1736 Cyrenenses,
1526 1683 1598 1736 qui
1617 1683 1790 1737 Apionis
1811 1683 1899 1723 fue-

158 1749 274 1791 runt,
306 1749 346 1784 et
371 1757 489 1796 agros
512 1744 555 1783 in
579 1744 779 1797 Hispania
804 1749 974 1797 propter
994 1745 1286 1798 Karthaginem
1300 1758 1449 1785 novam
1476 1749 1517 1785 et
1545 1746 1588 1784 in
1607 1745 1743 1786 Africa
1767 1747 1899 1801 ipsam

157 1814 337 1845 veterem
374 1806 668 1859 Karthaginem
697 1806 858 1846 vendit:
906 1820 1027 1859 quam
1066 1807 1261 1847 videlicet
1299 1808 1342 1846 P.
1367 1807 1586 1847 Africanus
1616 1821 1701 1848 non
1730 1814 1900 1862 propter
1913 1817 1949 1846 25

158 1868 398 1920 religionem
429 1868 575 1908 sedum
605 1868 769 1908 illarum
799 1881 846 1907 ac
876 1869 1090 1907 vetustatis
1121 1868 1173 1908 de
1203 1869 1366 1908 consilii
1395 1870 1597 1909 sententia
1630 1871 1898 1919 consecravit,

157 1943 234 1971 nec
263 1935 308 1970 ut
337 1932 425 1984 ipse
455 1931 571 1970 locus
603 1944 764 1977 eorum,
796 1929 867 1982 qui
898 1944 990 1970 cum
1019 1931 1095 1971 hac
1123 1931 1224 1971 urbe
1247 1931 1297 1970 de
1321 1931 1495 1983 imperio
1517 1936 1746 1980 certarunt,
1775 1934 1900 1974 vesti-

157 1993 222 2045 gia
259 1992 500 2032 calamitatis
532 1992 789 2040 ostenderet,
828 1991 901 2031 sed
931 2005 1014 2032 non
1043 1992 1121 2032 fuit
1150 1998 1232 2033 tam
1263 1993 1462 2045 diligens,
1493 2006 1616 2047 quam
1647 1998 1710 2034 est
1737 1995 1898 2042 Rullus,

156 2060 226 2095 aut
253 2055 428 2095 fortasse
460 2059 685 2107 emptorem
717 2054 753 2093 ei
786 2054 877 2093 loco
898 2055 1077 2107 reperire
1098 2068 1183 2094 non
1203 2055 1350 2107 potuit.
1380 2055 1534 2095 Verum
1553 2055 1662 2095 inter
1680 2056 1756 2097 hos
1777 2070 1897 2111 agros

157 2117 314 2170 regios,
345 2122 485 2169 captos
514 2116 722 2156 veteribus
752 2116 873 2155 bellis
904 2116 1052 2156 virtute
1082 2130 1336 2157 summorum
1366 2117 1681 2170 imperatorum,
1712 2119 1899 2173 adiungit
1911 2128 1947 2157 30

157 2179 292 2232 regios
322 2191 440 2232 agros
469 2177 740 2225 Mithridatis,
772 2177 842 2231 qui
871 2178 915 2217 in
944 2177 1245 2231 Paphlagonia,
1277 2179 1350 2232 qui
1378 2180 1421 2218 in
1440 2179 1596 2226 Ponto,
1628 2179 1700 2232 qui
1730 2180 1773 2220 in
1796 2180 1899 2234 Cap-

158 2240 334 2293 padocia
362 2240 551 2287 fuerunt,
579 2245 625 2279 ut
654 2252 726 2279 eos
757 2240 977 2280 decemviri
1007 2241 1200 2281 vendant.
1248 2239 1314 2280 52.
1345 2241 1460 2280 Itane
1480 2241 1605 2282 vero?
1635 2254 1719 2282 non
1738 2242 1898 2296 legibus

157 2302 287 2350 datis,
325 2315 408 2342 non
445 2301 595 2342 auditis
623 2301 762 2342 verbis
803 2302 1087 2356 imperatoris,
1126 2302 1313 2343 nondum
1344 2302 1526 2357 denique
1555 2302 1665 2343 hello
1698 2304 1899 2351 confecto,

157 2377 251 2404 cum
279 2377 354 2404 rex
382 2363 660 2412 Mithridates,
692 2364 842 2404 amisso
871 2365 1075 2413 exercitu,
1104 2378 1233 2418 regno
1255 2365 1473 2420 expulsus,
1504 2370 1643 2406 tamen
1670 2366 1715 2406 in
1743 2366 1899 2406 ultimis

242 2568 273 2598 4.
298 2567 398 2609 nobis]
419 2567 508 2599 vobis
530 2567 555 2599 E
569 2568 590 2598 F
604 2568 629 2598 G
643 2569 666 2599 P
680 2568 717 2599 Ο.
745 2584 781 2589 -
805 2566 1007 2606 reliquerunt
1030 2569 1070 2600 F:
1096 2568 1287 2608 reliquerint
1311 2569 1428 2600 ceteri.
1449 2585 1483 2590 —-
1512 2568 1646 2609 quinpid
1662 2585 1710 2592 --
1726 2568 1799 2600 belli
1820 2568 1900 2600 reii-

157 2620 295 2657 querunt
317 2626 386 2650 om.
411 2617 446 2649 F.
474 2634 509 2639 -—
536 2616 566 2648 3.
592 2617 779 2648 monimenti
801 2617 844 2655 E,
870 2618 1068 2649 monumenti
1089 2619 1125 2650 P.
1154 2635 1188 2640 —
1220 2618 1445 2657 relinquerunt
1466 2618 1503 2649 E.
1537 2634 1571 2639 —-
1606 2617 1636 2649 6.
1663 2627 1762 2658 quam
1783 2618 1898 2650 isti--

156 2666 357 2698 arbitrentur
378 2668 421 2705 L;
447 2675 529 2707 quas
552 2667 602 2698 isti
618 2684 666 2690 --
682 2666 883 2698 arbitrentur
906 2666 939 2700 Β.
964 2684 998 2688 -
1025 2667 1161 2698 insidias
1183 2675 1252 2699 om.
1278 2668 1316 2699 E.
1335 2685 1370 2689 —
1396 2667 1427 2698 7.
1448 2666 1580 2707 pompei
1603 2667 1676 2699 EF.
1698 2685 1732 2689 —-
1759 2667 1790 2699 9.
1815 2668 1898 2698 hanc

151 2724 330 2756 personam
352 2716 386 2747 F.
414 2733 448 2738 —
474 2717 659 2756 inposuistis
680 2717 717 2748 E.
745 2734 779 2738 —
807 2717 859 2747 Μ.
885 2724 986 2755 neque
1007 2725 1062 2756 spe
1085 2717 1121 2748 T.
1148 2733 1186 2739 -
1212 2717 1265 2748 ›i2.
1290 2717 1345 2748 illo
1367 2718 1446 2758 post
1468 2726 1500 2748 v.
1520 2716 1648 2749 absente
1671 2725 1752 2749 cum
1775 2718 1810 2749 P.
1829 2717 1897 2748 Ma—

156 2765 250 2797 nutio
276 2765 318 2806 (a.
342 2764 450 2805 4554.)
482 2774 551 2797 om.
577 2767 613 2797 L.
650 2784 684 2788 —
717 2767 768 2798 13.
795 2769 896 2797 iotam
922 2765 1006 2796 hanc
1028 2765 1103 2796 EF:
1135 2766 1220 2797 hanc
1251 2769 1355 2797 iotam
1377 2765 1527 2800 ALsso.
1556 2785 1592 2790 —
1623 2767 1676 2798 ¹15.
1702 2767 1792 2798 video
1815 2766 1893 2798 EF:

153 2816 246 2847 video
268 2815 458 2855 comparari
479 2813 628 2848 ALssO.
657 2832 692 2837 —
719 2815 770 2846 ⁴7.
797 2815 1017 2846 altahensium
1041 2815 1156 2853 EFT;
1193 2816 1395 2847 auciensium
1418 2817 1454 2847 G.
1483 2816 1532 2848 Cf.
1558 2817 1583 2848 Ι.
1609 2815 1640 2856 g.
1666 2817 1697 2848 5.
1725 2834 1760 2837 —
1781 2815 1898 2855 phasi-

155 2864 252 2896 lelum
282 2865 400 2901 EFA3
432 2863 640 2903 phasilielum
667 2864 704 2895 G.
741 2863 946 2895 Emendavit
972 2865 1161 2904 Naugerius
1185 2865 1219 2896 in
1243 2865 1298 2897 ed.
1322 2864 1456 2897 Aldina.
1496 2883 1530 2887 —
1566 2865 1796 2904 olimpinorum
1819 2864 1895 2903 EP;

156 2914 402 2954 Olympinorum
425 2914 500 2944 GA.
537 2913 741 2945 Emendavit
764 2914 954 2953 Naugerius
978 2914 1011 2944 in
1035 2913 1090 2945 ed.
1115 2912 1248 2946 Aldina.
1286 2915 1335 2946 Cf.
1360 2916 1385 2946 l.
1411 2915 1440 2955 ἓ.
1467 2915 1497 2946 5.
1533 2933 1568 2938 —
1600 2915 1651 2946 48.
1678 2915 1898 2946 Oroandicum

156 2964 359 2995 Garatonius
385 2961 471 3003 (coll.
497 2961 580 2994 Plin.
600 2965 639 2996 N.
658 2964 698 2995 H.
716 2964 755 2994 V.
783 2973 812 2995 c.
832 2964 883 2994 27.
910 2962 940 3002 ἒ..
959 2961 1011 2993 94.
1039 2971 1069 2994 c.
1088 2962 1139 2994 32,
1166 2963 1196 3003 g.
1215 2963 1318 3003 447ss
1346 2964 1529 2995 orntclicum
1552 2964 1592 3001 F;
1619 2963 1808 2994 Orindicum
1831 2963 1895 2995 EA

156 3011 265 3047 LssO.
293 3029 328 3034 —
356 3012 564 3044 Gedusanum
586 3013 665 3051 EP;
689 3013 900 3054 ¹qedusarium
924 3013 966 3049 ῦς
1001 3012 1208 3044 Gesuaanum
1231 3021 1350 3045 errore
1374 3014 1510 3054 typogr.
1536 3014 1572 3044 L.
1599 3030 1634 3035 —
1659 3013 1771 3045 seruili
1794 3013 1831 3044 E.
1857 3030 1891 3034 —

157 3060 209 3092 ⁴9.
233 3060 405 3092 clarissimi
427 3062 464 3093 L.
488 3062 555 3093 uiri
577 3062 686 3095 EFT.
708 3081 743 3086 —
768 3063 822 3095 20.
845 3062 1003 3103 fruuntur
1022 3061 1190 3100 publicani
1212 3062 1246 3093 F.
1266 3078 1301 3083 —
1327 3062 1538 3094 cherronenso
1561 3061 1605 3100 E;
1631 3061 1835 3094 cherronesso
1851 3062 1894 3100 F;

156 3110 340 3143 chersoneso
363 3111 403 3149 T;
428 3111 608 3143 Cheroneso
629 3113 676 3151 A;
703 3112 919 3145 cherrhoneso
943 3111 980 3142 Ο.
1008 3126 1043 3132 -
1070 3110 1122 3142 21.
1142 3119 1239 3150 perse
1260 3111 1286 3143 E
1300 3111 1334 3142 F.
1356 3128 1391 3132 —
1415 3111 1492 3142 ilem
1513 3111 1738 3143 accensoribus
1759 3110 1784 3142 E
1798 3111 1834 3142 F.
1857 3128 1893 3133 -

155 3159 209 3190 22.
234 3159 330 3192 locali
350 3163 440 3199 suni,
464 3161 650 3193 maoeimum
671 3165 700 3193 et
721 3162 933 3194 certissimum
956 3158 1134 3192 Gebhardt
1156 3160 1194 3191 Π.
1221 3169 1255 3201 p.
1273 3161 1292 3192 7
1316 3169 1390 3201 sq.;
1416 3160 1520 3192 locari
1542 3161 1660 3201 solent,
1684 3160 1897 3193 certissimum

156 3208 288 3248 Ussing.
315 3226 351 3232 —
375 3209 477 3242 eidem
499 3211 542 3242 L:
567 3210 652 3242 idem
673 3210 858 3245 EFAQO.
883 3229 918 3234 —
944 3210 996 3242 23.
1022 3209 1184 3241 cerinthos
1205 3210 1278 3242 EF.
1307 3228 1343 3233 —
1367 3209 1420 3242 24.
1445 3212 1598 3251 affricam
1620 3210 1693 3243 EF.
1714 3226 1750 3232 --
1774 3209 1829 3241 26.
1846 3217 1897 3241 se-

156 3257 233 3288 dum
252 3257 386 3290 illarum
402 3260 442 3291 P:
466 3260 522 3292 sed
541 3258 699 3291 uillarum
713 3260 754 3298 F;
778 3260 902 3292 sedium
922 3259 1057 3291 illarum
1079 3259 1198 3291 ceteri.
1225 3258 1275 3290 Cf.
1300 3268 1335 3300 p.
1361 3259 1471 3291 Sestio
1494 3258 1525 3300 S.
1550 3259 1604 3292 45.
1624 3276 1658 3281 —
1685 3258 1736 3298 ac]
1759 3261 1790 3291 el
1805 3259 1839 3290 F.
1856 3275 1891 3281 —

157 3305 196 3340 de
216 3306 348 3340 consilio
369 3307 480 3342 EFP.
507 3326 543 3332 —
567 3309 622 3343 27.
645 3317 704 3344 ‘nec
726 3309 842 3343 EFP:
866 3310 921 3344 scd
941 3307 1089 3345 ALsso.
1115 3308 1166 3342 Cf.
1189 3308 1399 3350 Madvigium
1422 3308 1537 3351 Opuse.
1561 3310 1587 3342 1.
1611 3317 1646 3352 p.
1671 3307 1745 3342 384.
1770 3317 1805 3341 n.
