2143 3713
260 205 341 248 4⁶26
746 208 801 248 IN
830 206 1047 248 VERREM
1075 206 1234 247 ACTIO
1266 207 1505 248 SECUNDA

261 332 387 360 ausus
416 333 485 360 es:
531 317 623 360 1137.
654 325 698 360 tu
729 320 772 359 in
802 318 1016 372 provincia
1044 323 1127 358 tam
1157 318 1396 371 splendida,
1426 325 1470 359 tu
1500 319 1610 371 apud
1641 319 1776 359 socios
1808 317 1997 360 fidelissi-

262 395 372 429 mos,
404 383 513 423 cives
542 383 748 423 Romanos
778 381 1112 426 honestissimos,
1143 380 1185 419 in
1216 386 1326 420 metu
1356 381 1628 434 periculoque
1652 381 1889 433 provinciae
1911 382 1996 421 dies

261 445 480 484 continuos
511 445 743 498 complures
774 445 816 484 in
847 444 967 483 litore
996 442 1281 495 conviviisque
1302 443 1488 483 iacuisti:
1520 448 1558 482 te
1580 457 1653 495 per
1673 455 1744 482 eos
1766 442 1854 482 dies
1875 456 1996 482 nemo

260 511 355 546 tuae
396 507 508 547 domi
548 507 789 554 convenire,
835 518 955 545 nemo
998 505 1040 544 in
1070 504 1159 544 soro
1190 505 1330 544 videre
1361 506 1516 558 potuit:
1563 511 1606 544 tu
1637 505 1843 544 sociorum
1874 512 1998 559 atque

229 568 486 609 5amicorum
517 570 567 610 ad
599 582 647 608 ea
677 568 867 608 convivia
897 572 1047 607 matres
1073 565 1249 606 familias
1279 567 1531 607 adhibuisti:
1563 573 1606 606 tu
1629 567 1735 606 inter
1767 566 1856 606 eius
1888 568 2000 607 modi

259 631 452 672 mulieres
482 636 786 686 praetextatum
818 636 933 669 tuum
964 629 1117 675 filium,
1150 634 1341 680 nepotem
1365 643 1521 676 meum,
1554 628 1832 675 collocavisti,
1863 635 1908 668 ut
1934 642 2002 668 ae-

260 695 331 735 tati
362 696 541 735 maxime
572 695 752 734 lubricae
782 699 908 745 atque
934 692 1113 731 incertae
1137 690 1326 743 exempla
1347 692 1555 745 nequitiae
1579 690 1762 743 parentis
1783 691 1865 730 vita
1886 703 2003 743 prae-

257 757 392 797 heret:
424 764 467 797 tu
498 761 664 810 praetor
694 757 735 795 in
770 753 983 808 provincia
1014 767 1105 793 cum
1139 753 1277 791 tunica
1308 754 1519 806 pallioque
1551 765 1760 806 purpureo
1791 752 1904 791 visus
1936 765 2002 792 es:

259 826 301 860 tu
346 825 516 874 propter
554 831 736 858 amorem
774 816 1072 867 libidinemque
1104 821 1214 854 tuam
1247 815 1465 867 imperium
1496 817 1662 855 navium
1694 815 1826 867 legato
1859 814 2002 867 populi

210 891 244 920 40
258 883 430 922 Romani
461 881 674 926 ademisti,
707 880 966 933 Syracusano
1000 877 1228 917 tradidisti:
1274 878 1330 917 tui
1363 879 1514 918 milites
1546 880 1586 917 in
1619 876 1831 931 provincia
1863 875 2003 915 Sicilia

256 944 445 996 frugibus
483 942 773 994 frumentoque
816 945 1059 979 caruerunt:
1100 945 1168 979 tua
1199 939 1365 979 luxuria
1394 947 1518 994 atque
1551 940 1722 979 avaritia
1753 937 1896 978 classis
1929 950 2003 990 po-

257 1006 343 1060 puli
383 1005 556 1044 Romani
597 1017 620 1044 a
661 1002 939 1056 praedonibus
980 1009 1097 1055 capta
1129 1008 1169 1041 et
1198 1002 1367 1041 incensa
1397 1009 1484 1041 est:
1535 1000 1620 1041 1:58.
1652 1007 1747 1054 post
1778 1002 2002 1054 Syracusas

257 1067 445 1107 conditas
477 1080 597 1119 quem
629 1065 671 1105 in
704 1071 868 1118 portum
900 1077 1124 1117 numquam
1158 1064 1285 1103 hostis
1310 1071 1557 1111 accesserat,
1590 1066 1630 1104 in
1663 1078 1711 1103 eo
1744 1070 1781 1103 te
1814 1068 2002 1115 praetore

257 1130 435 1184 primum
476 1129 633 1182 piratae
674 1127 993 1178 navigaverunt:
1039 1140 1175 1180 neque
1215 1127 1315 1166 haec
1348 1133 1407 1166 tot
1437 1134 1476 1167 et
1508 1133 1618 1166 tanta
1651 1127 1854 1166 dedecora
1886 1126 2005 1165 dissi-

208 1202 243 1231 45
258 1194 485 1234 mulatione
516 1198 585 1232 tua
618 1204 754 1245 neque
786 1191 994 1230 oblivione
1026 1189 1239 1228 hominum
1271 1202 1315 1227 ac
1350 1190 1626 1228 taciturnitate
1659 1195 1796 1241 tegere
1822 1187 2004 1234 voluisti,

257 1256 328 1297 sed
361 1256 484 1295 etiam
515 1255 683 1295 navium
715 1253 945 1306 praefectos
977 1251 1064 1291 sine
1099 1251 1180 1290 ulla
1211 1265 1334 1290 causa
1357 1254 1407 1290 de
1430 1253 1650 1304 complexu
1672 1257 1889 1304 parentum
1911 1263 2006 1289 suo-

255 1332 369 1365 rum,
408 1318 618 1371 hospitum
659 1322 843 1361 tuorum,
884 1315 933 1353 ad
975 1319 1146 1353 mortem
1181 1314 1492 1367 cruciatumque
1523 1314 1694 1365 rapuisti
1726 1326 1862 1366 neque
1894 1317 1932 1351 te
1964 1312 2006 1351 in

256 1385 472 1435 parentum
505 1380 618 1420 luctu
650 1385 774 1431 atque
806 1377 986 1417 lacrimis
1018 1376 1098 1415 mei
1120 1376 1299 1415 nominis
1321 1377 1656 1416 commemoratio
1679 1375 1899 1428 mitigavit:
1931 1373 2005 1414 tibi

255 1442 470 1483 hominum
505 1441 784 1481 innocentium
817 1439 982 1491 sanguis
1014 1451 1097 1477 non
1130 1438 1251 1477 modo
1283 1439 1505 1491 voluptati,
1546 1439 1616 1477 sed
1660 1439 1779 1477 etiam
1815 1436 2005 1491 quaestui

206 1516 241 1545 20
255 1504 387 1544 fuitz»
413 1526 466 1534 -
496 1504 598 1544 haec
630 1504 662 1543 si
696 1503 766 1542 tibi
800 1508 894 1542 tuus
925 1514 1072 1553 parens
1106 1500 1272 1546 diceret,
1304 1514 1447 1552 posses
1479 1501 1528 1540 ab
1560 1513 1609 1539 eo
1640 1502 1800 1540 veniam
1835 1500 2003 1553 petere?

256 1580 425 1621 posses,
457 1573 502 1607 ut
533 1567 604 1606 tibi
637 1568 887 1618 ignosceret,
920 1563 1165 1616 postulare?

368 1629 472 1668 Llll.
506 1626 597 1668 1139.
631 1628 738 1667 Satis
762 1626 995 1666 estfactum
1018 1625 1182 1671 Siculis,
1215 1625 1313 1663 satis
1336 1622 1470 1664 officio
1493 1638 1538 1664 ac
1560 1625 1872 1673 necessitudini,
1905 1625 2003 1665 satis

256 1692 460 1746 promisso
502 1696 642 1730 nostro
683 1702 729 1729 ac
768 1693 948 1740 recepto.
995 1687 1171 1740 Reliqua
1207 1692 1269 1726 est
1300 1700 1347 1725 ea
1378 1700 1520 1733 causa,
1561 1688 1739 1733 iudices,
1786 1700 1892 1740 quae
1923 1688 2003 1727 iam

256 1766 340 1793 uon
370 1758 558 1806 recepta,
598 1752 671 1792 sed
702 1752 863 1797 innata,
901 1762 1039 1803 neque
1070 1749 1208 1788 delata
1238 1748 1287 1787 ad
1321 1762 1406 1796 me,
1447 1750 1518 1788 sed
1551 1749 1590 1788 in
1625 1750 1762 1788 animo
1794 1763 2004 1802 sensuque

207 1829 242 1858 25
257 1828 348 1856 meo
380 1815 546 1869 penitus
576 1814 698 1854 aflixa
728 1818 853 1866 atque
885 1812 1009 1851 insita
1041 1817 1123 1858 est;
1155 1825 1262 1864 quae
1294 1824 1374 1850 non
1403 1811 1451 1850 ad
1476 1812 1685 1851 sociorum
1706 1811 1900 1858 salutem,
1932 1811 2005 1851 sed

256 1877 306 1918 ad
344 1878 497 1917 civium
534 1878 838 1921 Romanorum,
883 1875 961 1913 hoc
993 1880 1073 1920 est,
1119 1873 1169 1913 ad
1204 1874 1325 1913 unius
1356 1874 1558 1926 cuiusque
1590 1880 1773 1913 nostrum
1808 1874 1931 1913 vitam
1966 1879 2007 1913 et

256 1940 500 1992 sanguinem
532 1939 724 1993 pertinet.
774 1938 817 1976 ln
851 1950 932 1990 qua
964 1937 1091 1975 nolite
1123 1949 1144 1975 a
1177 1950 1261 1983 me,
1296 1936 1416 1989 quasi
1447 1936 1617 1974 dubium
1649 1936 1701 1975 sit
1731 1936 1912 1989 aliquid,
1942 1949 2007 1975 ar-

257 2009 474 2056 gumenta,
516 2002 696 2048 iudices,
738 2005 994 2052 exspectare.
1055 1999 1225 2045 Omnia,
1267 2012 1373 2051 quae
1413 1998 1544 2037 diram
1578 1998 1634 2037 sic
1667 2006 1786 2038 erunt
1817 1999 2005 2046 illustria,

256 2069 302 2104 ut
331 2064 383 2105 ad
414 2077 463 2103 ea
492 2063 704 2118 probanda
736 2068 861 2101 totam
896 2061 1076 2101 Siciliam
1108 2067 1252 2101 testem
1285 2061 1481 2101 adhibere
1514 2074 1691 2113 possem.
1735 2062 1868 2100 Furor
1897 2061 2005 2100 enim

206 2141 242 2170 30
258 2127 450 2181 quidam,
481 2126 648 2166 sceleris
680 2130 721 2164 et
751 2125 946 2165 audaciae
978 2138 1136 2171 comes,
1168 2125 1286 2163 istius
1318 2124 1560 2163 effrenatum
1591 2124 1774 2162 animum
1806 2124 2006 2176 importu-

257 2202 437 2243 namque
471 2194 657 2228 naturam
690 2193 802 2228 tanta
833 2187 1041 2240 oppressit
1072 2187 1272 2234 amentia,
1304 2192 1348 2226 ut
1370 2200 1593 2240 numquam
1619 2186 1822 2225 dubitaret
1846 2187 1885 2225 in
1908 2199 2006 2225 con-

257 2256 382 2291 ventu
415 2251 550 2303 palam
583 2250 812 2303 supplicia,
844 2262 949 2302 quae
975 2250 1015 2288 in
1038 2249 1251 2288 convictos
1274 2250 1464 2289 malelicii
1489 2262 1629 2289 servos
1652 2249 1874 2289 constituta
1897 2254 2004 2295 suut,

259 2326 308 2354 ea
345 2313 388 2353 iu
427 2314 538 2353 cives
577 2314 782 2352 Romanos
824 2324 1083 2364 expromere.
1144 2307 1236 2350 1140.
1280 2311 1411 2364 Virgis
1451 2324 1575 2365 quam
1614 2311 1765 2351 multos
1797 2311 2003 2358 ceciderit,

345 2525 376 2556 l.
407 2527 441 2556 tu
470 2523 559 2563 apud
587 2522 651 2555 R3:
690 2525 724 2553 tu
747 2530 815 2553 om.
843 2521 925 2553 dett.
953 2522 989 2553 O.
1024 2539 1058 2544 —-
1095 2521 1125 2552 3.
1160 2522 1329 2561 conplures
1355 2522 1398 2557 R;
1431 2521 1542 2560 plures
1571 2521 1671 2560 Lg29.
1706 2539 1739 2544 —
1773 2520 1879 2552 littore
1902 2522 1938 2553 R.
1967 2539 2002 2544 -

258 2575 288 2607 4.
315 2574 401 2605 domi
425 2577 500 2604 tuae
523 2573 606 2604 dett.
634 2573 671 2605 Ο.
699 2588 734 2594 -
761 2573 791 2604 8.
819 2573 929 2603 tunica
953 2572 1054 2603 talari
1079 2571 1276 2603 Lambinus.
1306 2589 1341 2594 —
1365 2580 1532 2611 purpureo
1557 2580 1624 2602 om.
1653 2571 1751 2610 ng.
1781 2588 1815 2592 —
1844 2571 1892 2602 40.
1920 2571 2006 2603 Sici-

256 2625 320 2656 liae
343 2626 444 2665 Lagg.
472 2625 611 2665 praeter
633 2622 686 2653 29.
714 2641 749 2644 —
777 2622 827 2653 Μ.
854 2622 1044 2661 caruerunt]
1067 2625 1185 2652 carun!
1209 2622 1234 2653 R
1259 2630 1304 2652 m.
1331 2630 1402 2662 pr.;
1428 2629 1564 2651 caruere
1590 2621 1666 2651 Ern.
1694 2623 1812 2651 contra
1838 2620 1938 2652 codd.
1968 2639 2002 2644 -

257 2675 413 2705 luaeuriue
444 2675 466 2705 R
499 2675 534 2704 et
566 2672 655 2712 ng
688 2671 766 2711 (sed
798 2672 830 2702 in
858 2672 882 2702 R
907 2680 923 2701 e
951 2674 1078 2712 puncto
1109 2672 1249 2710 notata).
1279 2659 1393 2702 Madv.
1426 2670 1573 2711 praefert
1601 2669 1632 2709 ρ’.
1660 2669 1710 2701 sii.
1737 2671 1884 2709 litem-ie,
1922 2670 2005 2703 salso

258 2724 415 2756 scribens
440 2724 472 2755 in
497 2724 520 2754 R
546 2731 622 2754 esse
647 2722 813 2772 liceuriae.
842 2739 877 2742 —
905 2722 955 2752 42.
982 2730 1003 2752 a
1023 2722 1243 2761 praedonibus
1266 2729 1334 2752 om.
1360 2721 1460 2760 Lagg.
1488 2722 1626 2760 praeter
1648 2720 1698 2750 29.
1721 2738 1754 2742 —
1784 2720 1833 2752 44.
1860 2724 1888 2752 et
1912 2724 2006 2752 tanta

258 2780 316 2817 R3,
344 2779 450 2819 Lgte:
477 2782 569 2810 lanta
588 2777 675 2813 rell.;
701 2781 857 2816 tantaque
881 2778 917 2808 O.
938 2795 972 2798 —
994 2778 1045 2810 46.
1071 2778 1231 2817 serapim-u
1255 2777 1290 2807 R.
1314 2795 1346 2798 —
1371 2776 1558 2815 parentium
1583 2775 1744 2807 Priscian.
1764 2777 1798 2807 T.
1820 2778 1856 2807 ll.
1878 2785 1910 2817 p.
1929 2776 2002 2809 345.

261 2849 296 2853 —
322 2839 455 2861 suorum
479 2838 547 2861 oin.
577 2829 676 2868 ligffl.
710 2847 744 2850 —
783 2829 833 2859 47.
859 2829 1031 2868 hospitium
1055 2828 1098 2861 R;
1135 2827 1357 2866 hospitumque
1387 2826 1470 2857 dett.
1511 2843 1545 2846 »-
1583 2829 1714 2856 tuorum
1737 2835 1805 2857 om.
1834 2827 1937 2858 Prisc.
1965 2844 2000 2849 —

258 2889 359 2920 neque
383 2883 412 2911 te
437 2879 481 2910 Ra
501 2879 607 2919 [53292
635 2887 735 2917 neque
758 2877 841 2909 dett.
869 2880 903 2908 et
919 2878 961 2915 Ο,
989 2879 1045 2918 qui
1071 2882 1100 2909 te
1122 2880 1201 2908 ante
1225 2877 1287 2907 mei
1312 2876 1450 2907 liabent.
1472 2893 1505 2896 —
1534 2876 1585 2907 20.
1612 2876 1689 2906 haec
1713 2876 1770 2906 sibi
1788 2877 1810 2907 R
1828 2885 1878 2917 pr.
1900 2885 1946 2907 m.
1967 2893 1998 2898 —-

258 2931 311 2961 ⁶22.
336 2930 578 2961 necessitudinis
601 2930 637 2960 R.
665 2946 699 2950 -—
726 2929 804 2959 salis
827 2929 896 2960 R3:
921 2928 1056 2962 iudices,
1083 2927 1162 2957 salis
1187 2926 1269 2957 dett.
1290 2926 1325 2956 O.
1348 2943 1381 2946 —-
1410 2925 1460 2955 223.
1484 2934 1536 2964 pr.
1564 2929 1672 2955 nostro
1696 2933 1734 2956 ac
1757 2929 1882 2964 recepto
1907 2926 1951 2957 Ra
1970 2924 2002 2964 λ,

259 2980 361 3019 Lagg.
389 2988 529 3010 omnes:
563 2989 615 3019 pr.
642 2983 750 3010 nostro
774 2988 813 3010 ac
835 2979 963 3009 muneri
985 2981 1111 3017 recepto
1135 2977 1160 3008 Ο
1184 2977 1312 3007 incerta
1337 2976 1558 3006 auctoritate:
1589 2985 1641 3014 pr.
1667 2975 1794 3005 inumeri
1817 2984 1856 3005 ac
1878 2980 2004 3015 recepto

260 3029 441 3061 Manutius.
479 3031 520 3059 At
544 3038 576 3060 v.
603 3029 712 3061 Madv:
740 3038 794 3070 ep.
823 3038 854 3069 p.
883 3028 954 3058 1128.
983 3028 1043 3068 Op.
1071 3029 1094 3058 l.
1121 3036 1152 3067 p.
1180 3027 1240 3057 372
1281 3043 1314 3047 —
1349 3026 1492 3064 reliquae
1515 3026 1540 3055 si
1563 3035 1600 3056 cu
1626 3026 1682 3056 Rll.
1712 3042 1744 3046 —-
1778 3026 1847 3055 {am
1871 3034 1932 3055 non
1957 3026 2002 3056 1³3

260 3079 301 3110 2:
327 3090 392 3110 ηοη
415 3080 483 3109 iam
507 3078 588 3110 dett.
609 3080 645 3110 Ο,
670 3097 703 3101 -—
730 3079 782 3110 Ἡ,
809 3078 935 3118 innata]
962 3078 1028 3107 into
1054 3078 1095 3107 R:
1121 3077 1167 3106 ita
1185 3075 1241 3106 (33.
1263 3092 1297 3096 —-
1324 3076 1435 3105 anima
1462 3076 1561 3115 [agg.
1589 3077 1726 3116 practer
1742 3076 1793 3104 ἓξ).
1817 3092 1849 3096 —
1876 3076 1928 3106 25.
1947 3075 2004 3105 ad-

258 3131 331 3170 fi.1;a
355 3130 396 3162 R:
429 3130 539 3169 desidua
564 3130 596 3159 l..
632 3129 681 3159 Cf.
707 3131 806 3160 Arus.
834 3129 935 3159 Mcss.
964 3137 995 3167 p.
1022 3127 1095 3158 ²243.
1131 3145 1164 3148 —
1200 3125 1248 3156 27.
1275 3125 1390 3163 aliquit
1417 3126 1437 3155 R
1466 3134 1515 3164 pr.
1543 3134 1608 3161 1n.;
1643 3124 1774 3163 aliquod
1799 3125 1820 3154 1³
1846 3125 1864 3154 ΕΖ
1890 3132 1935 3154 m.
1965 3142 1999 3146 —

262 3180 314 3210 ⁶28.
341 3187 424 3218 quae
446 3179 552 3209 dicam
576 3177 678 3209 R137.:
706 3188 788 3217 quae
811 3179 918 3208 dicam
942 3179 978 3207 dc
1000 3177 1156 3216 supplicio
1179 3175 1297 3206 civium
1323 3176 1409 3205 liam.
1437 3175 1520 3205 dett.
1548 3176 1584 3205 Ο.
1613 3175 1752 3205 «Cicero
1778 3182 1844 3205 non
1871 3175 1907 3204 de
1924 3183 2002 3213 sup-

257 3229 375 3267 plicio,
402 3227 462 3259 sed
488 3229 525 3258 de
548 3230 712 3267 suppliciis
735 3230 794 3259 civ.
822 3229 910 3259 Itoni.
942 3227 1083 3257 dixisset
1116 3227 1151 3256 ut
1184 3224 1283 3265 paulo
1312 3225 1393 3254 intra
1421 3226 1453 3254 et
1478 3234 1507 3254 ‹·.
1534 3224 1608 3255 38.»
1642 3225 1761 3254 GARAT.
1789 3224 1826 3253 ll.
1856 3240 1889 3245 -—
1926 3223 2003 3253 illu-

262 3278 343 3308 stria
367 3278 412 3309 R3
429 3276 449 3308 λ
474 3278 594 3317 (Madv.
613 3287 645 3319 p.
665 3278 771 3317 1¹49.ss
798 3279 890 3309 clara
914 3281 941 3308 et
966 3277 1107 3307 illustria
1130 3275 1212 3306 dett.
1239 3275 1275 3305 O.
1304 3274 1465 3313 (inlustria
1491 3275 1539 3312 R.)
1561 3292 1592 3296 —
1619 3273 1670 3304 29.
1694 3282 1820 3312 possem
1842 3272 1904 3305 R3:
1925 3281 2005 3313 pos-

264 3326 323 3357 sim
347 3327 430 3358 dett.
457 3328 494 3359 Ο.
527 3327 569 3359 of.
597 3327 627 3369 S.
653 3327 705 3360 84.
735 3347 768 3351 -
796 3328 846 3359 30.
873 3328 992 3367 inport.
1019 3327 1056 3358 R.
1084 3343 1118 3347 —
1145 3326 1196 3357 31.
1224 3324 1386 3355 dubitares
1410 3324 1445 3354 R.
1476 3340 1510 3346 —
1537 3323 1588 3355 33.
1614 3324 1691 3354 cii-is
1714 3324 1750 3355 R.
