2143 3713
216 199 296 242 474
744 200 942 242 ORATIO
973 200 1076 242 PRO
1106 201 1160 242 M.
1189 202 1422 243 FONTEIO

215 327 382 368 prorum
418 326 466 354 ac
502 313 733 354 lubidinum
771 315 1039 367 pertinerent.
1098 311 1163 352 39.
1197 311 1294 367 [29]
1326 315 1471 355 Exstat
1512 314 1642 353 oratio
1673 313 1873 362 hominis,
1913 320 1959 354 ut

216 376 355 428 opinio
386 389 477 415 mea
506 376 604 423 fert,
635 381 869 416 nostrorum
892 375 1106 415 hominum
1125 376 1247 427 longe
1267 377 1587 429 ingeniosissimi
1611 382 1734 428 atque
1760 376 1957 429 eloquen-

216 437 384 484 tissimi,
426 436 468 477 C.
500 438 694 479 Gracchi:
735 452 817 491 qua
854 439 896 477 iu
927 439 1110 477 oratione
1150 437 1350 490 permulta
1380 439 1419 477 in
1452 439 1495 477 L.
1528 439 1718 477 Pisonem
1748 439 1883 489 turpia
1913 452 1958 477 ao

214 499 416 552 flagitiosa
447 500 651 541 dicuntur.
708 501 762 540 At
790 502 831 541 in
865 514 986 554 quem
1017 499 1171 539 virum!
1215 500 1285 551 qui
1315 505 1426 539 tanta
1456 500 1606 539 virtute
1637 505 1760 552 atque
1792 499 1960 551 integri-

183 566 296 601 5tate
327 561 421 610 fuit,
460 568 506 602 ut
535 564 656 603 etiam
687 563 768 602 illis
799 562 961 616 optimis
993 560 1266 613 temporibus,
1309 575 1400 601 cum
1431 562 1638 601 hominem
1672 561 1857 600 invenire
1888 574 1961 600 ne-

215 636 338 676 quam
369 625 577 665 neminem
608 638 772 678 posses,
810 624 921 663 solus
961 628 1097 663 tamen
1136 623 1257 674 Frugi
1288 626 1580 663 nominaretur.
1628 623 1762 671 Quem
1795 636 1887 662 cum
1918 624 1959 662 in

214 686 449 726 contionem
480 687 687 726 Gracchus
718 688 855 726 vocari
886 686 1047 725 iuberet
1081 690 1121 723 et
1151 685 1282 723 viator
1312 693 1552 738 quaereret,
1585 699 1709 739 quem
1741 685 1959 724 Pisonem?

214 748 326 801 quod
358 754 472 788 erant
501 749 661 802 plures:
705 749 850 801 «cogis
882 762 970 795 me,
1013 747 1166 800 inquit,
1207 746 1344 787 (licere
1387 749 1596 787 inimicum
1630 762 1764 787 meum
1797 749 1956 799 Frugi.»

211 811 250 851 Is
290 812 413 864 igitur
450 813 532 858 vir,
575 825 698 865 quem
738 824 788 850 ne
824 810 1014 850 inimicus
1046 808 1215 862 quidem
1246 810 1344 849 satis
1376 810 1417 848 in
1449 810 1698 862 appellando
1730 807 1960 862 significare

162 884 198 913 4ο
212 879 392 927 poterat,
424 874 501 913 nisi
532 880 625 914 ante
657 873 890 920 laudasset3
923 873 993 925 qui
1027 886 1108 911 uuo
1131 871 1374 923 cognomine
1397 872 1702 917 declarabatur,
1734 885 1818 910 non
1839 870 1960 910 modo

212 936 304 988 quis
336 941 465 982 esset,
497 936 569 976 sed
601 936 724 975 etiam
755 935 888 988 qualis
920 939 1050 973 esset:
1082 939 1219 972 tamen
1250 934 1290 972 in
1321 933 1463 973 falsam
1495 940 1618 987 atque
1651 934 1834 986 iniquam
1866 945 1962 985 pro-

211 999 378 1038 brorum
399 998 748 1038 insimulationem
771 997 1005 1036 vocabatur.
1053 992 1118 1033 M).
1151 992 1248 1048 [aa]
1281 996 1334 1035 M.
1358 997 1551 1035 Fonteius
1579 997 1633 1035 ita
1657 996 1815 1035 duabus
1837 995 1962 1033 actio-

212 1061 333 1100 nibus
363 1064 576 1100 aceusatus
608 1064 688 1106 est,
722 1065 766 1099 ut
795 1059 1000 1098 obiectum
1031 1057 1133 1097 nihil
1166 1058 1237 1105 sit,
1269 1071 1351 1110 quo
1374 1057 1592 1111 significari
1616 1058 1834 1109 vestigium
1857 1056 1962 1095 lubi-

213 1122 342 1170 dinis,
372 1122 647 1176 petulantiae,
679 1121 957 1167 crudelitatis,
989 1120 1185 1160 audaciae
1215 1120 1361 1173 possit.
1407 1122 1497 1159 Non
1530 1121 1652 1159 modo
1685 1119 1840 1158 nullum
1864 1117 1962 1157 faci-

163 1195 200 1225 45
214 1198 291 1224 nus
331 1185 458 1224 huius
492 1184 775 1237 protulerunt,
816 1183 889 1223 sed
928 1196 979 1222 ne
1011 1182 1163 1222 dictum
1195 1182 1363 1235 quidem
1393 1183 1559 1235 aliquod
1591 1182 1960 1235 reprehenderunt.

212 1247 362 1286 XVIII.
396 1243 535 1301 [xm]
570 1245 691 1294 Quod
730 1246 762 1285 si
798 1251 874 1285 aut.
908 1250 1103 1298 quantam
1135 1245 1387 1284 voluntatem
1419 1244 1572 1284 habent
1601 1246 1651 1284 atl
1683 1245 1793 1283 hunc
1825 1242 1962 1295 oppri-

212 1309 407 1349 mendum
438 1313 506 1348 aut
537 1312 733 1362 quantam
764 1307 816 1347 ad
847 1307 1179 1347 maledicendum
1212 1307 1437 1354 licentiam,
1476 1313 1631 1346 tantum
1664 1306 1865 1345 haberent
1893 1307 1962 1343 aut

212 1370 263 1411 ad
304 1371 611 1410 ementiendum
653 1370 778 1409 animi
814 1375 885 1410 aut
915 1370 965 1409 ad
997 1368 1234 1422 lingendum
1266 1369 1446 1421 ingenii,
1485 1383 1565 1409 non
1598 1370 1767 1408 meliore
1797 1366 1963 1406 fortuna

213 1433 264 1473 ad
295 1433 444 1486 probra
473 1446 555 1472 non
586 1431 793 1472 audienda
825 1434 877 1473 M.
909 1433 1130 1479 Fonteius,
1167 1445 1290 1484 quam
1322 1432 1403 1479 illi,
1436 1432 1486 1469 (le
1519 1432 1669 1485 quibus
1701 1435 1823 1470 antea
1854 1441 1963 1468 com-

164 1507 200 1535 ‘20
215 1496 457 1544 memoravi,
488 1495 648 1534 fuisset.
690 1495 810 1547 Frugi
843 1495 965 1547 igitur
994 1494 1225 1540 hominem,
1262 1493 1441 1541 iudices,
1473 1494 1600 1546 frugi,
1634 1495 1822 1545 inquam,
1851 1498 1891 1530 et
1922 1492 1962 1529 in

216 1558 408 1598 omnibus
453 1558 560 1598 vitae
600 1557 783 1611 partibus
821 1556 1076 1596 moderatum
1117 1570 1162 1595 ac
1209 1561 1528 1609 temperantem,
1575 1557 1739 1609 plenum
1779 1553 1963 1607 pudoris,

215 1620 384 1674 plenum
416 1620 563 1667 officii,
594 1619 764 1672 plenum
796 1618 1028 1670 religionis,
1059 1619 1204 1658 videtis
1235 1619 1415 1671 positum
1446 1619 1486 1656 in
1510 1624 1645 1658 vestra
1676 1615 1754 1656 title
1776 1629 1821 1655 ac
1848 1622 1964 1669 pote-

215 1687 318 1722 state
350 1687 475 1736 atque
506 1683 586 1729 ita,
616 1686 661 1721 ut
692 1681 930 1720 commissus
962 1680 1016 1719 sit
1044 1678 1161 1727 fidei,
1193 1682 1419 1734 permissus
1450 1681 1657 1734 potestati.

328 1742 394 1784 4-1.
428 1741 525 1798 [ah]
559 1744 705 1785 Videte
734 1743 879 1795 igitur,
919 1748 1055 1783 utrum
1088 1743 1136 1782 sit
1168 1743 1340 1795 aequius
1371 1743 1582 1782 hominem
1611 1743 1963 1790 honestissimum,

166 1818 203 1847 ⁶25
216 1808 346 1847 virum
376 1807 666 1853 fortissimum,
699 1806 830 1845 civem
851 1805 1053 1858 optimum
1077 1804 1174 1844 dedi
1196 1805 1490 1844 inimicissimis
1512 1810 1635 1858 atque
1658 1805 1963 1844 immanissimis

216 1869 452 1909 nationibus
485 1882 537 1908 an
568 1869 683 1908 reddi
713 1867 869 1914 amicis,
900 1867 1141 1920 praesertim
1164 1880 1257 1907 cum
1285 1872 1343 1907 tot
1368 1881 1431 1907 res
1453 1868 1553 1915 sint,
1585 1881 1689 1921 quae
1713 1868 1855 1907 vestris
1876 1868 1965 1907 ani-

216 1933 292 1972 mis
330 1945 402 1985 pro
441 1931 566 1971 huius
604 1930 838 1969 innocentis
874 1929 1006 1969 salute
1037 1930 1292 1983 supplicent:
1330 1930 1514 1983 primum-
1539 1930 1700 1982 generis
1730 1929 1964 1983 antiquitas,

215 2008 340 2048 quam
371 1994 572 2041 Tusculo,
604 2006 656 2033 ex
687 1992 914 2032 clarissimo
936 1992 1156 2045 municipio
1187 1992 1434 2045 profectam,
1466 1993 1507 2031 in
1530 1992 1808 2032 monumentis
1830 2005 1965 2031 rerum

216 2062 422 2110 gestarum
462 2056 633 2095 incisam
663 2068 709 2094 ac
741 2060 922 2095 notatam
953 2054 1165 2094 videmus:
1207 2060 1288 2093 tum
1322 2060 1458 2094 autem
1491 2055 1705 2094 continuae
1737 2060 1965 2108 praeturae,

166 2130 202 2158 30
216 2133 320 2173 quae
362 2125 401 2159 et
441 2119 587 2158 ceteris
627 2117 879 2157 ornamentis
911 2121 949 2156 et
986 2117 1290 2156 existimatione
1320 2118 1579 2156 innocentiae
1612 2118 1787 2157 maxime
1819 2119 1968 2157 florue-

216 2187 335 2223 runt:
367 2181 519 2221 deinde
550 2194 693 2220 recens
723 2180 921 2218 memoria
952 2179 1154 2232 parentis,
1187 2179 1304 2218 cuius
1336 2180 1535 2231 sanguine
1566 2193 1648 2218 non
1681 2180 1813 2218 solum
1840 2181 1968 2219 Ascu-

216 2246 405 2285 lanorum
443 2256 608 2290 manus,
651 2256 674 2282 a
714 2255 795 2295 qua
838 2241 1077 2280 interfectus
1109 2245 1191 2288 est,
1232 2241 1304 2280 sed
1334 2246 1466 2280 totum
1498 2241 1599 2280 illud
1632 2242 1783 2281 sociale
1811 2243 1967 2282 bellum

217 2307 376 2348 macula
406 2306 572 2345 sceleris
603 2305 803 2344 imbutum
837 2308 922 2342 est:
955 2309 1164 2356 postremo
1196 2303 1287 2355 ipse
1319 2317 1410 2342 cum
1442 2304 1485 2342 in
1516 2305 1705 2343 omnibus
1735 2305 1843 2344 vitae
1874 2318 1967 2357 par-

218 2370 326 2409 tibus
365 2368 563 2408 honestus
604 2372 728 2418 atque
758 2366 937 2418 integer,
977 2370 1060 2404 tum
1093 2366 1134 2404 in
1164 2379 1207 2404 re
1238 2365 1400 2405 militari
1431 2380 1522 2405 cum
1554 2367 1701 2405 summi
1734 2367 1896 2406 consilii
1928 2370 1968 2406 et

167 2432 385 2473 35maximi
426 2431 571 2477 animi,
616 2435 701 2468 tum
740 2442 835 2468 vero
875 2442 953 2467 usu
993 2441 1161 2481 quoque
1199 2428 1398 2467 bellorum
1439 2428 1711 2480 gerendorum
1751 2429 1793 2467 in
1824 2429 1966 2481 primis

216 2509 359 2535 eorum
389 2494 624 2539 hominum,
657 2492 729 2544 qui
750 2504 859 2530 nunc
882 2495 996 2537 sunt,
1029 2490 1291 2529 exercitatus.
1352 2491 1463 2529 xlx.
1485 2488 1549 2529 [1³2.
1586 2489 1690 2543 [XV.
1712 2488 1793 2543 532]
1828 2491 1965 2538 Quare

217 2558 249 2597 si
282 2557 403 2596 etiam
434 2554 629 2595 monendi
661 2554 759 2593 estis
790 2567 812 2592 a
834 2567 922 2599 me,
954 2552 1134 2599 iudiceS,
1166 2552 1277 2606 quod
1300 2566 1384 2591 non
1407 2553 1528 2599 estis,
1559 2552 1801 2593 videm-hoc
1822 2554 1966 2593 leviter

216 2633 289 2673 pro
330 2631 422 2658 mea
457 2617 699 2656 auctoritate
738 2615 855 2656 vobis
891 2616 1127 2668 praecipere
1159 2629 1303 2667 posse,
1344 2621 1389 2654 ut.
1420 2629 1471 2654 ex
1503 2628 1550 2654 eo
1582 2628 1733 2667 genere
1763 2615 1965 2662 homines,

218 2695 393 2736 quorum
431 2679 595 2733 cognita
633 2680 785 2725 virtus,
827 2678 1050 2724 industria,
1091 2677 1265 2717 felicitas
1297 2678 1337 2716 in
1368 2691 1410 2716 re
1442 2677 1602 2716 militari
1635 2678 1706 2723 sit,
1746 2677 1967 2729 diligenter

168 2752 203 2782 40
219 2745 335 2785 vobis
366 2741 606 2783 retinendos
637 2740 896 2781 existimetis.
945 2740 1035 2779 Fuit
1067 2741 1175 2779 enim
1207 2741 1334 2779 maior
1366 2740 1505 2779 talium
1537 2740 1714 2779 virorum
1747 2740 1788 2778 in
1818 2739 1894 2778 hac
1922 2752 1966 2778 re

217 2806 383 2860 publica
413 2804 557 2857 copia:
588 2817 695 2857 quae
726 2817 816 2842 cum
840 2808 970 2849 esset,
1005 2808 1140 2842 tamen
1161 2816 1300 2842 eorum
1328 2815 1411 2841 non
1433 2802 1555 2841 modo
1578 2802 1722 2848 saluti,
1754 2802 1824 2840 sed
1844 2801 1965 2839 etiam

217 2868 367 2908 honori
399 2866 699 2907 consulebatur.
747 2865 857 2913 Quid
888 2878 998 2904 nunc
1029 2865 1144 2903 vobis
1175 2863 1410 2904 faciendum
1442 2869 1523 2911 est,
1554 2864 1701 2903 studiis
1723 2862 1966 2902 militaribus

306 3010 336 3040 4.
362 3017 402 3040 ac
420 3008 588 3039 libidinum
612 3008 777 3039 Faernus:
808 3008 852 3038 ad
875 3007 1047 3038 lubidinem
1063 3007 1088 3037 V
1103 3007 1123 3037 S
1150 3005 1221 3045 (sed
1240 3005 1260 3036 S
1277 3004 1355 3043 lib).
1377 3023 1410 3026 -
1437 3009 1527 3036 caslat
1545 3006 1616 3036 VS.
1646 3023 1679 3026 —
1707 3005 1736 3034 5.
1764 3004 1902 3043 oplzmzis
1925 3003 1964 3034 V.

224 3078 253 3081 —-
282 3060 313 3091 7.
339 3059 519 3090 contionem
540 3059 620 3089 YS:
656 3059 839 3088 concionem
863 3058 899 3087 O.
927 3075 961 3078 —
989 3061 1017 3088 et
1040 3060 1139 3087 valor
1161 3057 1199 3087 V.
1228 3073 1261 3076 —
1301 3055 1351 3086 113.
1377 3058 1411 3085 v!
1435 3055 1462 3085 ci
1487 3055 1641 3086 obiectum
1666 3053 1784 3085 Lauib.
1811 3063 1906 3094 susp.
1928 3070 1963 3075 —

221 3110 271 3141 47.
298 3113 357 3140 aut
379 3110 422 3140 acl
445 3108 677 3140 ementiendum
694 3108 732 3138 S:
760 3111 818 3138 auc
840 3107 1079 3138 emendandum
1095 3107 1134 3137 Υ.
1155 3124 1189 3128 —
1214 3104 1289 3145 ozon]
1314 3114 1399 3135 nunc
1423 3106 1455 3135 S.
1481 3123 1515 3127 —-
1544 3106 1594 3136 49.
1621 3104 1785 3135 audienda
1809 3105 1854 3135 M.
1880 3104 1967 3135 scri-

220 3160 292 3199 psi:
317 3159 514 3190 audiendam
528 3158 568 3195 V,
594 3158 758 3189 audienda
781 3158 852 3188 St).
878 3174 911 3178 —
939 3157 991 3187 ⁶20.
1016 3156 1150 3196 fuissent
1173 3156 1205 3186 S.
1234 3172 1268 3176 ἡ
1294 3154 1346 3185 21.
1369 3155 1416 3193 pl.
1441 3154 1554 3193 pum-is
1569 3154 1607 3185 V.
1629 3171 1662 3174 —
1690 3152 1741 3184 25.
1766 3153 1878 3194 ridete]
1902 3154 1968 3204 uite

222 3227 260 3257 V.
291 3245 324 3249 —
350 3227 402 3258 ⁶37.
427 3226 604 3266 supplicent
628 3227 670 3255 S:
702 3225 878 3264 supplicem
900 3225 939 3255 V.
962 3243 996 3246 —
1023 3224 1074 3255 30.
1100 3223 1269 3255 maximae
1284 3222 1323 3253 V.
1353 3238 1386 3244 -
1414 3223 1466 3253 135.
1494 3222 1651 3262 imprimis
1674 3223 1706 3251 S.
1734 3239 1767 3242 —
1795 3221 1846 3252 37.
1873 3230 1894 3252 α
1916 3230 1967 3253 mo

221 3277 340 3307 matoes
363 3286 430 3308 om,
451 3279 471 3307 S
495 3278 529 3308 et
552 3275 658 3307 habet
681 3275 806 3307 deinde
830 3276 950 3306 iudices
975 3283 1036 3315 pro
1059 3274 1181 3304 videor.
1202 3290 1235 3293 ——
1263 3272 1376 3303 leniter
1392 3271 1497 3303 Klotz,
1519 3289 1554 3294 -
1581 3271 1632 3302 38.
1652 3279 1723 3302 mea
1741 3272 1776 3301 S:
1802 3280 1852 3303 me
1867 3271 1907 3302 V.
1928 3288 1962 3292 -

223 3325 276 3358 40.
303 3326 396 3368 enim]
422 3326 498 3358 olim
520 3326 715 3367 suspicatur
737 3325 998 3357 Mommsenius.
1027 3342 1060 3346 —
1087 3323 1140 3355 41.
1165 3323 1279 3354 salutis
1300 3322 1338 3354 V.
