2127 3708
659 214 752 254 Cu».
783 213 1064 255 XIV—XVI.
1103 211 1176 266 §§·
1207 210 1401 254 37—46.
1845 205 1890 251 4¹

158 333 271 368 tanta
301 326 402 366 vitia
430 326 586 366 fuerint
614 326 655 364 in
687 326 812 364 unico
843 322 955 372 filio,
988 339 1117 380 quare
1148 326 1182 365 is
1212 325 1319 378 patri
1350 324 1601 377 displiceret.
1658 326 1711 365 At
1739 324 1898 378 perspi·

159 405 282 430 cuum
313 395 376 430 est
404 389 562 429 nullum
593 388 737 428 fuisse.
783 389 902 428 Pater
922 388 1048 440 igitur
1068 401 1229 435 amens,
1262 387 1333 440 qui
1356 387 1513 426 odisset
1533 400 1626 426 eum
1650 388 1738 426 sine
1761 399 1898 433 causa,

159 467 282 506 quem
326 452 593 505 procrearat?
651 451 704 490 At
742 451 775 490 is
817 450 985 504 quidem
1023 450 1101 489 fuit
1141 450 1325 489 omnium
1357 449 1731 488 constantissimus.
1789 449 1898 499 Ergo

159 516 263 556 illud
293 517 373 555 iam
403 513 669 566 perspicuum
702 512 889 565 profecto
921 518 1004 560 est,
1043 513 1076 552 si
1108 526 1245 566 neque
1275 525 1417 551 amens
1447 516 1565 564 pater
1593 524 1730 565 neque
1761 510 1900 563 perdi-

159 584 224 619 tus
268 576 376 617 filius
419 576 565 622 fuerit,
609 589 746 629 neque
781 576 866 615 odii
907 588 1073 615 causam
1112 576 1218 627 patri
1262 587 1399 627 neque
1440 573 1608 613 sceleris
1639 572 1723 613 filio
1754 574 1897 613 fuisse.
1931 586 1949 615 5

157 641 246 680 XV.
277 637 342 678 42.
372 639 542 685 Nescio,
574 638 732 691 inquit,
765 651 871 691 quae
903 650 1027 677 causa
1058 637 1142 676 odii
1174 637 1320 676 suerit:
1364 635 1492 675 fuisse
1525 636 1668 675 odium
1697 635 1899 687 intelligo,

158 703 255 757 quia
285 706 426 749 antea,
467 714 559 740 cum
591 701 696 739 duos
729 698 836 739 filios
866 700 1056 747 haberet,
1097 699 1215 738 illum
1255 699 1452 745 alterum,
1493 697 1564 752 qui
1596 702 1784 737 mortuus
1816 702 1899 744 est,

157 777 297 805 secum
338 764 449 803 omni
490 769 676 815 tempore
718 763 884 802 volebat
920 775 1029 809 esse,
1074 762 1184 802 hunc
1216 762 1258 801 in
1298 761 1468 814 praedia
1498 760 1653 800 rustica
1684 759 1900 811 relegarat.

157 826 280 875 Quod
318 826 470 865 Erucio
515 825 730 865 accidebat
769 826 811 864 in
852 826 959 865 mala
989 825 1293 879 nugatoriaque
1323 823 1614 870 accusatione,
1659 822 1770 862 idem
1801 821 1901 860 mihi

154 903 233 930 usu
262 889 378 928 venit
407 888 449 927 in
481 901 605 927 causa
636 888 807 940 optima.
866 888 962 935 Ille,
1004 888 1215 941 quomodo
1248 888 1404 927 crimen
1435 884 1772 926 commenticium
1803 896 1950 926 con-40

153 949 350 997 firmaret,
396 963 481 990 non
519 950 780 990 inveniebat:
822 964 918 1003 ego,
964 964 1029 990 res
1060 955 1143 989 tani
1174 951 1284 990 leves
1316 963 1399 1004 qua
1429 949 1590 989 ratione
1620 945 1823 988 infirmem
1855 959 1902 986 ac

153 1014 334 1059 diluam,
364 1013 545 1066 reperire
576 1026 661 1052 non
690 1026 876 1066 possum.
936 1010 1001 1052 43.
1035 1013 1144 1062 Quid
1176 1013 1258 1060 ais,
1290 1012 1445 1053 Eruci?
1490 1013 1569 1051 Tot
1598 1009 1788 1064 praedia,
1819 1014 1902 1049 tam

152 1076 346 1129 pulchra,
386 1080 469 1115 tam
508 1075 721 1115 fructuosa
762 1076 856 1115 Sex.
888 1075 1063 1116 Roscius
1102 1073 1187 1115 filio
1221 1089 1295 1115 suo
1328 1074 1596 1127 relegationis
1627 1087 1674 1113 ac
1705 1071 1903 1125 supplicii

153 1138 284 1192 gratia
314 1138 486 1177 colenda
517 1151 564 1177 ac
595 1138 749 1177 tuenda
780 1138 1039 1178 tradiderat?
1100 1137 1243 1186 Quid?
1282 1139 1362 1178 hoc
1400 1142 1539 1190 patres
1584 1136 1786 1182 familias,
1830 1133 1900 1187 qui

153 1201 307 1241 liberos
336 1200 508 1247 habent,
539 1201 782 1253 praesertim
811 1200 1003 1240 homines
1034 1200 1147 1239 illius
1179 1200 1362 1248 ordinis,
1395 1214 1447 1239 ex
1467 1199 1706 1252 municipiis
1728 1198 1952 1238 rustica-45

153 1264 240 1310 nis,
281 1276 420 1302 nonne
451 1263 757 1315 optatissimum
789 1263 867 1302 sibi
897 1268 1047 1315 putant
1077 1276 1191 1310 esse,
1232 1261 1340 1303 filios
1371 1276 1470 1303 suos
1502 1262 1561 1302 rei
1591 1260 1786 1301 familiari
1817 1273 1903 1300 ma-

152 1327 262 1367 xime
293 1325 446 1365 servire
477 1330 518 1364 et
559 1326 602 1364 in
633 1324 815 1377 praediis
848 1325 1034 1365 colendis
1066 1338 1218 1378 operae
1249 1326 1478 1379 plurimum
1510 1325 1721 1378 studiique
1753 1336 1902 1362 consu-

152 1389 298 1427 mere?
356 1384 422 1426 44.
459 1387 521 1426 An
559 1387 800 1427 amandarat
834 1387 946 1427 hunc
983 1388 1063 1435 sic,
1105 1393 1151 1427 ut
1182 1393 1292 1428 esset
1330 1388 1373 1427 in
1403 1401 1502 1441 agro
1534 1401 1580 1427 ac
1611 1384 1900 1426 tantummodo

152 1451 332 1490 aleretur
367 1450 418 1489 ad
455 1449 625 1489 villam?
669 1454 715 1489 ut
754 1450 983 1490 commodis
1024 1451 1216 1490 omnibus
1249 1451 1435 1489 careret?
1487 1449 1629 1498 Quid?
1674 1448 1708 1487 si
1740 1450 1903 1486 constat

150 1512 261 1552 hunc
290 1525 375 1552 non
404 1512 529 1552 modo
561 1512 747 1552 colendis
779 1513 958 1565 praediis
979 1513 1235 1565 praefuisse,
1268 1513 1340 1552 sed
1362 1512 1483 1552 certis
1504 1512 1646 1551 fundis
1666 1515 1782 1565 patre
1803 1509 1898 1549 vivo
1913 1518 1950 1549 20

151 1574 233 1614 frui
264 1575 433 1615 solitum
463 1588 576 1621 esse,
606 1579 800 1614 tamenne
827 1575 930 1614 haec
951 1588 974 1614 a
1000 1581 1039 1615 te
1060 1576 1144 1615 vita
1164 1576 1374 1615 rusticana
1394 1575 1592 1627 relegatio
1614 1579 1739 1627 atque
1760 1586 1902 1613 aman-

153 1638 264 1679 datio
295 1637 607 1691 appellabitur?
668 1637 815 1685 Vides,
848 1638 995 1685 Eruci,
1027 1644 1229 1692 quantum
1260 1637 1384 1677 distet
1414 1637 1716 1690 argumentatio
1748 1641 1819 1675 tua
1849 1635 1899 1675 ab

152 1714 194 1741 re
225 1701 315 1753 ipsa
344 1705 468 1753 atque
499 1713 523 1739 a
551 1700 736 1740 veritate.
797 1700 922 1749 Quod
960 1701 1263 1740 consuetudine
1302 1705 1440 1754 patres
1478 1700 1660 1748 faciunt,
1707 1698 1749 1738 id
1781 1697 1901 1752 quasi

152 1775 306 1802 novum
342 1761 636 1813 reprehendis;
678 1762 791 1815 quod
829 1763 1120 1803 benevolentia
1149 1761 1214 1810 fit,
1255 1763 1297 1802 id
1329 1763 1427 1803 odio
1457 1763 1613 1803 factum
1646 1761 1900 1808 criminaris;

154 1823 267 1877 quod
305 1823 478 1862 honoris
520 1836 643 1862 causa
681 1829 799 1876 pater
838 1822 924 1864 filio
965 1838 1040 1864 suo
1074 1826 1300 1873 concessit,
1349 1825 1391 1864 id
1422 1839 1516 1865 eum
1547 1825 1744 1879 supplicii
1776 1830 1950 1865 causa25

153 1885 301 1925 fecisse
331 1885 447 1924 dicis.
506 1883 571 1924 45.
602 1887 748 1939 Neque
777 1886 881 1926 haec
910 1892 955 1926 tu
984 1901 1069 1927 non
1099 1888 1317 1940 intelligis,
1351 1888 1425 1928 sed
1454 1902 1589 1941 usque
1621 1901 1670 1928 eo
1694 1888 1807 1941 quod
1837 1900 1901 1927 ar-

154 1959 256 1999 guas
285 1960 369 1987 non
398 1947 548 1994 habes,
593 1953 641 1987 ut
670 1961 754 1987 non
785 1949 908 1988 modo
940 1949 1014 1988 tibi
1047 1954 1192 1989 contra
1220 1963 1296 1989 nos
1328 1950 1552 1990 dicendum
1581 1955 1724 2002 putes,
1755 1963 1900 1990 verum

154 2008 276 2049 etiam
307 2014 449 2049 contra
479 2023 615 2049 rerum
646 2015 835 2050 naturam
866 2016 1095 2065 contraque
1127 2012 1474 2052 consuetudinem
1498 2013 1716 2052 hominum
1738 2016 1901 2052 contra-

153 2084 234 2125 que
266 2072 487 2124 opiniones
519 2073 716 2112 omnium.

262 2134 370 2173 XVI.
401 2135 453 2173 At
482 2135 615 2182 enim,
648 2149 742 2174 cum
773 2136 877 2174 duos
908 2133 1014 2175 filios
1044 2136 1238 2185 haberet,
1271 2138 1446 2179 alterum
1478 2151 1501 2178 a
1531 2151 1574 2177 se
1604 2151 1689 2178 non
1719 2137 1899 2178 dimitte—
1912 2143 1949 2174 30

149 2195 242 2242 hat,
272 2196 448 2235 alterum
476 2197 561 2235 ruri
584 2210 674 2236 esse
705 2197 952 2250 patiebatur.
999 2198 1190 2246 Quaeso,
1222 2200 1367 2248 Eruci,
1398 2206 1445 2240 ut
1465 2200 1545 2240 hoc
1569 2200 1611 2240 in
1632 2201 1785 2240 bonam
1806 2213 1900 2253 par-

150 2263 231 2298 tem
261 2258 465 2311 accipias3
497 2272 581 2298 non
613 2260 723 2298 enim
755 2260 1034 2312 exprobrandi
1066 2273 1212 2310 causa,
1245 2262 1320 2302 sed
1351 2263 1644 2303 commonendi
1677 2263 1808 2316 gratia
1839 2262 1900 2301 di-

150 2333 251 2360 cam.
308 2317 375 2359 46.
417 2320 459 2360 Si
490 2321 563 2361 tibi
592 2321 761 2361 fortuna
790 2335 875 2362 non
906 2322 1039 2370 dedit,
1085 2328 1132 2363 ut
1160 2329 1277 2376 patre
1310 2330 1422 2365 certo
1453 2338 1691 2373 nascerere,
1730 2337 1783 2364 ex
1814 2336 1898 2379 quo

236 2487 264 2518 1.
289 2486 422 2527 fuerunt
445 2488 480 2519 G.
510 2505 545 2509 —
571 2487 616 2528 al]
640 2497 680 2519 ac
704 2489 740 2519 G.
769 2506 804 2511 —
831 2488 862 2519 3.
885 2494 1120 2528 procreaverat
1135 2500 1167 2522 V.
1189 2509 1224 2514 —
1251 2491 1283 2523 4.
1309 2495 1355 2523 est
1378 2501 1446 2524 om.
1475 2493 1512 2524 G.
1540 2510 1576 2515 —
1598 2494 1744 2534 perfidus
1766 2493 1840 2525 HS.
1859 2510 1895 2516 ——

149 2538 180 2568 5.
204 2537 266 2577 fuit
288 2542 333 2577 ψ.
355 2555 391 2559 —
416 2536 447 2568 8.
472 2537 677 2578 relegaverat
699 2547 740 2576 vg
767 2538 923 2579 relegavit
948 2541 983 2570 G.
1006 2559 1040 2563 —
1068 2540 1098 2571 9.
1125 2541 1158 2571 in
1180 2550 1305 2582 magna
1328 2543 1365 2573 G.
1387 2560 1422 2564 ——
1448 2551 1510 2573 usu
1530 2543 1609 2573 mihi
1626 2552 1659 2574 v.
1680 2561 1716 2565 —
1742 2543 1793 2575 10.
1813 2552 1899 2574 com-

146 2586 327 2618 mentitium
349 2587 488 2618 Mvac.
512 2605 543 2610 —-
572 2588 623 2619 11.
651 2596 717 2626 qua
741 2589 888 2620 oratione
904 2590 1012 2627 GMe,
1038 2598 1103 2621 va.
1126 2609 1160 2613 —
1189 2592 1240 2622 42.
1268 2592 1346 2631 quid
1369 2593 1441 2632 aqis
1455 2601 1490 2624 Υ.
1511 2609 1546 2614 -
1574 2593 1625 2624 13.
1649 2593 1716 2634 filio
1739 2602 1796 2624 suo
1826 2602 1894 2625 om.

148 2636 223 2672 CS;
248 2644 306 2667 suo
329 2644 396 2668 om.
423 2637 463 2668 H.
493 2655 528 2659 —
554 2636 604 2668 14.
632 2646 672 2668 ac
696 2638 826 2679 tuenda]
851 2643 880 2670 et
903 2641 1068 2671 servanda
1083 2641 1265 2681 Agroetius
1289 2651 1322 2682 p.
1340 2642 1424 2673 2270
1444 2643 1478 2673 P.
1507 2660 1544 2665 -
1571 2642 1674 2682 quid?
1697 2642 1755 2673 hoc
1773 2642 1823 2683 p.]
1849 2643 1898 2674 sic

146 2686 258 2718 Madv.
282 2687 514 2728 interpunxit:
540 2687 617 2726 quid
640 2687 697 2718 hoc
710 2687 727 2718 ἱ)
753 2688 866 2719 Patres
886 2689 966 2729 fam.
985 2689 1100 2730 vulgo.
1129 2707 1164 2712 —
1187 2695 1304 2731 patres
1324 2691 1471 2732 familias
1493 2693 1568 2731 Lv,
1595 2693 1686 2724 Crat.
1707 2701 1827 2732 margo
1852 2693 1894 2732 (v.

146 2736 176 2777 S.
202 2735 288 2776 48.):
318 2746 352 2776 p.
385 2737 532 2777 familiae
563 2736 664 2768 codd.
693 2739 782 2776 noti,
815 2740 852 2770 ut
882 2741 936 2770 est
960 2739 990 2779 g.
1018 2741 1090 2771 2120.
1119 2757 1154 2763 —
1188 2742 1240 2774 18.
1268 2742 1322 2783 an]
1356 2751 1395 2773 ac
1419 2743 1455 2773 G.
1485 2760 1520 2765 —-
1547 2743 1743 2774 emandarat
1765 2743 1830 2774 ΜΞ.
1860 2760 1894 2764 -

145 2785 195 2826 ac]
220 2789 255 2817 ut
279 2787 315 2817 G.
345 2804 380 2808 —
407 2787 457 2818 19.
483 2790 520 2818 ut
541 2788 671 2829 comm]
702 2791 731 2819 et
752 2797 867 2819 comm.
894 2789 1030 2820 Hotom.
1061 2808 1095 2812 -
1129 2791 1233 2830 quid?
1262 2792 1301 2831 si]
1331 2792 1443 2831 quodsi
1475 2792 1554 2824 Sch.
1584 2810 1619 2814 —
1645 2793 1697 2824 621.
1723 2793 1802 2824 haec
1825 2802 1846 2824 a
1869 2797 1899 2825 le

142 2835 212 2866 vita
232 2835 403 2866 rusticana
423 2835 497 2877 rel.]
522 2836 572 2868 sic
589 2838 711 2878 scripsi
730 2847 772 2869 ex
788 2839 940 2877 vestigiis
958 2838 1117 2871 codicum
1134 2849 1140 2870 :
1165 2841 1243 2872 haec
1261 2850 1282 2872 a
1298 2845 1326 2873 te
1341 2842 1411 2873 vila
1426 2845 1550 2873 etrusc.
1569 2842 1627 2873 rel.
1647 2843 1679 2874 M
1693 2851 1730 2880 a,
1756 2844 1832 2874 Par.
1848 2843 1895 2881 9.;

143 2885 221 2916 haec
247 2888 365 2916 attente
392 2885 462 2917 vica
484 2889 514 2917 et
534 2890 616 2918 rust.
644 2896 672 2918 r.
700 2888 777 2926 Gv,
812 2888 830 2918 6
855 2888 952 2926 Oxx.‚
990 2889 1036 2920 St.
1061 2889 1164 2928 vict„
1191 2890 1259 2922 Pal.
1287 2892 1316 2922 1.
1345 2891 1389 2929 3.,
1415 2893 1492 2923 Par.
1519 2892 1549 2923 1.
1574 2891 1628 2927 4.;
1664 2892 1742 2923 haec
1772 2895 1897 2924 atlenta

141 2934 211 2965 vila
233 2937 262 2966 et
283 2937 365 2966 rust.
389 2944 419 2966 r.
444 2934 546 2975 vulgo
571 2938 605 2967 et
629 2937 670 2974 03
702 2937 780 2968 haec
804 2945 825 2967 α
848 2940 877 2968 le
900 2941 1025 2969 attenta
1047 2939 1117 2970 vita
1142 2943 1172 2970 et
1194 2943 1276 2971 rust.
1302 2941 1361 2972 rel.
1390 2942 1502 2972 Garat.
1522 2949 1637 2982 susp.;
1668 2941 1746 2972 haec
1771 2945 1896 2974 attenta

140 2985 209 3015 vila
237 2993 259 3015 a
288 2987 317 3015 te
345 2987 427 3016 rusi.
457 2985 515 3015 rel.
543 2985 632 3017 coni.
659 2986 696 3017 Ο.
723 2987 766 3017 Μ.
793 2985 978 3019 Muellerus
1013 2986 1199 3028 (Schulzeit.
1227 2990 1321 3022 1830.
1348 2999 1381 3031 p.
1409 2990 1509 3030 374.).
1559 2990 1657 3028 Quod
1689 3000 1753 3031 ego
1776 2993 1893 3033 posui,

141 3036 327 3074 propterea
360 3033 525 3075 praetuli,
563 3034 656 3075 quod
691 3039 815 3067 amenta
848 3037 880 3067 in
911 3035 1003 3068 nullo
1038 3038 1114 3070 cod.
1142 3039 1323 3071 inventum
1348 3041 1412 3071 est.
1448 3041 1521 3072 Nec
1544 3042 1895 3081 praetermittendum

142 3083 212 3122 est,
238 3083 379 3116 inferius
403 3083 456 3115 bis
479 3083 544 3124 legi
570 3084 622 3125 gg.
647 3083 699 3116 48.
726 3085 777 3117 75.
805 3086 928 3116 rustica
950 3087 1038 3126 vita,
1065 3097 1135 3120 non
1160 3090 1332 3120 rusticana
1354 3099 1384 3120 v.
1423 3090 1473 3122 Cf.
1501 3091 1604 3122 etiam
1629 3091 1659 3131 g.
1678 3091 1730 3123 46.
1751 3095 1837 3124 extr.
1856 3111 1889 3116 —

142 3133 327 3164 emundatio
350 3134 452 3165 GMP..
482 3151 516 3156 —
550 3134 602 3165 93.
635 3138 734 3173 atque
760 3136 898 3167 veritate
921 3137 1043 3176 GMV,
1080 3137 1157 3170 fort.
1184 3141 1291 3170 recte.
1321 3155 1355 3161 —-
1393 3138 1446 3171 ⁶24.
1474 3139 1687 3172 benivolentia
1711 3142 1781 3173 GM
1793 3151 1826 3173 v.
1855 3160 1891 3164 —-

140 3182 192 3213 25.
218 3191 276 3214 suo
296 3183 363 3224 filio
385 3192 426 3219 νς
453 3182 580 3215 delevit
602 3194 660 3216 suo
683 3185 836 3225 Madvig:
863 3194 896 3216 V.
916 3186 1041 3226 Opusc.
1060 3188 1085 3218 I.
1111 3197 1144 3229 p.
1167 3188 1239 3220 114.
1262 3207 1296 3211 -
1329 3190 1381 3221 ⁶26.
1409 3191 1494 3229 quod
1517 3199 1641 3230 arquos
1664 3191 1689 3222 R
1704 3191 1780 3230 LV,
1806 3192 1887 3223 Ern.

141 3232 250 3263 coni.:
283 3233 361 3270 quid
389 3242 515 3274 arguas
545 3235 728 3266 GMOac.
771 3235 819 3267 Cf.
847 3235 1089 3277 Wesenbergii
1119 3239 1253 3270 Emend.
1281 3239 1345 3271 Cic.
1371 3240 1461 3279 epist.
1492 3249 1526 3280 p.
1554 3239 1604 3271 54.
1634 3257 1671 3263 -
1696 3241 1749 3272 ⁶28.
1776 3245 1893 3273 contra

141 3282 400 3313 consuetudinem
423 3282 458 3317 Β.
487 3299 522 3305 -
550 3283 601 3315 30.
625 3293 647 3315 α
669 3293 700 3315 se
724 3293 793 3316 om.
819 3293 851 3316 V.
881 3301 915 3306 -
943 3284 995 3316 31.
1021 3295 1100 3318 rure
1123 3296 1155 3319 v.
1184 3307 1218 3310 —
1245 3288 1297 3321 3¹2.
1324 3289 1409 3322 enim
1433 3298 1501 3322 om.
1525 3291 1561 3323 G.
1584 3307 1618 3312 -
1645 3289 1696 3322 33.
1723 3291 1750 3323 si
1773 3308 1822 3315 --
1840 3292 1892 3325 de-

141 3329 197 3372 dit]
221 3331 335 3363 etenim
357 3333 384 3363 si
407 3332 463 3364 tibi
485 3336 609 3365 natura
631 3335 786 3366 concessit
807 3334 886 3366 Sch.
917 3350 951 3357 —
978 3338 1063 3368 certe
1086 3338 1123 3368 G.
