2127 3708
209 219 261 262 72
375 216 574 260 ORATIO
605 215 707 258 PRO
740 216 856 257 SEX.
876 214 1070 256 ROSCIO
1101 214 1340 256 AMERINO
1374 214 1470 256 (ΠΛΡ.
1490 214 1593 254 LIII.
1623 212 1666 267 §-
1689 211 1782 255 454.

209 331 388 378 namini,
419 330 576 378 videte,
606 342 682 383 per
711 328 812 368 deos
842 328 1116 376 immortales,
1148 341 1272 381 quem
1300 328 1342 367 in
1363 327 1501 368 locum
1521 340 1607 367 rem
1628 326 1836 380 publicam
1856 341 1950 382 per-

209 399 427 434 venturam
458 392 624 444 putetis.

322 451 415 493 454.
452 454 654 493 Homines
692 452 900 504 sapientes
939 455 980 490 et
1016 451 1095 491 ista
1135 451 1376 491 auctoritate
1419 455 1459 490 et
1487 455 1688 504 potestate
1718 451 1949 505 praeditos,

211 530 294 571 qua
322 529 398 556 vos
430 516 550 563 estis,
583 529 634 555 ex
665 514 815 568 quibus
846 513 968 552 rebus
1000 513 1177 552 maxime
1208 525 1274 552 res
1304 513 1470 565 publica
1491 513 1667 560 laborat,
1698 513 1749 553 iis
1771 515 1950 556 maxime

178 579 367 619 smederi
399 578 606 618 convenit.
648 578 839 616 Vestrum
869 587 990 614 nemo
1023 580 1085 614 est
1110 575 1211 627 quin
1233 574 1455 627 intelligat,
1487 575 1688 628 populum
1708 575 1951 625 Romanum,

210 641 283 694 qui
314 640 523 694 quondam
556 640 597 679 in
627 639 769 679 hostes
799 636 1036 675 lenissimus
1058 636 1390 684 existimabatur,
1419 637 1499 676 hoc
1520 644 1703 690 tempore
1726 638 1953 678 domestica

210 702 453 742 crudelitate
484 702 684 741 laborare.
744 700 859 739 Hane
890 698 1025 737 tollite
1057 712 1108 737 ex
1139 698 1324 745 civitate,
1365 699 1544 746 iudices,
1574 700 1678 739 hanc
1709 700 1793 752 pati
1824 700 1952 740 nolite

212 764 366 804 diutius
398 765 440 803 in
470 764 547 803 hac
578 776 620 802 re
652 762 818 815 publica
847 760 1029 807 versari3
1065 774 1170 814 quae
1201 773 1284 799 non
1315 760 1438 799 modo
1470 761 1510 799 id
1540 762 1663 801 habet
1694 762 1734 801 in
1767 777 1809 802 se
1841 763 1952 812 mali,

212 827 324 880 quod
364 832 423 866 tot
464 826 573 865 cives
615 824 871 864 atrocissime
907 823 1091 870 sustulit,
1131 835 1275 862 verum
1307 823 1429 862 etiam
1459 822 1696 864 hominibus
1728 825 1952 865 lenissimis

163 899 198 929 ⁴0
212 889 366 928 ademit
396 887 722 927 misericordiam
754 885 1053 925 consuetudine
1084 884 1454 925 incommodorum.
1505 887 1607 925 Nam
1638 901 1729 926 cum
1761 887 1952 926 omnibus

211 951 326 991 horis
359 950 517 1003 aliquid
548 948 741 989 atrociter
771 945 858 986 fieri
888 947 1075 987 videmus
1107 953 1177 986 aut
1206 947 1419 995 audimus,
1450 948 1571 987 etiam
1605 949 1676 1002 qui
1706 954 1853 989 natura
1877 949 1952 988 mi-

210 1012 359 1052 tissimi
404 1025 568 1058 sumus,
614 1009 853 1050 assiduitate
894 1009 1174 1050 molestiarum
1212 1022 1379 1049 sensum
1411 1022 1574 1049 omnem
1604 1011 1869 1051 humanitatis
1900 1024 1952 1050 ex

211 1074 359 1114 animis
390 1074 630 1113 amittimus.

298 1221 328 1252 4.
365 1221 574 1252 deventuram
597 1229 693 1262 susp.
713 1220 832 1252 Lamb.
857 1238 892 1243 —
918 1220 948 1251 3.
979 1220 1230 1259 sapientissimos
1252 1221 1352 1251 Arus.
1379 1220 1480 1251 Mess.
1507 1229 1540 1261 p.
1559 1219 1621 1252 ς246
1646 1220 1742 1253 Lind.
1764 1237 1798 1243 —
1826 1225 1855 1253 et
1876 1221 1950 1263 ista]

212 1279 281 1302 om.
307 1274 335 1302 et
360 1272 396 1302 G.
426 1288 460 1292 —
487 1272 517 1302 5.
552 1271 640 1312 quin]
674 1271 728 1310 qui
759 1271 828 1302 Gv.
857 1288 891 1292 —
923 1270 953 1301 6.
986 1269 1082 1300 hostis
1105 1271 1220 1301 GMv.
1242 1287 1275 1291 —
1303 1269 1480 1301 leuissimus
1504 1271 1573 1301 Gv.
1603 1288 1636 1292 —
1663 1270 1693 1301 9.
1720 1270 1830 1312 etiam]
1855 1270 1952 1302 etiam

211 1321 297 1361 quod
319 1321 362 1359 L;
390 1320 454 1352 sed
477 1320 592 1352 firmat
614 1319 704 1360 vulg.
730 1320 808 1351 Seh.
837 1337 871 1344 —-
899 1320 950 1351 ΔΞ.
977 1327 1019 1350 ea:
1042 1319 1160 1350 animis
1183 1328 1252 1351 om.
1279 1320 1397 1351 Franc.
1427 1337 1461 1342 —
1488 1320 1539 1351 43.
1565 1320 1748 1351 amittemus
1771 1329 1806 1358 χ.
