2143 3713
225 188 306 230 5:50
745 190 942 231 ORATIO
972 191 1076 232 PRO
1105 192 1153 232 A.
1185 192 1446 235 CLUENTIO

336 303 568 342 Acer-vatim
606 303 686 344 iam
726 303 909 356 reliqua,
950 303 1127 351 iudices,
1169 303 1319 352 dicam,
1366 311 1412 346 ut
1441 306 1491 346 ad
1525 320 1597 353 ea,
1643 321 1750 360 quae
1779 311 1969 364 propiora

224 365 398 404 huiusce
430 377 579 404 causae
611 370 651 405 et
679 365 939 405 adiunctiora
969 370 1082 413 sunt,
1122 367 1373 418 perveniam.
1419 370 1526 415 Vos,
1559 382 1735 422 quaeso,
1773 372 1969 412 memoria

225 427 417 473 teneatis,
458 438 542 465 non
581 426 680 467 mihi
710 427 789 466 hoc
821 440 910 466 esse
950 428 1232 480 propositum,
1271 434 1316 468 ut
1346 444 1534 470 accusem
1566 430 1834 484 Oppianicum
1865 447 1971 473 mor-

224 494 358 534 tuum,
397 487 470 527 sed
501 502 592 529 cum
621 489 702 529 hoc
732 489 984 542 persuadere
1015 489 1131 528 vobis
1163 489 1307 537 velim,
1348 492 1544 532 iudicium
1579 492 1627 532 ab
1657 492 1737 532 hoc
1766 506 1849 533 non
1881 508 1971 535 esse

193 558 211 585 5
226 554 482 603 corruptum,
512 550 592 590 hoc
621 551 680 590 uti
711 551 828 591 initio
860 564 906 590 ac
936 550 1204 591 fundamento
1225 551 1502 601 defensionis,
1535 554 1810 608 Oppianicum
1840 556 1972 596 homi-

226 625 319 651 nem
349 612 712 652 sceleratissimum
750 618 789 652 et
828 613 1168 652 nocentissimum
1200 627 1289 653 esse
1321 615 1577 656 damnatum:
1624 617 1694 668 qui
1724 617 1844 657 uxori
1875 631 1973 658 suae

227 673 460 721 Cluentiae,
507 687 612 727 quac
653 675 776 714 amita
815 674 935 714 huius
976 674 1114 714 Habiti
1151 674 1248 722 fuit,
1296 690 1387 716 cum
1429 679 1514 730 ipse
1544 678 1739 731 poculum
1770 679 1972 727 dedisset,

226 735 361 775 subito
401 735 471 776 illa
508 737 550 776 in
581 736 717 775 media
747 737 915 788 potione
948 737 1212 784 exclamavit,
1256 751 1299 778 se
1329 741 1506 779 maximo
1539 754 1630 779 cum
1661 740 1802 780 dolore
1833 743 1974 788 emori,

224 811 300 837 nec
331 797 484 837 diutius
514 798 641 844 vixit,
674 811 795 850 quam
828 798 964 838 locuta
995 804 1076 838 est:
1108 812 1200 839 nam
1231 800 1273 839 in
1304 801 1393 853 ipso
1425 815 1616 841 sermone
1646 802 1724 841 hoc
1756 807 1797 841 et
1817 802 1973 842 vocife-

179 869 211 896 ιο
224 861 383 900 ratione
413 864 572 899 mortua
603 864 676 899 est.
734 860 786 898 Et
815 860 866 898 ad
896 860 1003 900 hauc
1033 867 1205 901 mortem
1236 863 1494 914 repentinam
1521 878 1728 917 vocesque
1760 864 1973 904 morientis

225 921 362 962 omnia
400 926 634 974 praeterea,
676 934 781 973 quae
818 922 951 962 solent
990 937 1080 963 esse
1119 924 1270 963 indicia
1301 930 1340 964 et
1370 926 1544 978 vestigia
1574 926 1745 972 veneni,
1789 926 1831 965 iu
1862 926 1973 966 illius

226 988 410 1023 mortuae
441 996 613 1035 corpore
642 982 823 1022 fuerunt.
868 984 1112 1038 Eodemque
1144 999 1304 1026 veneno
1330 987 1371 1027 C.
1402 989 1673 1041 Oppianicum
1704 988 1870 1027 fratrem
1902 1002 1974 1028 ne-

225 1046 342 1086 cavit.
402 1045 473 1084 XI.
504 1042 570 1084 31.
600 1047 743 1099 Neque
785 1051 848 1085 est
881 1046 959 1086 hoc
992 1047 1113 1087 satis:
1155 1048 1316 1088 tametsi
1349 1049 1392 1088 in
1423 1050 1512 1102 ipso
1543 1049 1722 1090 fraterno
1755 1049 1973 1103 parricidio

225 1107 385 1146 nullum
416 1108 550 1147 scelus
581 1108 918 1160 praetermissum
948 1109 1131 1157 videtur,
1163 1116 1323 1157 tamen,
1354 1116 1398 1150 ut
1418 1111 1469 1150 ad
1491 1111 1568 1150 hoc
1594 1111 1795 1151 nefarium
1815 1112 1973 1151 facinus

177 1169 459 1216 waccederet,
491 1169 648 1209 aditum
678 1170 756 1209 sibi
787 1170 878 1210 aliis
910 1172 1134 1211 sceleribus
1157 1178 1251 1211 ante
1282 1173 1470 1213 munivit.
1518 1175 1618 1212 Nam
1641 1188 1732 1213 cum
1754 1180 1863 1214 esset
1885 1187 1974 1226 gra-

225 1230 317 1270 vida
347 1231 491 1278 Auria,
520 1231 656 1271 fratris
686 1246 811 1279 uxor,
843 1239 882 1272 et
913 1234 990 1273 iam
1023 1236 1361 1288 appropinquare
1393 1241 1533 1288 partus
1566 1241 1796 1288 putaretur,
1829 1235 1976 1276 mulie-

224 1306 308 1333 rem
339 1306 502 1333 veneno
534 1293 758 1341 interfecit,
790 1301 835 1334 ut
863 1287 947 1335 una
979 1296 1099 1343 illud,
1133 1297 1242 1350 quod
1275 1302 1362 1336 erat
1392 1311 1443 1337 ex
1474 1296 1598 1336 fratre
1623 1303 1881 1350 conceptum,
1903 1311 1976 1337 ne—

224 1360 396 1394 caretur.
440 1356 537 1395 Post
565 1356 733 1396 fratrem
764 1370 982 1410 aggressus
1013 1364 1097 1398 est:
1135 1360 1206 1412 qui
1238 1373 1343 1407 sero,
1378 1360 1457 1399 iam
1489 1359 1688 1399 exhausto
1722 1360 1792 1399 illo
1824 1360 1973 1413 poculo

225 1417 386 1465 mortis,
426 1432 516 1458 cum
558 1423 598 1458 ct
638 1418 688 1457 de
720 1433 795 1458 suo
827 1425 868 1458 et
898 1420 948 1459 de
991 1422 1132 1460 uxoris
1169 1422 1336 1461 interitu
1374 1421 1567 1461 clamaret
1602 1427 1975 1476 testamentumque

174 1490 209 1518 20
225 1484 379 1519 mutare
411 1485 602 1532 cuperet,
634 1481 675 1520 in
706 1482 795 1533 ipsa
825 1479 1127 1533 significatione
1159 1483 1281 1522 buius
1317 1483 1540 1524 voluntatis
1573 1490 1633 1523 est
1664 1490 1857 1524 mortuus.
1917 1486 1977 1524 lta

225 1541 459 1588 mulierem,
502 1556 554 1582 ne
591 1547 712 1595 partu
754 1543 845 1582 eius
885 1543 934 1583 ab
974 1544 1202 1583 hereditate
1233 1544 1414 1584 fraterna
1445 1546 1754 1593 excluderetur,
1793 1545 1975 1585 necavit:

223 1603 360 1643 fratris
391 1609 527 1644 autem
558 1605 709 1644 liberos
738 1605 852 1658 prius
883 1606 964 1645 vita
995 1607 1194 1658 privavit,
1231 1620 1355 1659 quam
1389 1607 1446 1646 illi
1477 1608 1583 1647 hanc
1614 1622 1637 1647 a
1667 1614 1811 1647 natura
1841 1608 1974 1648 lucem

223 1666 410 1719 accipere
450 1672 700 1719 potuerunt:
738 1674 781 1707 ut
813 1682 956 1708 omnes
986 1667 1289 1721 intelligerent,
1333 1667 1449 1722 [nihil
1481 1671 1517 1708 ei
1549 1667 1771 1721 clausum,]
1806 1670 1906 1709 nihil
1937 1671 1973 1709 ei

224 1733 409 1768 sanctum
432 1742 522 1768 esse
543 1742 690 1782 posse,
722 1744 745 1770 a
767 1731 883 1770 cuius
905 1731 1079 1771 audacia
1098 1731 1236 1770 fratris
1258 1731 1410 1771 liberos
1432 1745 1484 1771 ne
1506 1732 1677 1771 materni
1698 1731 1865 1785 quidem
1888 1746 1975 1771 cor-

174 1803 208 1832 25
222 1791 336 1843 poris
360 1791 573 1831 custodiae
604 1796 743 1845 tegere
765 1793 1011 1845 potuissent.
1062 1791 1128 1832 32.
1151 1794 1349 1833 Memoria
1372 1799 1511 1841 teneo,
1543 1794 1744 1834 Milesiam
1769 1794 1975 1847 quandam

221 1852 460 1901 mulierem,
506 1868 599 1894 cum
636 1869 768 1895 essem
807 1856 848 1894 in
883 1856 1006 1903 Asia,
1054 1857 1163 1909 quod
1202 1857 1252 1896 ab
1293 1856 1517 1895 heredibus
1553 1853 1775 1909 [secundis]
1808 1860 1978 1908 accepta

222 1914 399 1967 pecunia
440 1921 603 1968 partum
636 1918 711 1957 sibi
742 1918 832 1970 ipsa
864 1918 1176 1958 medicamentis
1208 1919 1436 1971 abegisset,
1479 1919 1536 1958 rei
1568 1918 1755 1970 capitalis
1786 1932 1877 1958 csse
1909 1918 1976 1957 da—

224 1982 422 2017 mnatam:
452 1992 529 2018 nec
550 1979 722 2026 iniuria,
757 1993 863 2032 quae
888 1981 1228 2033 spem2parentis,
1252 1982 1489 2021 memoriam
1512 1981 1716 2027 nominis,
1748 1979 1977 2019 subsidium

223 2041 406 2093 generis,
447 2041 641 2081 heredem
682 2041 883 2090 familiae,
925 2043 1186 2095 designatum
1229 2045 1287 2082 rei
1331 2043 1521 2096 publicae
1562 2044 1693 2082 civem
1733 2042 1977 2082 sustulisset.

172 2114 208 2141 30
223 2104 388 2150 Quanto
420 2109 482 2143 est
512 2104 765 2157 Oppianicus
798 2105 837 2143 in
872 2105 1015 2145 eadem
1044 2105 1195 2145 iniuria
1218 2106 1370 2145 maiore
1393 2105 1597 2157 supplicio
1620 2104 1802 2157 dignus?
1834 2104 1867 2143 si
1889 2104 1979 2157 qui-

223 2165 315 2203 dem
346 2164 438 2212 illa,
479 2179 571 2205 cum
604 2179 678 2205 suo
712 2168 873 2220 corpori
904 2168 986 2207 vim
1018 2168 1242 2214 attulisset,
1285 2180 1329 2206 se
1368 2168 1457 2219 ipsa
1489 2167 1705 2213 cruciavit,
1746 2167 1814 2206 hic
1843 2171 1977 2206 autem

224 2225 332 2265 idem
375 2227 478 2266 illud
519 2229 653 2268 ess'ecit
697 2243 770 2281 per
811 2230 935 2269 alieni
977 2230 1156 2283 corporis
1189 2235 1362 2269 mortem
1394 2236 1519 2282 atque
1551 2230 1786 2268 cruciatum.
1845 2228 1978 2268 Ceteri

222 2301 304 2327 non
345 2288 536 2329 videntur
575 2291 617 2329 in
657 2291 829 2343 singulis
869 2292 1105 2331 homiuibus
1148 2292 1277 2331 multa
1319 2290 1541 2344 parricidia
1580 2292 1787 2344 suscipere
1828 2304 1977 2343 posse:

224 2350 474 2403 Oppianicus
513 2353 704 2392 inventus
746 2359 827 2401 est,
873 2355 942 2407 qui
986 2354 1028 2392 in
1060 2367 1140 2392 uno
1173 2367 1342 2407 corpore
1385 2354 1522 2407 plures
1553 2359 1731 2393 necaret.
1790 2355 1880 2393 Xll.
1911 2352 1976 2393 33.

173 2426 209 2455 :35
224 2413 390 2465 ltaque,
422 2426 513 2453 cum
543 2413 650 2454 hanc
681 2415 769 2454 eius
801 2416 1146 2455 consuetudinem
1177 2416 1474 2469 audaciamque
1506 2421 1725 2468 cognosset
1745 2415 1976 2455 avunculus

297 2556 323 2586 1.
343 2556 471 2595 reliqua
486 2556 555 2587 iam
572 2556 603 2587 S.
618 2573 653 2578 —
668 2557 849 2595 propriora
866 2558 920 2589 ST
934 2559 976 2589 M.
989 2575 1022 2579 —
1043 2559 1072 2588 2.
1093 2558 1222 2589 huiusce
1238 2559 1258 2587 S
1276 2559 1309 2588 et
1325 2557 1418 2588 haud
1436 2556 1539 2587 dubie
1557 2557 1581 2587 T
1595 2557 1734 2596 (omissa
1753 2557 1805 2588 est
1822 2555 1976 2588 lectionis

224 2606 372 2637 varietas
390 2606 481 2646 apud
499 2604 747 2645 Classenium):
773 2607 867 2637 huius
891 2608 915 2639 R
930 2609 955 2639 Α
970 2609 992 2639 L
1007 2607 1026 2639 93.
1041 2608 1076 2639 O.
1100 2626 1134 2629 —
1160 2608 1192 2638 in
1218 2607 1376 2638 memoria
1397 2607 1421 2637 T
1443 2615 1493 2646 pr.
1512 2615 1557 2637 m.
1581 2624 1614 2628 —
1642 2606 1671 2637 3.
1690 2607 1867 2646 ‘mot-tuum]
1891 2615 1978 2638 mor-

223 2659 314 2686 tuum
329 2656 490 2687 hominem
507 2656 527 2686 S
541 2656 576 2686 T.
599 2674 633 2677 —
653 2656 682 2686 7.
703 2656 867 2687 Cluentiae
883 2666 951 2688 om.
971 2658 1006 2688 T.
1023 2675 1054 2679 -
1077 2658 1185 2688 αιηιόα
1204 2658 1224 2687 S
1242 2666 1292 2697 pr.
1313 2665 1359 2688 m.
1382 2674 1414 2677 —
1441 2656 1549 2695 fuisse!
1570 2656 1591 2686 S
1604 2655 1638 2685 T.
1662 2672 1695 2677 —
1720 2659 1849 2695 accepte
1860 2657 1977 2696 poculo

222 2705 325 2737 subito
340 2706 374 2737 in
389 2706 497 2737 media
510 2715 543 2745 p.
562 2706 761 2737 eoeclamavit
776 2707 956 2745 Agroetius
974 2715 1006 2747 p.
1021 2707 1158 2738 “2263-
1178 2708 1208 2738 8.
1228 2706 1374 2737 mazime
1389 2706 1474 2737 M.—
1494 2705 1593 2736 emori
1610 2705 1630 2735 S
1644 2705 1685 2735 T:
1704 2705 1788 2736 mori
1805 2706 1829 2737 R
1840 2706 1865 2737 A
1876 2706 1899 2737 L
1910 2703 1974 2737 sso.

228 2773 261 2777 ><
288 2757 319 2786 9.
338 2756 372 2786 in
389 2763 458 2786 om.
477 2756 497 2786 S
514 2764 566 2796 pr.
586 2763 632 2786 m.
650 2773 685 2777 —-
713 2756 763 2787 40.
784 2757 986 2795 repentinam
1010 2757 1030 2787 S
1043 2758 1083 2787 T:
1112 2760 1180 2787 ίαηι
1195 2756 1397 2795 repentinam
1422 2756 1445 2785 R
1460 2756 1486 2786 A
1501 2756 1523 2785 L
1537 2752 1557 2786 2²
1572 2755 1607 2785 Ο.
1628 2772 1659 2777 -
1688 2763 1841 2794 vocesque
1864 2755 1972 2785 STL:

223 2812 395 2842 vocemque
418 2804 440 2834 F
454 2805 486 2835 M
499 2806 525 2835 A
539 2802 559 2836 Q
573 2804 610 2835 Ο.
630 2822 663 2826 —-
691 2805 742 2835 44.
771 2805 803 2835 in
821 2814 889 2836 orn.
910 2806 953 2837 M.
974 2824 1008 2828 —
1036 2807 1086 2837 42.
1112 2810 1262 2837 mot-luae
1279 2814 1346 2837 om.
1367 2806 1401 2836 T.
1420 2821 1453 2825 —
1480 2805 1611 2843 fuerunt
1626 2813 1761 2844 corpore
1777 2805 1848 2836 ΡΑ.
1869 2821 1902 2825 -
1923 2804 1974 2834 46.

224 2854 339 2895 Auria]
356 2854 443 2885 Iulia
465 2854 486 2885 S
499 2854 539 2891 T;
565 2854 658 2885 laria
680 2853 734 2885 vel
754 2855 845 2885 {siria
862 2856 903 2887 M.
926 2872 959 2876 ——
984 2859 1162 2894 putaretur
1177 2858 1197 2887 S
1211 2857 1251 2887 T:
1277 2856 1441 2886 videretur
1464 2855 1488 2885 1<
1502 2856 1527 2885 A
1542 2854 1564 2885 1.
1580 2854 1598 2885 §.0
1614 2855 1650 2886 O.
1672 2871 1705 2875 —
1728 2854 1777 2884 47.
1796 2853 1875 2884 illud
1891 2854 1976 2892 quod

226 2906 246 2935 S
260 2905 283 2935 T
298 2905 318 2935 F
332 2906 359 2935 A
376 2913 381 2934 :
408 2904 467 2934 illa
483 2904 569 2942 quod
584 2904 632 2941 M}
659 2904 716 2935 illa
731 2908 760 2936 ec
777 2906 861 2944 quod
879 2902 897 2937 ἓ
911 2905 946 2936 Ο.
974 2907 1051 2945 (una
1067 2915 1140 2937 cum
1156 2906 1214 2936 illa
1236 2906 1268 2937 id
1284 2906 1369 2945 qaod
1384 2906 1433 2942 L.)
1453 2923 1485 2926 —
1507 2905 1558 2936 2¹8.
1577 2906 1647 2935 Post,
1664 2904 1821 2935 STFMA
1836 2912 1841 2932 1
1864 2907 1976 2942 postea

227 2951 279 2986 1.ss
291 2956 370 2985 ().-
389 2962 460 2985 sero
475 2957 504 2985 et
519 2954 587 2984 iam
604 2955 638 2986 L.
666 2972 699 2976 —
720 2955 771 2986 22.
790 2964 811 2986 α
829 2956 936 2986 STL:
963 2956 1003 2986 ab
1023 2957 1041 2986 F
1055 2956 1114 2987 MA
1127 2954 1145 2987 Q
1157 2957 1193 2987 O.
1217 2974 1251 2978 —
1277 2956 1378 2986 lucem
1395 2956 1415 2986 S
1429 2956 1470 2986 T:
1493 2955 1667 2994 propriam
1683 2954 1785 2984 lucem
1802 2953 1894 2983 RAL
1906 2951 1924 2985 Q
1936 2955 1972 2985 O.

230 3021 262 3025 -
282 3004 334 3035 ⁶23.
353 3004 433 3035 nihil
455 3003 483 3034 ei
506 3003 654 3034 clausum
677 3013 745 3036 om.
765 3006 785 3035 S
810 3014 861 3045 pr.
881 3014 927 3036 m.
947 3023 976 3027 —
1008 3006 1035 3036 ei
1051 3009 1198 3036 samolum
1214 3006 1234 3036 S
1261 3013 1311 3045 pr.
1332 3013 1397 3035 m.:
1424 3007 1572 3034 sanetum
1591 3005 1670 3042 (om.
1690 3002 1729 3041 ei)
1747 3001 1866 3035 RALQ
1879 3003 1915 3033 Ο.
1937 3020 1970 3024 -

227 3053 279 3085 2'4.
299 3063 320 3084 a
335 3054 427 3084 cuius
443 3054 515 3084 ST:
541 3054 632 3084 cuius
649 3055 669 3085 1⁴*
681 3055 765 3091 MA;
792 3055 883 3085 cuius
898 3055 938 3085 ab
956 3056 978 3086 L
990 3054 1097 3087 §so—
1116 3056 1168 3086 25.
1187 3054 1349 3086 custodiae
1367 3057 1388 3084 l.
1404 3054 1579 3093 potuissent
1597 3054 1617 3083 S
1632 3053 1673 3083 T:
1698 3052 1844 3083 custodia
1867 3055 1889 3083 ι.
1910 3061 1974 3091 po-

227 3104 334 3136 missen
351 3101 517 3136 RALQO.
533 3120 567 3124 -
594 3104 646 3134 ⁶26.
666 3105 810 3135 secundis
826 3106 919 3136 recte
937 3113 1005 3136 om.
1025 3105 1045 3135 S
1059 3105 1093 3135 T.
1124 3122 1157 3126 -ὴ
1183 3104 1235 3135 ⁶28.
1254 3113 1310 3135 nec
1327 3104 1398 3134 ST:
1426 3112 1525 3142 neque
1542 3100 1710 3134 RALQO.
1728 3119 1761 3123 —
1782 3102 1834 3132 ¹29.
1853 3102 1975 3133 substu-

228 3155 310 3185 lissei
334 3154 409 3185 S.—
429 3154 480 3185 30.
502 3154 630 3192 Quanto
646 3157 690 3184 esc
705 3171 723 3175 -
736 3172 753 3176 -
768 3155 921 3185 mima—ir
936 3155 1133 3185 constituant
1148 3154 1192 3194 (g.
1211 3154 1276 3192 38.)
1294 3152 1399 3183 habet
1416 3155 1450 3183 P.
1471 3171 1504 3174 —
1525 3154 1652 3191 Quanto
1669 3154 1711 3181 esl
1728 3168 1744 3172 -
1758 3167 1775 3173 -
1792 3152 1975 3182 cruciatum

231 3209 455 3246 Quintilianus
471 3210 554 3240 VIII.
574 3209 604 3247 li,
626 3210 636 3239 l
650 3210 676 3240 t.
698 3227 732 3231 —
751 3213 794 3241 es!
818 3218 887 3240 oni.
907 3208 939 3241 Q.
961 3225 995 3231 —
1018 3199 1213 3241 ΙΝΙΙἸίΙΑᾹἸ
1228 3211 1262 3240 P.
1284 3227 1318 3231 —
1337 3209 1389 3239 31.
1408 3217 1543 3248 corpore
1558 3210 1590 3238 S.
1615 3224 1648 3228 —-
1677 3207 1780 3245 ipsam
1797 3208 1852 3238 1·“Λ
1864 3205 1972 3239 ΜΞ.-

231 3258 282 3288 32.
308 3258 386 3289 illud
409 3267 478 3290 om.
505 3260 576 3290 ΡΛ.
599 3276 632 3279 ψ
660 3258 804 3299 mortem]
828 3259 893 3290 vim
909 3259 1144 3297 Quintilianus.
1173 3258 1221 3289 Ct'.
1242 3258 1337 3289 Verr.
1358 3258 1396 3288 V.
1424 3257 1546 3294 §.1:38.
1570 3275 1602 3279 -
1629 3256 1681 3287 33.
1696 3257 1864 3295 parientia
1880 3257 1915 3288 L.
1937 3274 1970 3279 —

231 3305 282 3338 34.
302 3307 424 3347 plures]
440 3308 557 3340 mulces
572 3309 630 3340 ST.
650 3327 683 3331 —
703 3309 754 3340 35.
775 3309 841 3341 eius
857 3317 925 3340 om.
948 3307 980 3341 53.
1002 3327 1034 3332 —
1059 3311 1222 3349 coynossec
1238 3308 1308 3338 PO:
1335 3312 1500 3348 ceyneseet
1515 3308 1562 3345 M3
1587 3309 1790 3346 cognosceret
1807 3304 1969 3338 STFALss.
