2143 3713
601 235 696 276 cst.
726 233 1028 274 xvlu—xx.
1065 231 1137 286 §§·
1168 229 1362 272 511-57,
1768 226 1847 269 557

114 350 310 389 mebatur.
368 348 420 387 M.
451 346 626 386 Baebius
664 346 714 385 de
757 359 830 385 suo
861 346 1034 385 consilio
1064 346 1289 397 Diogenem
1320 347 1524 395 emptum,
1556 355 1599 382 se
1629 347 1845 395 praesente

115 411 408 451 Scamandrum
439 423 529 449 cum
550 421 709 447 veneno
740 409 995 461 pecuniaque
1014 406 1316 460 deprehensum
1339 417 1427 443 esse
1450 404 1620 444 dicebat.
1652 405 1693 443 P.
1717 403 1847 451 Quin-

115 474 224 513 tilius
256 474 404 518 Varus,
433 471 554 511 homo
585 483 742 509 summa
772 470 970 522 religione
1002 474 1041 508 et
1075 480 1235 508 summa
1264 466 1506 506 auctoritate
1537 466 1764 518 praeditus,
1796 465 1847 503 de

115 535 292 581 insidiis,
324 547 427 587 quae
457 530 602 572 fierent
630 531 802 578 Habito,
835 537 874 570 et
905 532 954 570 de
986 529 1275 570 sollicitatione
1301 528 1496 580 Diogenis
1527 528 1681 566 recenti
1712 542 1754 566 re
1785 540 1847 566 se-

115 611 206 636 eum
229 596 521 648 Cleophantum
553 593 804 632 collocutum
826 607 916 632 esse
938 593 1110 632 dicebat.
1169 588 1234 629 534,
1264 592 1399 643 Atque
1423 590 1465 628 in
1486 589 1556 628 illo
1578 589 1733 628 iudicio
1754 596 1877 628 cumfi

115 657 406 697 Scamandrum
436 668 510 695 nos
540 653 760 693 defendere
792 654 1046 700 videremur,
1087 653 1211 693 verbo
1244 652 1313 691 ille
1344 664 1437 691 reus
1468 656 1576 698 erat,
1606 664 1649 690 re
1680 651 1845 704 quidem

115 734 208 761 vera
238 725 277 759 et
306 718 488 772 periculo
518 721 603 755 tota
633 717 893 755 accusatione
926 716 1187 769 Oppianicus.
1246 716 1389 767 Neque
1420 713 1461 752 id
1490 713 1662 753 obscure
1692 711 1850 751 ferebat

115 797 188 822 nee
229 780 486 821 dissimulare
524 777 610 816 ullo
642 777 764 817 modo
796 784 978 830 poterat:
1019 778 1161 816 aderat
1190 776 1407 829 frequens,
1450 774 1696 820 advocabat,
1737 772 1849 812 omni

114 844 250 884 studio
279 842 490 895 gratiaque
520 840 755 892 pugnabat:
792 846 1016 891 postremo,
1047 839 1088 878 id
1121 838 1235 892 quod
1265 838 1443 877 maximo
1474 836 1582 875 malo
1612 835 1672 874 illi
1702 847 1850 875 causae

113 906 208 952 fuit,
248 905 323 944 hoc
361 904 450 956 ipso
487 903 528 941 in
558 901 670 947 loce,
718 902 836 954 quasi
868 915 961 941 reus
992 902 1078 954 ipse
1110 906 1241 947 esset,
1286 899 1466 939 sedebat.
1518 897 1637 937 Oculi
1667 897 1850 937 omnium
1866 905 1900 933 40

113 967 290 1006 iudicum
322 978 403 1004 non
434 965 475 1003 in
507 963 822 1009 Scamandrum,
859 963 930 1002 sed
962 964 1004 1002 in
1035 963 1309 1015 Oppianicum
1341 960 1691 1000 coniiciebantur:
1731 959 1851 998 timor

114 1030 219 1075 eius,
258 1026 530 1081 perturbatio,
570 1038 796 1077 suspensus
828 1025 1095 1078 incertusque
1126 1024 1285 1070 vultus,
1317 1023 1458 1063 crebra
1488 1021 1634 1062 coloris
1665 1021 1851 1066 mutatio,

113 1103 216 1143 quae
247 1094 362 1129 erant
391 1092 511 1128 antea
540 1087 786 1139 suspiciosa,
817 1087 918 1126 haec
949 1092 1088 1139 aperta
1117 1091 1157 1125 et
1188 1085 1404 1124 manifesta
1424 1083 1640 1123 faciebant.
1671 1082 1763 1121 XX.
1785 1079 1851 1120 55.

115 1152 214 1190 Cum
244 1151 285 1190 in
316 1150 533 1189 consilium
564 1149 614 1188 iri
646 1154 874 1201 oporteret,
906 1149 1113 1201 quaesivit
1141 1147 1190 1187 ab
1221 1161 1292 1186 reo
1326 1146 1367 1186 C.
1390 1146 1530 1185 Iunius
1561 1145 1772 1198 quaesitor
1801 1156 1853 1183 ex

114 1213 202 1265 lege
233 1212 302 1252 illa
333 1212 540 1258 Cornelia,
573 1224 679 1264 quae
712 1216 796 1249 tum
828 1216 935 1258 erat,
968 1211 1071 1249 clam
1102 1224 1154 1249 an
1184 1211 1320 1262 palam
1351 1210 1401 1249 de
1425 1223 1468 1248 se
1491 1209 1736 1248 sententiam
1755 1207 1852 1247 ferri
1868 1215 1904 1244 '¹5

113 1275 247 1314 vellet.
295 1275 355 1314 De
386 1273 602 1327 Oppianici
635 1273 837 1312 sententia
867 1285 1111 1326 responsum
1143 1278 1227 1318 est,
1261 1272 1374 1325 quod
1396 1272 1428 1310 is
1452 1270 1590 1310 Habiti
1610 1269 1854 1309 familiarem

112 1336 271 1374 lunium
302 1349 391 1376 esse
422 1335 602 1382 dicebat,
644 1335 748 1374 clam
778 1334 884 1374 velle
915 1334 1024 1373 ferri.
1068 1335 1174 1373 Itum
1206 1339 1268 1373 est
1297 1334 1339 1373 in
1370 1332 1602 1372 consilium.
1653 1331 1853 1371 Omnibus

112 1397 326 1437 sententiis
366 1402 528 1451 praeter
556 1410 705 1443 unam,
747 1409 869 1449 quam
901 1409 1016 1435 suam
1048 1395 1238 1435 Staienus
1271 1408 1361 1434 esse
1393 1394 1574 1441 dicebat,
1605 1393 1855 1432 Scamander

111 1459 240 1511 prima
268 1460 430 1499 actione
462 1459 754 1499 condemnatus
786 1464 858 1497 est.
911 1458 1013 1506 Quis
1044 1463 1130 1497 tum
1160 1462 1248 1497 erat
1274 1457 1478 1503 omnium,
1512 1457 1581 1509 qui
1604 1456 1853 1496 Scamandro

115 1522 383 1562 condemnato
414 1535 498 1561 non
533 1521 730 1561 iudicium
762 1520 813 1559 de
845 1520 1072 1573 Oppianico
1102 1520 1253 1560 factum
1289 1533 1380 1559 esse
1411 1519 1708 1559 arbitraretur?
1754 1517 1855 1572 quid
1868 1526 1905 1556 20

111 1588 173 1624 est
209 1584 280 1624 illa
319 1584 579 1624 damnatione
620 1582 864 1629 iudicatum,
906 1583 983 1622 nisi
1015 1596 1222 1622 venenum
1252 1582 1314 1628 id,
1355 1581 1466 1635 quod
1497 1581 1646 1620 Habito
1677 1581 1856 1627 daretur,

112 1659 202 1685 esse
234 1646 502 1699 quaesitum?
548 1646 664 1693 Quae
694 1658 815 1698 porro
848 1644 1089 1684 tenuissima
1121 1644 1302 1697 suspicio
1333 1644 1481 1684 collata
1500 1643 1543 1682 in
1562 1641 1856 1682 Scamandrum

112 1714 174 1748 est
209 1714 281 1748 aut
320 1707 495 1748 conferri
533 1709 688 1760 potuit,
731 1712 776 1746 ut
812 1707 846 1746 is
889 1719 962 1746 sua
993 1712 1138 1759 sponte
1169 1720 1314 1746 necare
1347 1706 1528 1745 voluisse
1558 1704 1753 1744 Habitum
1782 1717 1857 1756 pu-

114 1771 301 1810 taretur'?

224 1830 290 1870 56.
329 1832 464 1885 Atque
507 1833 585 1872 hoc
625 1838 708 1871 tum
748 1831 901 1871 iudicio
931 1830 1039 1871 sacto
1071 1836 1112 1870 et
1142 1831 1372 1884 Oppianico
1404 1844 1447 1869 rc
1479 1834 1520 1870 et
1549 1829 1855 1869 existimatione
1871 1836 1907 1867 25

115 1895 216 1941 iam,
248 1894 337 1946 lege
369 1899 409 1933 et
437 1894 773 1946 pronuntiatione
805 1893 989 1932 nondum
1023 1892 1319 1940 condemnato,
1350 1897 1486 1931 tamen
1510 1892 1683 1932 Habitus
1705 1892 1858 1945 Oppia-

114 1956 251 1996 nicum
281 1970 396 1995 reum
428 1957 562 1995 statim
593 1969 677 1995 non
705 1955 814 1995 fecit.
873 1954 1016 1994 Voluit
1045 1967 1319 2007 cognoscere,
1357 1959 1492 1993 utrum
1523 1953 1684 1994 iudices
1713 1955 1756 1994 in
1787 1967 1856 1994 eos

114 2019 222 2058 solos
253 2023 391 2059 essent
420 2019 578 2065 severi,
612 2032 714 2071 quos
736 2031 939 2058 venenum
963 2016 1157 2056 habuisse
1178 2017 1290 2069 ipsos
1313 2016 1628 2070 comperissent,
1659 2030 1712 2056 an
1734 2017 1858 2056 etiam

114 2081 284 2121 consilia
313 2081 668 2133 conscientiasque
700 2081 787 2120 eius
818 2079 930 2119 modi
960 2079 1189 2119 facinorum
1215 2078 1417 2131 supplicio
1448 2078 1590 2131 dignas
1612 2079 1858 2119 iudicarent.

113 2143 255 2195 Itaque
294 2142 337 2181 C.
367 2143 619 2189 Fabricium,
665 2156 787 2196 quem
826 2146 991 2195 propter
1036 2140 1355 2181 familiaritatem
1395 2140 1608 2193 Oppianici
1648 2141 1858 2181 conscium
1872 2149 1908 2180 30

115 2204 172 2243 illi
202 2203 374 2244 facinori
404 2203 530 2244 fuisse
563 2205 856 2251 arbitrabatur,
887 2216 1005 2243 reum
1025 2204 1163 2243 statim
1190 2203 1309 2250 fecit,
1341 2202 1485 2255 utique
1508 2202 1544 2241 ei
1566 2203 1683 2243 locus
1705 2204 1858 2257 primus

112 2266 450 2313 constitueretur,
482 2272 650 2320 propter
680 2279 827 2306 causae
849 2266 1183 2305 coniunctionem
1213 2265 1460 2319 impetravit.
1506 2265 1581 2304 Hic
1611 2270 1699 2304 tum
1719 2265 1860 2304 Fabri-

112 2327 200 2367 cius
230 2341 316 2367 non
345 2327 469 2367 modo
500 2328 551 2368 ad
582 2341 646 2367 me
672 2342 787 2368 meos
809 2327 969 2367 vicinos
992 2332 1032 2367 et
1052 2327 1231 2375 amicos,
1261 2326 1535 2374 Aletrinates,
1566 2339 1649 2366 non
1671 2325 1859 2374 adduxit,

113 2390 186 2430 sed
226 2390 316 2443 ipse
358 2390 409 2430 iis
447 2403 584 2443 neque
623 2390 909 2430 defensoribus
948 2390 1008 2429 uti
1044 2394 1186 2443 postea
1225 2402 1361 2442 neque
1397 2388 1680 2428 laudatoribus
1710 2388 1858 2442 potuit.

113 2451 179 2492 57.
208 2453 308 2492 Rem
340 2452 449 2492 enim
480 2453 681 2505 integram
709 2453 893 2492 hominis
924 2466 1008 2492 non
1038 2452 1162 2493 alieni
1195 2451 1380 2504 quamvis
1412 2450 1686 2504 suspiciosam
1716 2449 1858 2489 defen·
1871 2461 1908 2490 35

115 2515 210 2554 dere
238 2513 503 2554 humanitatis
535 2527 625 2554 esse
656 2515 923 2567 putabamus,
954 2514 1174 2554 iudicatam
1203 2512 1449 2554 labefactare
1471 2512 1610 2552 conari
1640 2512 1859 2566 impuden-

116 2577 208 2618 tiae.
265 2577 408 2629 Itaque
450 2580 537 2616 tum
576 2576 647 2616 ille
687 2577 829 2630 inopia
859 2582 900 2617 et
929 2577 1174 2617 necessitate
1206 2580 1371 2616 coactus
1400 2575 1442 2614 in
1472 2587 1596 2615 causa
1625 2574 1713 2614 eius
1744 2574 1858 2614 modi

116 2638 167 2678 ad
199 2637 420 2691 Caepasios
456 2638 599 2678 fratres
640 2638 844 2691 confugit,
887 2638 1078 2679 homines
1116 2637 1340 2678 industrios
1371 2642 1496 2691 atque
1527 2649 1575 2677 eo
1609 2635 1769 2684 animo,
1813 2639 1860 2676 ut

116 2712 400 2753 quaecumque
440 2700 604 2741 dicendi
641 2706 824 2755 potestas
864 2706 973 2741 esset
1012 2700 1127 2748 data,
1165 2701 1209 2740 in
1244 2700 1402 2740 honore
1431 2705 1556 2754 atque
1585 2699 1629 2738 in
1657 2696 1857 2739 beneficio

202 2847 233 2878 11.
258 2846 396 2879 Baebius
419 2847 521 2879 codd.
540 2849 831 2888 Lagomarsiniani
857 2848 944 2880 duo:
969 2847 1084 2879 Bebius
1106 2849 1127 2879 S
1142 2849 1184 2885 T;
1209 2848 1350 2879 Baevius
1365 2847 1415 2884 M;
1440 2846 1574 2878 Bebrius
1597 2847 1695 2878 FAL
1709 2844 1729 2878 2
1743 2847 1779 2878 Ο.
1806 2845 1856 2877 Cf.

117 2894 147 2936 ἓ.
172 2895 226 2928 47.
255 2915 290 2919 -
316 2898 353 2928 de
376 2906 446 2929 om.
471 2899 510 2929 A.
529 2915 564 2920 —
590 2899 756 2939 Dioyenen
780 2900 845 2930 ST.
866 2916 900 2920 -
923 2901 1127 2937 praesentem
1150 2896 1272 2937 (littera
1296 2906 1328 2928 m
1351 2896 1536 2937 expuncta)
1560 2896 1594 2927 S.
1609 2913 1644 2918 ——
1671 2896 1701 2927 2.
1729 2895 1860 2935 Quinti-

116 2946 178 2977 lius
201 2945 420 2987 (Quinctilius)
444 2956 525 2979 cum
549 2948 625 2979 Car.
651 2948 824 2988 Stephano
849 2949 872 2979 L
887 2948 933 2978 O:
961 2947 1110 2986 Quintius
1135 2946 1330 2987 (Quinctius)
1354 2944 1469 2978 ⁹21Ass.
1490 2963 1525 2967 —
1551 2944 1581 2976 4.
1607 2945 1741 2978 recentis
1763 2945 1798 2975 T.
1819 2960 1855 2966 ——

118 3003 148 3026 se
170 3004 244 3026 cum
267 2996 459 3036 Cleophanto
483 2997 553 3028 ST.
581 3014 614 3018 —
641 2998 671 3028 5.
696 2998 888 3029 collocutum
911 2997 954 3027 S:
988 2997 1129 3027 loculum
1152 2997 1270 3028 ceteri.
1308 2994 1357 3027 Cf.
1384 2994 1415 3034 g.
1440 2994 1492 3026 47.
1520 3011 1554 3016 —
1580 2994 1611 3026 7.
1637 2998 1705 3025 tola
1728 2994 1805 3024 ST:
1830 2996 1860 3024 et

120 3046 188 3074 tota
209 3044 394 3079 RALssO.
420 3063 455 3069 -
481 3045 533 3077 43.
559 3049 589 3077 el
611 3047 684 3078 ST:
711 3055 750 3078 ac
773 3046 960 3080 RALQO.
989 3064 1023 3068 —
1048 3046 1189 3086 faciebat
1210 3047 1254 3078 M.
1283 3063 1318 3068 —
1344 3044 1395 3076 44.
1421 3047 1545 3084 oportet
1570 3045 1606 3076 T.
1633 3060 1669 3064 —
1696 3052 1718 3074 a
1738 3051 1794 3074 reo
1817 3043 1856 3080 S3

122 3092 162 3124 ab
185 3101 219 3124 eo
244 3094 324 3134 FA3
352 3095 392 3126 ab
416 3104 451 3127 eo
473 3103 528 3126 reo
544 3093 577 3128 2.
598 3112 633 3118 -
659 3096 709 3136 0.]
733 3098 770 3137 Q.
790 3098 858 3128 ST.
881 3115 915 3118 —
943 3096 994 3128 «18.
1013 3096 1163 3127 Staienus
1186 3096 1300 3127 STO:
1330 3092 1683 3126 StalenusFMALss.
1709 3093 1763 3124 Sic
1784 3091 1857 3123 fere

124 3143 330 3175 constanter.
357 3145 406 3176 Cf.
434 3144 463 3185 g.
481 3145 534 3176 20.
552 3144 604 3177 74.
626 3162 661 3167 -
685 3146 738 3178 24.
764 3146 798 3177 id
820 3145 912 3178 delet
935 3146 1185 3178 Mommsenius
1210 3143 1285 3176 coll.
1304 3152 1338 3185 p.
1357 3144 1430 3175 559.
1455 3152 1488 3175 v.
1506 3143 1559 3175 28.
1583 3144 1626 3175 At
1648 3141 1716 3173 vid.
1734 3149 1768 3182 p.
1782 3141 1857 3172 572.

124 3201 158 3223 v.
183 3191 236 3224 44.
261 3209 297 3216 —-
323 3194 418 3236 quod]
444 3203 505 3234 quo
528 3196 561 3226 S.
590 3212 625 3217 -
654 3196 706 3227 22.
733 3205 816 3236 quae
838 3196 954 3227 horum
972 3204 1074 3235 porro
1098 3196 1166 3226 ST.
1194 3212 1228 3217 —
1262 3194 1315 3226 23.
1340 3194 1378 3233 is]
1402 3194 1436 3225 id
1457 3194 1494 3226 T.
1522 3210 1556 3216 —
1590 3192 1642 3224 31.
1667 3195 1765 3231 utque
1787 3187 1857 3222 [ΛΞ.

127 3257 164 3264 -
189 3241 228 3282 ei]
252 3243 320 3274 eius
341 3245 413 3276 FA.
434 3262 470 3267 —
495 3244 547 3276 33.
572 3245 744 3277 Larinates
766 3247 840 3283 ST?
865 3245 1064 3276 Alalrinales
1085 3243 1250 3276 Halmius.
1277 3242 1326 3275 Cf.
1353 3242 1383 3283 S.
1401 3241 1454 3275 46.
1474 3260 1510 3266 -
1535 3241 1588 3274 34.
1613 3240 1676 3281 sed]
1700 3249 1732 3272 se
1753 3240 1797 3272 M.
1818 3255 1855 3262 --

126 3290 192 3329 ipse
212 3290 261 3332 iis]
285 3292 325 3323 iis
347 3293 425 3333 (om.
450 3294 526 3334 ipse)
552 3295 594 3331 T;
618 3295 695 3334 ipsis
717 3295 756 3326 iis
771 3295 1004 3327 Weiskius.-
1030 3295 1083 3327 38.
1109 3294 1258 3335 Cepasios
1279 3291 1431 3331 ALssO3
1457 3292 1541 3325 item
1564 3292 1596 3334 ἓ.
1622 3291 1675 3324 58.
1707 3289 1758 3323 Cf.
1783 3290 1852 3323 Cic.

127 3339 220 3372 Brut.
245 3339 275 3381 5.
300 3341 375 3376 242.
399 3342 502 3377 Iulius
524 3344 641 3377 Victor
661 3353 695 3386 p.
720 3344 795 3378 248.
819 3354 853 3378 v.
878 3345 930 3378 35.
