2143 3713
694 217 790 257 Cn.
820 217 1000 258 III—V.
1038 216 1110 271 §§.
1141 214 1308 257 7—43.
1790 215 1869 257 483

135 331 314 371 minibus
354 331 519 370 armatis
560 329 707 368 factam
746 329 925 382 relinqui
970 334 1089 383 putet
1126 334 1320 382 oportere
1361 333 1432 368 aut
1461 329 1549 368 eius
1580 330 1639 369 rei
1669 329 1871 371 leniorem

132 394 337 433 actionem
366 393 484 432 nobis
513 392 691 444 aliquam
723 391 1006 431 demonstrare
1037 391 1201 444 possit?
1241 391 1304 430 Ex
1334 404 1417 443 quo
1440 404 1590 443 genere
1618 393 1797 444 peccati,
1828 397 1873 432 ut

133 455 193 494 illi
234 455 463 502 clamitant,
504 453 568 494 vel
607 453 849 493 iniuriarum
880 456 944 494 vel
980 454 1125 507 capitis
1156 453 1307 493 iudicia
1338 454 1562 493 constituta
1592 460 1708 500 sunt,
1749 456 1789 493 in
1822 467 1871 493 eo

133 519 307 569 potestis
327 517 580 556 atrocitatem
601 520 781 554 nostram
804 517 1123 568 reprehendere,
1145 530 1237 555 cum
1259 515 1436 555 videatis
1459 515 1562 554 nihil
1585 516 1700 555 aliud
1722 522 1870 563 actum,

133 580 211 619 nisi
242 579 547 633 possessionem
576 590 650 629 per
680 577 943 617 interdictum
975 592 1064 618 esse
1096 578 1344 630 repetitam?
1398 579 1466 617 IV.
1497 578 1649 617 Verum
1681 578 1767 617 sive
1798 590 1904 618 vos5

133 642 448 683 existimationis
487 640 597 679 illius
632 640 863 692 periculum
895 642 980 680 sive
1011 641 1112 680 iuris
1144 640 1346 679 dubitatio
1378 640 1580 680 tardiores
1610 639 1709 679 fecit
1739 640 1873 679 adhuc

132 706 183 745 ad
213 704 499 750 iudicandum,
541 702 710 741 alterius
742 704 801 742 rei
833 716 996 743 causam
1028 707 1188 743 vosmet
1216 702 1294 754 ipsi
1326 701 1407 741 iam
1437 702 1553 742 vobis
1585 703 1752 755 saepius
1781 716 1874 755 pro-

133 768 214 807 lato
245 767 398 807 iudicio
429 764 676 811 sustulistis,
708 765 876 805 alterius
908 779 984 817 ego
1015 765 1133 805 vobis
1163 763 1368 804 hodierno
1400 764 1468 804 die
1490 777 1654 804 causam
1686 764 1873 817 profecto

131 828 333 875 auferam,
363 840 414 867 ne
444 826 598 866 diutius
630 826 680 866 de
712 828 991 867 controversia
1012 832 1153 867 nostra
1176 840 1222 866 ac
1244 827 1295 866 de
1317 827 1527 866 communi
1549 828 1639 866 iure
1661 827 1874 866 dubitetis.

131 887 196 929 40.
226 891 277 930 Et
313 890 347 930 si
383 888 489 928 sorte
529 887 701 928 videbor
730 889 852 928 altius
884 890 1047 929 initium
1079 889 1137 929 rei
1169 888 1516 929 demonstrandae
1541 889 1717 942 petisse,
1749 900 1924 940 quamdo

129 965 193 991 me
232 952 335 992 ratio
378 951 477 990 iuris
515 951 624 997 eius,
661 951 712 990 de
753 965 836 1004 quo
880 951 1077 990 iudicium
1118 957 1198 999 est,
1241 957 1282 991 ct
1322 956 1467 992 natura
1498 965 1647 991 causae
1678 951 1874 1003 coegerit,

129 1026 283 1066 quaeso
313 1017 358 1053 ut
388 1013 626 1066 ignoscatis.
684 1015 775 1053 Non
808 1014 916 1053 enim
948 1015 1083 1053 minus
1114 1014 1274 1054 laborat
1303 1016 1350 1054 A.
1382 1015 1579 1061 Caecina,
1624 1027 1676 1054 ne
1711 1027 1874 1054 summo

128 1075 216 1114 iure
247 1076 402 1127 egisse,
442 1088 565 1127 quam
596 1088 647 1114 ne
679 1081 834 1115 certum
868 1077 930 1116 ius
960 1089 1044 1115 non
1076 1076 1307 1116 obtinuisse
1337 1078 1538 1117 videatur.

237 1139 291 1178 M.
322 1137 534 1176 Fulcinius
564 1137 664 1184 fuit,
705 1143 1039 1191 recuperatores,
1075 1152 1096 1177 e
1127 1139 1353 1192 municipio
1385 1139 1697 1191 Tarquiniensi,
1730 1139 1802 1192 qui
1834 1143 1875 1178 et

128 1200 239 1240 domi
280 1213 378 1240 suae
416 1213 507 1239 cum
543 1200 687 1252 primis
726 1200 928 1240 honestus
960 1201 1219 1241 existimatus
1252 1208 1314 1241 est
1344 1206 1384 1241 et
1414 1203 1566 1241 Romae
1598 1202 1872 1254 argentariam
1888 1211 1923 1239 15

128 1275 210 1301 non
241 1261 466 1314 ignobilem
494 1260 604 1301 fecit.
654 1263 692 1302 Is
721 1262 866 1301 habuit
895 1263 937 1302 in
963 1263 1227 1303 matrimonio
1251 1263 1542 1313 Caesenniam,
1574 1265 1721 1304 eodem
1743 1278 1765 1304 e
1785 1279 1875 1304 mu-

127 1324 302 1377 nicipio,
343 1337 501 1363 summo
544 1324 635 1364 loco
676 1330 813 1364 natam
853 1330 894 1364 et
928 1326 1262 1378 probatissimam
1292 1326 1509 1374 feminam,
1551 1327 1659 1367 sicut
1688 1332 1729 1366 et
1756 1327 1874 1367 vivus

127 1387 215 1439 ipse
245 1386 382 1426 multis
412 1385 535 1426 rebus
562 1387 744 1426 ostendit
764 1391 805 1426 et
825 1387 869 1426 in
891 1392 1021 1426 morte
1044 1401 1117 1427 sua
1138 1393 1386 1428 testamento
1410 1388 1650 1429 declaravit.
1682 1386 1746 1428 Η.
1768 1389 1876 1428 Huic

129 1448 380 1488 Caesenniae
410 1447 583 1488 fundum
615 1449 658 1487 in
689 1460 786 1502 agro
822 1449 1116 1502 Tarquiniensi
1147 1450 1336 1491 vendidit
1364 1452 1624 1505 temporibus
1653 1452 1737 1491 illis
1769 1449 1876 1490 diffi-

126 1511 287 1551 cillimis
318 1511 551 1551 solutionis.
599 1512 700 1551 Cum
730 1516 917 1551 uteretur
945 1512 1086 1551 uxoris
1117 1512 1213 1552 dote
1242 1519 1480 1563 numerata,
1513 1528 1596 1568 quo
1618 1514 1780 1554 mulieri
1808 1527 1875 1554 res
1887 1525 1924 1556 20

127 1577 236 1613 esset
277 1574 457 1620 cautior,
499 1574 655 1614 curavit
683 1578 729 1613 ut
758 1574 801 1613 in
833 1586 881 1613 eo
912 1571 1040 1613 fundo
1072 1573 1146 1614 dos
1178 1575 1463 1616 collocaretur.
1508 1577 1736 1630 Aliquanto
1766 1582 1874 1630 post,

126 1635 206 1675 iam
236 1636 467 1688 argentaria
496 1635 722 1683 dissoluta,
757 1635 970 1675 Fulcinius
1000 1635 1096 1676 huic
1125 1636 1256 1676 fundo
1287 1638 1430 1678 uxoris
1461 1640 1718 1679 continentia
1749 1653 1877 1692 quae-

128 1699 221 1738 dam
261 1698 428 1751 praedia
467 1702 590 1750 atque
631 1698 823 1737 adiuncta
853 1702 1068 1737 mercatur.
1126 1700 1303 1740 Moritur
1331 1701 1546 1741 Fulcinius
1579 1700 1722 1753 (multa
1751 1703 1874 1750 enim,

128 1774 235 1814 quae
267 1764 362 1799 sunt
390 1760 432 1798 in
462 1773 528 1806 re,
561 1760 658 1812 quia
686 1765 841 1799 remota
871 1766 969 1817 gunt
998 1774 1022 1800 a
1052 1774 1194 1810 causa,
1226 1762 1584 1817 praetermittam):
1626 1770 1874 1805 testamento

128 1822 225 1863 facit
244 1822 438 1862 heredem
460 1836 581 1875 quem
608 1823 787 1863 habebat
808 1838 828 1863 e
853 1823 1082 1864 Caesennia
1102 1823 1254 1872 filium;
1286 1839 1410 1864 usum
1432 1830 1472 1865 et
1490 1825 1669 1867 fructum
1690 1828 1874 1867 omnium
1888 1836 1926 1866 -25

127 1887 329 1926 bonorum
359 1898 526 1924 suorum
558 1885 811 1926 Caesenniae
842 1886 971 1939 legat,
1003 1892 1047 1927 ut
1077 1888 1283 1927 frueretur
1312 1901 1395 1928 una
1425 1902 1518 1928 cum
1547 1889 1648 1928 filio.
1694 1886 1760 1928 ¹1⁶2.
1789 1891 1876 1929 Ma-

127 1961 230 2001 gnus
268 1947 402 1987 honos
438 1946 514 1986 viri
555 1946 760 1987 iucundus
802 1948 966 1989 mulieri
995 1950 1164 1998 fuisset,
1205 1950 1239 1989 si
1271 1950 1513 1990 diuturnum
1544 1964 1634 1991 esse
1664 1951 1874 1999 licuisset3

127 2010 330 2050 frueretur
359 2009 467 2048 enirn
496 2008 617 2048 honis
649 2023 742 2048 cum
773 2023 844 2057 ρο,
877 2025 1002 2064 quem
1033 2013 1118 2052 suis
1149 2012 1269 2052 bonis
1289 2012 1485 2053 heredem
1512 2027 1602 2053 esse
1623 2015 1815 2067 cupiebat
1837 2019 1877 2053 et

127 2086 179 2112 ex
209 2087 291 2127 quo
321 2071 545 2111 maximum
575 2070 755 2111 fructum
786 2073 875 2125 ipsa
906 2074 1105 2127 capiebat.
1152 2075 1234 2115 Sed
1263 2075 1375 2115 hunc
1403 2075 1584 2115 fructum
1614 2082 1772 2116 mature
1792 2076 1878 2115 for-

127 2141 226 2176 tuna
255 2135 419 2176 ademit.
476 2135 578 2174 Nam
608 2134 722 2174 brevi
755 2140 937 2189 tempore
974 2138 1027 2177 M.
1058 2137 1268 2177 Fulcinius
1298 2137 1542 2177 adolescens
1573 2144 1760 2179 mortuus
1792 2144 1926 2178 estz3o

124 2198 321 2238 heredem
350 2198 393 2237 P.
416 2196 691 2237 Caesennium
721 2197 839 2237 fecit:
871 2199 992 2238 uxori
1013 2200 1166 2252 grande
1188 2199 1354 2253 pondus
1376 2202 1534 2253 argenti
1555 2202 1761 2255 matrique
1782 2216 1878 2255 par-

125 2264 208 2300 tem
238 2259 436 2300 maiorem
465 2259 669 2299 bonorum
700 2259 863 2313 legavit.
904 2262 1049 2314 Itaque
1081 2262 1123 2301 in
1152 2266 1310 2314 partem
1341 2262 1536 2302 mulieres
1566 2268 1736 2303 vocatae
1768 2270 1877 2304 sunt.

234 2322 283 2363 V.
314 2318 379 2361 113.
412 2321 514 2362 Cum
545 2327 655 2362 esset
682 2322 786 2363 haec
816 2325 950 2364 auctio
980 2323 1236 2364 hereditaria
1266 2324 1510 2372 constituta,
1550 2325 1754 2366 Aebutius
1784 2327 1877 2374 iste,

125 2384 197 2438 qui
235 2384 317 2425 iam
356 2384 429 2423 diu
468 2384 721 2425 Caesenniae
760 2385 966 2426 viduitate
1008 2398 1055 2425 ac
1095 2386 1322 2426 solitudine
1353 2386 1532 2426 aleretur
1562 2400 1609 2426 ac
1639 2401 1682 2427 se
1713 2389 1757 2428 in
1788 2389 1877 2428 eius

124 2445 443 2489 familiaritatem
472 2446 726 2488 insinuasset
753 2447 832 2488 hac
860 2448 1045 2497 ratione,
1075 2452 1122 2488 ut
1151 2461 1245 2488 cum
1272 2448 1415 2502 aliquo
1438 2461 1513 2489 suo
1535 2449 1784 2502 compendio
1805 2463 1878 2490 ne-
1890 2459 1928 2488 35

211 2589 242 2621 4.
267 2587 421 2620 leniorem
435 2587 461 2620 E
474 2587 540 2620 TV
552 2596 570 2619 a
585 2586 607 2619 b
621 2596 639 2620 e
652 2596 687 2620 m
701 2597 722 2630 p
737 2589 800 2628 qt,
826 2588 1004 2621 laeniorem
1025 2591 1066 2622 P:
1092 2589 1247 2622 leuiorem
1263 2590 1289 2621 G
1302 2589 1322 2621 k
1335 2599 1360 2621 α
1372 2588 1398 2628 β
1410 2600 1432 2631 γ
1456 2591 1490 2621 et
1504 2590 1529 2621 Α
1546 2590 1569 2621 L
1581 2588 1651 2623 ΕΟ.
1671 2606 1706 2611 -
1725 2588 1756 2621 4.
1775 2590 1878 2631 aliud]

126 2638 217 2671 aliud
239 2637 331 2670 atiud
352 2638 390 2670 E.
412 2654 446 2660 —
474 2638 505 2669 6.
531 2638 688 2670 tardioris
710 2639 746 2670 T.
768 2657 803 2662 —-
829 2639 860 2671 7.
884 2639 984 2680 vobis]
1006 2648 1066 2672 uos
1081 2640 1117 2672 T.
1137 2657 1172 2662 —
1199 2641 1230 2671 9.
1256 2639 1407 2680 auferam
1423 2639 1522 2671 ETL
1536 2638 1557 2673 Σὲ
1571 2639 1615 2670 O:
1642 2641 1782 2679 afferam
1799 2641 1875 2672 ΒΑ.

127 2705 162 2710 -
188 2687 241 2720 40.
267 2686 375 2727 altius]
399 2688 534 2720 alterius
556 2688 593 2720 T.
613 2705 649 2710 ——
676 2689 728 2720 44.
753 2689 837 2721 iuris
859 2690 928 2721 eius
950 2690 988 2722 de
1011 2699 1074 2730 quo
1098 2698 1179 2722 cum
1196 2691 1233 2721 P.
1252 2689 1363 2721 Fabro
1380 2690 1428 2721 O:
1453 2690 1536 2720 iaris
1558 2692 1588 2721 et
1608 2690 1637 2721 is
1651 2691 1689 2721 de
1705 2699 1767 2729 quo
1784 2698 1875 2721 corr.

124 2737 148 2769 b
162 2746 200 2776 e;
229 2737 314 2770 iuris
336 2739 366 2769 et
387 2737 426 2770 de
448 2747 511 2777 quo
532 2747 573 2780 γς
609 2738 692 2770 iuris
714 2741 745 2770 et
764 2739 813 2770 vis
836 2739 875 2770 de
898 2748 965 2779 qua
988 2748 1079 2771 corr.
1106 2747 1128 2779 q
1152 2739 1186 2769 et
1208 2739 1251 2775 L;
1287 2739 1369 2769 iuris
1392 2741 1421 2769 et
1442 2738 1493 2769 ius
1515 2738 1553 2769 de
1575 2747 1638 2778 quo
1662 2739 1762 2770 RAL
1778 2737 1810 2772 8.
1840 2757 1875 2761 ——

125 2786 178 2820 43.
203 2787 270 2829 eqis
285 2787 320 2819 Τ.
342 2803 377 2809 —-
403 2790 488 2819 certe
509 2788 546 2819 T.
566 2805 602 2810 —
629 2789 803 2828 optinuisse
827 2789 901 2821 ET.
928 2788 978 2821 Cf.
1005 2788 1036 2830 g.
1064 2790 1116 2821 52.
1142 2789 1194 2820 65.
1213 2789 1265 2820 75.
1290 2797 1326 2829 p.
1345 2787 1451 2820 Tullio
1476 2788 1506 2828 g.
1525 2787 1578 2820 45.
1604 2789 1718 2821 Osann
1743 2789 1787 2820 ad
1804 2789 1875 2821 Cic.

126 2836 170 2869 de
192 2837 277 2879 Rep.
301 2845 336 2878 p.
361 2835 424 2868 240
447 2845 500 2877 sq.
527 2854 562 2859 -
590 2836 640 2869 44.
666 2838 902 2878 reciperatores
925 2838 1000 2870 ET.
1031 2837 1081 2869 Cf.
1108 2837 1139 2878 g.
1165 2838 1195 2869 6.
1224 2855 1259 2860 —
1286 2838 1338 2869 46.
1365 2838 1549 2870 cesenniam
1571 2838 1596 2869 T
1620 2840 1654 2870 et
1676 2838 1775 2873 AIA}
1797 2838 1878 2870 ubi-

126 2894 206 2927 que.
225 2904 261 2910 —
287 2887 397 2919 eodem
418 2887 594 2927 municipio
618 2887 688 2919 Gk.
709 2905 744 2911 ——
773 2888 824 2920 48.
848 2888 916 2928 ipse
937 2888 1046 2919 multis
1068 2888 1149 2920 ET:
1174 2887 1285 2919 multis
1305 2888 1373 2927 ipse
1395 2889 1459 2920 ΒΑ
1474 2886 1533 2921 1.ss
1548 2888 1586 2920 O.
1606 2906 1641 2910 —
1667 2896 1728 2918 sua
1748 2896 1817 2918 om.
1843 2896 1875 2919 a.

126 2935 195 2968 Sed
219 2935 261 2968 cf.
285 2944 321 2977 p.
347 2936 504 2974 Quinctio
529 2936 559 2977 ἓ.
586 2936 638 2969 411.
672 2954 705 2960 -
745 2938 797 2969 49.
821 2938 965 2969 vendidit
994 2940 1023 2969 ec
1051 2938 1508 2977 emporibus--solutionis,
1545 2946 1619 2969 cum
1646 2941 1792 2969 uteretur
1814 2937 1875 2970 Th.

127 2985 332 3017 Mommsen.
359 2985 408 3017 Cf.
434 2986 559 3018 Ravius
586 2986 681 3018 Varr.
699 2987 798 3018 Lectt.
816 2987 856 3018 ΙΙ.
874 2996 908 3028 p.
929 2987 1002 3019 480.
1022 3004 1057 3009 —
1084 2988 1294 3028 difficillimae
1317 2988 1366 3028 (ut
1387 2988 1583 3028 suspicatus
1607 2988 1662 3019 est
1677 2986 1876 3027 Lambinus)

128 3041 159 3064 a.
187 3051 222 3057 —
247 3034 300 3066 20.
323 3034 442 3066 uxoris
464 3035 535 3066 doce
556 3035 638 3067 ET:
663 3036 734 3068 dote
755 3036 872 3067 acoris
894 3035 1031 3070 RALQ
1046 3037 1083 3068 O.
1112 3054 1147 3059 —
1171 3046 1224 3069 res
1245 3040 1323 3069 esset
1345 3037 1404 3069 Tk
1422 3046 1429 3068 :
1450 3040 1528 3069 essee
1549 3045 1602 3068 res
1624 3035 1811 3069 RALsso.
1840 3053 1876 3057 —

127 3082 182 3114 24.
199 3082 255 3114 dos
270 3091 339 3116 om.
358 3084 395 3116 T.
411 3100 448 3107 —
474 3083 528 3116 23.
551 3085 695 3116 Moritur
710 3087 1035 3125 --praetermiaam
1052 3086 1278 3125 Quintilianus
1303 3087 1356 3118 lV.
1375 3087 1406 3126 2,
1426 3085 1478 3119 49.
1498 3104 1533 3109 —-
1559 3087 1612 3118 ⁵25.
1637 3095 1732 3117 usum
1754 3089 1783 3118 ec
1804 3086 1880 3126 fru-

129 3135 215 3163 ctum
230 3132 255 3164 T
278 3133 313 3165 et
333 3142 386 3175 pr.
411 3133 457 3165 E:
482 3142 578 3165 usam
598 3134 742 3175 fructum
758 3135 784 3167 R
809 3135 925 3175 (etiam
949 3144 1038 3167 corr.
1056 3136 1092 3175 E)
1117 3137 1181 3168 AL
1195 3136 1217 3169 53
1231 3137 1268 3167 O.
1295 3135 1345 3167 Cf.
1372 3136 1402 3176 g.
1422 3136 1474 3168 49.
1493 3135 1537 3167 ad
1554 3134 1670 3168 Famil.
1689 3135 1758 3166 V11.
1777 3135 1830 3174 30,
1845 3136 1877 3167 2.

133 3197 169 3204 —
199 3181 251 3214 26.
276 3182 323 3224 ut]
345 3186 383 3214 ut
403 3186 440 3215 ut
463 3184 498 3215 T.
527 3183 577 3215 Cf.
604 3184 633 3224 ἓ.
659 3184 712 3216 5⁵3.
729 3202 764 3207 —-
791 3185 844 3217 27.
869 3187 974 3218 virA.
1003 3203 1037 3207 —
1066 3186 1222 3217 iocandus
1246 3184 1351 3216 Eab.
1372 3202 1407 3206 —
1432 3185 1495 3225 fuit
1519 3186 1620 3226 (corr.
1638 3185 1672 3216 in
1693 3184 1815 3224 fuisset)
1839 3185 1878 3216 E.

134 3248 170 3253 —-
195 3230 246 3263 32.
270 3232 430 3266 maiorem
451 3233 609 3265 bonorum
631 3234 746 3267 ETa:
772 3235 931 3268 bonorum
951 3236 1112 3268 maiorem
1134 3235 1235 3267 RAL
1250 3233 1273 3269 ἓ
1287 3235 1324 3266 Ο.
1345 3250 1381 3256 -
1407 3234 1461 3267 33.
1486 3235 1686 3267 hereditaria
1707 3234 1882 3265 constituta

132 3279 336 3313 aebutius„
352 3284 544 3325 arqentario
563 3284 726 3324 promittit
746 3285 854 3320 aebuci
876 3310 883 3318 .
904 3309 912 3319 .
939 3285 981 3326 (S.
1005 3284 1071 3325 46.)
1095 3284 1202 3318 habet
1224 3286 1260 3318 P.
1281 3301 1317 3309 —-
1343 3283 1396 3318 34,
1420 3293 1454 3319 se
1475 3285 1544 3319 eius
1564 3286 1599 3318 in
1616 3284 1882 3327 familiaritatem

133 3336 214 3364 cum
237 3329 292 3365 ed.
317 3332 542 3369 Cratandrina
567 3332 609 3370 ἓ.
