2143 3713
233 232 313 274 330
744 239 798 279 IN
826 238 1046 280 VERREM
1074 239 1233 280 ACTIO
1268 240 1506 282 SECUNDA

233 345 452 395 Halesina,
484 349 785 401 Tyndaritana,
824 350 1061 398 Hennensi,
1091 351 1339 404 Agyrinensi
1370 353 1602 406 ceterisque
1635 353 1800 393 Siciliae
1831 355 1971 395 civita-

233 408 342 448 tibus
380 409 669 451 circumveniri
700 417 826 465 atque
858 413 1033 465 opprimi
1066 412 1198 452 dicis?
1241 419 1311 453 tua
1342 420 1380 454 te
1411 415 1540 455 altera
1570 415 1722 468 patria,
1767 429 1889 469 quem
1919 416 1970 456 ad

234 470 403 510 modum
433 471 571 511 dicere
602 473 791 520 solebas,
830 475 1020 514 Messana
1059 475 1352 524 circumvenit,
1398 482 1486 524 tua,
1531 477 1722 530 inquam,
1762 479 1970 526 Messana,

233 536 398 572 tuorum
429 534 611 574 adiutrix
642 536 867 583 scelerum,
907 537 1125 576 libidinum
1157 537 1291 585 testis,
1322 539 1568 591 praedarum
1599 552 1646 578 ac
1675 539 1878 579 furtorum
1909 552 1971 579 re-

201 594 404 646 sceptrix.
447 597 575 635 Adest
605 597 713 636 enim
745 597 807 636 vir
827 599 1107 650 amplissimus
1139 599 1227 638 eius
1259 600 1455 647 civitatis,
1483 600 1642 653 legatus
1673 601 1797 640 huius
1827 600 1970 640 iudicii

232 667 356 695 causa
393 657 517 697 domo
558 658 729 705 missus,
770 660 963 712 princeps
1002 660 1252 700 laudationis
1283 667 1399 709 tuae,
1441 663 1512 716 qui
1543 668 1581 702 te
1612 663 1776 715 publice
1807 663 1970 710 laudat3

230 716 287 756 ita
327 719 436 758 enim
476 721 716 759 mandatum
756 726 880 773 atque
922 722 1168 774 imperatum
1211 728 1291 761 est:
1336 725 1499 763 tametsi
1539 730 1706 777 rogatus
1738 726 1788 765 de
1818 725 1972 779 cybaea

230 781 379 821 tenetis
410 783 607 821 memoria
647 783 746 836 quid
785 785 1071 835 responderit:
1109 782 1365 824 aedificatam
1397 786 1574 838 publicis
1607 787 1766 839 operis,
1805 787 1972 840 publice

230 844 405 892 coactis,
449 846 572 898 eique
612 843 893 885 aedificandae
932 846 1098 899 publice
1138 847 1426 888 Mamertinum
1466 855 1698 888 senatorem
1729 850 1971 903 praefuisse.

179 904 342 945 toldem
373 907 424 946 ad
456 920 530 946 vos
561 907 773 960 privatim,
805 907 984 955 iudices,
1016 908 1225 959 confugit:
1256 910 1386 949 utitur
1413 910 1489 950 hac
1520 911 1631 963 lege,
1664 924 1745 964 qua
1771 911 1972 950 iudicium

229 974 312 1015 est,
352 969 561 1009 communi
600 982 693 1008 arce
732 969 954 1009 sociorum.
1014 971 1193 1010 Tametsi
1224 970 1292 1009 lex
1324 977 1385 1011 est
1415 972 1465 1011 de
1496 973 1685 1024 pecuniis
1715 973 1971 1026 repetundis,

228 1031 297 1070 ille
338 1046 381 1072 se
419 1037 541 1085 negat
571 1032 791 1084 pecuniam
822 1037 1032 1084 repetere,
1078 1046 1201 1085 quam
1234 1039 1415 1086 ereptam
1447 1048 1530 1073 non
1563 1040 1676 1074 tanto
1709 1048 1833 1088 opere
1864 1033 1973 1073 desi-

227 1094 368 1133 derat:
400 1108 515 1134 sacra
545 1107 588 1134 se
619 1094 821 1134 maiorum
852 1108 1022 1134 suorum
1052 1101 1239 1147 repetere
1270 1095 1342 1135 abs
1373 1101 1412 1135 te
1445 1097 1568 1136 dicit:
1601 1097 1701 1136 deos
1732 1102 1902 1150 penates
1931 1102 1971 1135 te

226 1157 383 1208 patrios
422 1158 617 1210 reposcit.
677 1153 740 1196 18.
772 1158 904 1210 Ecqui
938 1157 1073 1209 pudor
1103 1159 1194 1196 est?
1235 1171 1393 1211 ecquae
1424 1158 1591 1211 religio,
1631 1160 1809 1198 Verres?
1851 1159 1971 1211 ecqui

178 1221 389 1258 t5metus‘.>
438 1219 643 1259 Habitasti
689 1220 799 1272 apud
837 1220 989 1258 Heium
1026 1221 1265 1259 Messanae:
1311 1234 1376 1259 res
1418 1220 1534 1259 illuni
1567 1220 1727 1259 divinas
1759 1219 1868 1273 apud
1900 1232 1971 1259 eos

227 1279 327 1319 deos
359 1281 401 1321 in
432 1295 508 1321 suo
540 1283 719 1322 sacrario
750 1295 880 1335 prope
915 1282 1162 1335 quotidiano
1193 1282 1326 1322 facere
1358 1282 1521 1322 vidisti:
1568 1296 1652 1322 non
1683 1288 1872 1322 movetur
1900 1295 1972 1335 pe—

225 1342 369 1382 cunia:
408 1342 591 1397 denique
623 1358 729 1397 quae
761 1344 992 1384 ornamenti
1024 1358 1149 1383 causa
1177 1343 1368 1391 fuerunt,
1400 1358 1484 1384 non
1515 1346 1717 1398 requirit:
1760 1344 1833 1384 tibi
1866 1344 1971 1384 habe

226 1403 513 1457 Canephoros:
545 1406 715 1446 deorum
747 1407 967 1446 simulacra
998 1408 1181 1446 restitue.
1228 1408 1344 1455 Quae
1377 1407 1474 1460 quia
1505 1407 1627 1454 dixit,
1659 1408 1756 1461 quia
1786 1415 1971 1462 tempore

225 1465 322 1506 dato
362 1469 548 1509 modeste
588 1470 698 1523 apud
736 1483 810 1509 vos
849 1470 988 1509 socius
1028 1470 1270 1523 amicusque
1311 1470 1456 1522 populi
1487 1469 1660 1508 Romani
1693 1477 1864 1523 questus
1896 1476 1970 1517 est,

173 1538 212 1569 20
227 1529 325 1582 quia
362 1531 553 1584 religioni
594 1544 693 1571 suae
732 1545 816 1571 non
848 1533 971 1572 modo
1006 1533 1047 1572 in
1090 1533 1152 1571 dis
1194 1533 1338 1585 patriis
1369 1532 1627 1584 repetendis,
1672 1532 1743 1571 sed
1775 1534 1897 1572 etiam
1928 1534 1970 1572 iu

225 1591 316 1645 ipso
348 1594 586 1633 testimonio
619 1608 665 1634 ac
695 1594 785 1634 iure
817 1595 991 1634 iurando
1023 1595 1237 1648 proximus
1266 1594 1362 1634 fuit:
1394 1594 1604 1634 hominem
1627 1596 1796 1634 missum
1819 1596 1869 1635 ab
1892 1597 1970 1635 isto

225 1655 371 1694 scitote
402 1668 492 1695 esse
522 1657 756 1696 Messanam
789 1657 839 1696 de
870 1657 1015 1710 legatis
1047 1670 1196 1704 unum,
1243 1657 1360 1696 illum
1403 1657 1557 1709 ipsum,
1605 1657 1676 1710 qui
1715 1658 1809 1697 navi
1850 1658 1970 1697 istius

223 1714 502 1757 aedificandae
534 1718 700 1771 publice
728 1719 928 1772 praefuit,
961 1719 1033 1773 qui
1064 1732 1086 1759 a
1117 1724 1263 1758 senatu
1294 1724 1473 1772 peteret,
1505 1724 1550 1758 ut
1580 1719 1708 1759 Heius
1740 1718 1972 1760 afficeretur

223 1777 466 1831 ignominia.
525 1780 595 1820 IX.
628 1777 643 1819 4
656 1778 693 1820 9.
725 1781 860 1821 Homo
891 1781 1195 1827 amentissime,
1228 1781 1329 1834 quid
1351 1782 1537 1834 putasti?
1569 1782 1885 1834 impetraturum
1905 1784 1971 1822 te?

174 1848 211 1878 25
225 1841 369 1893 quanti
400 1841 434 1881 is
465 1855 488 1882 a
519 1843 677 1883 civibus
709 1844 794 1883 suis
826 1842 961 1891 fieret,
994 1844 1139 1898 quanti
1161 1844 1384 1884 auctoritas
1416 1844 1504 1884 eius
1534 1843 1776 1891 haberetur,
1808 1844 1972 1897 ignora-

222 1902 324 1943 bas?
365 1904 519 1944 Verum
548 1905 612 1945 fac
644 1911 683 1945 te
715 1906 1021 1960 impetravisse:
1058 1906 1121 1947 sac
1152 1906 1311 1960 aliquid
1344 1906 1509 1958 gravius
1541 1906 1583 1945 in
1604 1906 1754 1945 Heium
1776 1906 1971 1946 statuisse

222 1966 512 2007 Mamertinos:
545 1981 669 2021 quam
700 1974 822 2021 putas
854 1969 1144 2009 auctoritatem
1176 1969 1431 2008 laudationis
1463 1982 1607 2008 eorum
1637 1968 1839 2015 futuram,
1872 1968 1906 2007 si
1929 1968 1971 2007 in

223 2040 338 2075 eum,
370 2042 495 2082 quem
526 2035 689 2070 constet
709 2045 851 2071 verum
883 2046 957 2084 pro
980 2032 1221 2071 testimonio
1243 2031 1419 2077 dixisse,
1450 2044 1627 2083 poenam
1651 2030 1970 2070 constituerint?

223 2090 404 2130 Tametsi
436 2105 544 2144 quae
575 2098 637 2132 est
667 2093 744 2132 ista
775 2093 978 2141 laudatio,
1012 2108 1104 2133 cum
1135 2094 1324 2133 laudator
1344 2094 1621 2145 interrogatus
1644 2092 1781 2132 laedat
1803 2105 1971 2132 necesse

173 2162 208 2192 3ο
224 2154 312 2191 est?
361 2153 501 2202 Quid?
532 2155 599 2195 isti
631 2156 867 2196 laudatores
898 2157 981 2203 tui,
1024 2170 1107 2196 non
1139 2161 1263 2195 testes
1295 2156 1375 2195 mei
1408 2157 1529 2194 sunt?
1579 2155 1708 2194 Heius
1739 2159 1801 2194 est
1831 2154 1972 2193 lauda-

309 2297 339 2327 4.
365 2297 542 2328 Halaesina
566 2298 609 2333 R;
634 2297 766 2328 ,llesz'na
789 2297 827 2328 V.
855 2297 904 2328 Cf.
932 2297 975 2328 ad
1001 2298 1054 2328 111.
1083 2297 1113 2337 g.
1142 2297 1213 2327 ΠΟ.
1237 2314 1269 2318 -
1291 2306 1311 2327 α
1338 2296 1561 2335 Tyndaritana
1584 2295 1622 2326 Υ.
1645 2314 1678 2317 -
1697 2296 1857 2326 Hennensi
1881 2296 1905 2326 R
1922 2295 1966 2324 V:

222 2345 361 2377 Ennensi
385 2347 422 2378 O.
451 2366 485 2370 —
512 2347 543 2379 li.
569 2349 770 2387 receptatrix
793 2347 853 2378 Ld.
883 2366 916 2369 ——
943 2349 972 2378 5.
999 2347 1093 2377 huius
1117 2348 1174 2384 1³3,
1201 2347 1243 2376 V:
1270 2347 1399 2376 huiusce
1423 2346 1506 2376 dett.
1534 2346 1569 2376 O.
1592 2362 1626 2366 ν-
1653 2346 1683 2375 6.
1710 2345 1848 2374 laudant
1873 2344 1910 2374 V.
1935 2360 1969 2365 —-

222 2396 253 2426 7.
278 2395 325 2426 ita
348 2397 433 2427 enini
456 2396 514 2434 R3,
540 2397 583 2427 V:
608 2398 642 2428 id·
665 2398 750 2428 enim
766 2398 867 2437 Lagg.
896 2398 1035 2437 practer
1058 2396 1109 2427 42.
1134 2414 1168 2417 —
1187 2396 1309 2434 cybaea
1326 2398 1426 2436 Lagg.
1449 2404 1588 2427 omnes:
1616 2395 1715 2434 cybea
1732 2396 1756 2426 R
1774 2395 1812 2432 V,
1839 2393 1912 2425 rell.
1932 2395 1968 2425 O.

223 2443 271 2475 Cf.
303 2445 346 2476 ad
378 2446 416 2477 V.
448 2448 478 2486 §-
504 2445 556 2478 4!‚
591 2465 626 2469 —-
664 2447 715 2478 210.
745 2448 875 2487 eonfigyit
905 2448 940 2478 R.
979 2464 1012 2468 -—
1049 2446 1099 2477 tt.
1130 2449 1173 2476 est
1206 2447 1368 2476 communi
1398 2455 1472 2477 arce
1502 2446 1528 2475 Υ
1554 2444 1721 2483 [distincte
1747 2446 1834 2476 teste
1859 2445 1972 2475 Brun-

221 2501 308 2539 nio),
335 2502 401 2541 Lg5
426 2504 459 2533 et
481 2501 521 2534 44
547 2503 704 2542 (uterque
727 2503 746 2533 ⁶2
764 2503 845 2542 m.):
887 2506 931 2533 est
953 2503 1068 2533 mania
1091 2511 1168 2532 arce
1193 2501 1294 2533 codd.
1322 2501 1461 2538 Lamb.,
1487 2504 1532 2532 est
1554 2491 1795 2532 c—o‘muniarcae
1819 2501 1843 2532 R
1868 2499 1928 2540 [sic
1946 2502 1970 2531 R

221 2558 308 2588 teste
325 2558 504 2596 Bursiano,
530 2559 587 2599 qui
604 2559 697 2599 ipsos
714 2559 843 2590 codicis
860 2559 984 2589 ductus
1004 2558 1296 2598 repraesentavit,
1324 2559 1374 2588 cst
1399 2560 1515 2589 autem
1540 2548 1580 2589 c—:J
1597 2558 1688 2588 muni
1711 2558 1825 2587 ortum
1843 2565 1884 2587 ex
1901 2556 1971 2587 00-

220 2607 360 2649 MVN1];
388 2611 432 2638 est
448 2616 676 2639 communarce
693 2609 732 2638 Gt
756 2609 791 2644 ἒς
821 2612 864 2638 est
887 2608 1066 2638 conminnis
1091 2607 1271 2647 (commune
1293 2607 1344 2645 029)
1370 2608 1578 2647 aree1.agg.;
1604 2611 1648 2638 est
1671 2606 1849 2637 eommunis
1871 2614 1971 2637 arcae

220 2660 249 2687 et
267 2658 420 2696 privatus
443 2658 489 2688 rei
507 2658 624 2688 franc.
639 2667 645 2693 ;
672 2660 716 2688 esc
732 2658 911 2688 conznntnis
926 2661 955 2689 et
974 2658 1127 2697 privatae
1143 2657 1190 2688 rei
1207 2658 1327 2695 Naug„
1354 2666 1442 2696 quae
1460 2657 1559 2688 lectio
1577 2655 1723 2697 vulgaris
1741 2656 1828 2688 facta
1846 2658 1909 2687 est.
1932 2673 1966 2677 ψ

221 2709 258 2739 de
281 2708 465 2747 repetundis
485 2716 554 2746 pec,
581 2706 611 2745 λ,
632 2707 691 2738 G3.
717 2707 861 2747 (pecnnis
888 2708 936 2747 V.)
959 2725 992 2729 -—
1015 2708 1064 2738 «ΡΖ.
1091 2710 1182 2737 tanto
1207 2715 1300 2745 opere
1325 2707 1372 2737 sic
1391 2707 1415 2737 R
1433 2707 1460 2736 V
1484 2707 1583 2746 1329.
1606 2724 1640 2728 —
1661 2706 1711 2738 43.
1727 2706 1856 2746 penatis
1872 2705 1910 2736 V.
1933 2723 1966 2727 —

222 2761 252 2789 te
274 2757 333 2795 R3,
358 2757 403 2787 V:
431 2765 452 2787 α
476 2760 503 2787 te
527 2756 608 2787 dett.
638 2757 674 2787 Ο.
701 2756 840 2796 (patrios
863 2767 882 2787 a
908 2761 936 2787 te
961 2757 1074 2796 Lgssss.)
1096 2775 1130 2778 —
1151 2755 1201 2787 44.
1227 2759 1255 2787 et
1279 2757 1333 2795 qui
1358 2756 1412 2786 liic
1437 2758 1469 2787 ct
1495 2756 1578 2786 intra
1604 2756 1631 2786 V
1657 2758 1689 2787 et
1707 2757 1806 2796 Lagg.
1833 2756 1971 2796 praeter

220 2808 272 2838 ⁶29.
302 2825 337 2829 —
363 2815 483 2845 ecquae
506 2807 542 2844 R,
569 2808 608 2838 Gt
631 2808 661 2843 ⁶2,
688 2805 723 2837 2:
751 2810 779 2838 el
796 2816 880 2845 quae
896 2808 941 2843 Υ;
968 2816 1051 2845 quae
1070 2806 1135 2843 Ld,
1161 2815 1261 2845 ecqua
1281 2805 1421 2843 14:290.
1451 2805 1498 2836 Cf.
1519 2806 1549 2845 g.
1568 2806 1619 2836 25.
1643 2823 1676 2827 -
1702 2806 1752 2836 «15.
1779 2808 1859 2844 aput
1874 2804 1913 2834 V.
1933 2821 1967 2826 —

222 2857 273 2887 46.
299 2856 461 2887 cotidiano
486 2856 549 2894 Ra,
583 2856 684 2887 codd.
716 2856 836 2888 Lamb.
870 2855 980 2896 (prob.
1013 2856 1124 2887 Madv.
1157 2865 1190 2897 p.
1217 2856 1267 2886 60.
1294 2854 1394 2886 Orell.
1427 2855 1470 2885 ad
1501 2856 1591 2886 Orat.
1626 2856 1656 2894 g.
1682 2855 1771 2894 4⁴20):
1801 2853 1915 2885 cotidie
1942 2854 1970 2883 V

223 2906 337 2945 (etiam
362 2908 450 2938 teste
468 2907 549 2944 Br.),
576 2907 716 2945 quotidie
733 2907 769 2937 O.
791 2925 825 2928 —
845 2916 907 2937 non
934 2910 1027 2937 uelut·
1043 2908 1078 2937 R.
1102 2925 1136 2929 —
1157 2907 1207 2937 47.
1233 2905 1287 2936 tibi
1311 2905 1390 2935 habe
1414 2905 1471 2938 Ra.
1499 2906 1537 2942 V,
1564 2903 1595 2942 λ,
1622 2904 1720 2945 ng.
1751 2903 1803 2942 (cs.
1823 2903 1853 2943 ἓ.
1874 2902 1966 2941 451);

223 2956 279 2986 tibi
304 2964 372 2987 om.
400 2955 483 2986 dett.
511 2957 546 2986 O.
568 2956 675 2986 -·-18.
704 2959 732 2986 et
755 2956 889 2986 deorum
905 2955 945 2994 Υ,
972 2958 1005 2986 ut
1030 2957 1180 2994 xidctur,
1206 2955 1267 2987 scd
1293 2958 1321 2985 et
1345 2957 1559 2995 punctatum.
1588 2955 1666 2993 (Br.)
1687 2971 1720 2975 —-
1742 2953 1792 2983 49.
1819 2955 1971 2990 quaestus

224 3007 246 3037 R
266 3006 303 3036 V.
333 3023 367 3028 —
393 3006 445 3036 ΞΟ.
472 3006 649 3044 repetendis
673 3006 695 3036 R
713 3005 756 3043 V,
785 3007 904 3045 lagg:
939 3007 1123 3045 repetundis
1147 3006 1211 3041 (33,
1238 3006 1274 3036 O.
1302 3023 1335 3025 —
1366 3005 1414 3035 2²1.
1442 3008 1510 3035 test.
1543 3014 1581 3035 ac
1607 3005 1676 3034 iure
1699 3003 1760 3040 Ra,
1786 3002 1831 3039 V,
1860 3002 1965 3041 [ἕως

221 3057 292 3086 inre
315 3065 355 3086 ae
377 3059 445 3087 test.
472 3054 556 3086 dett.
583 3057 619 3085 O.
649 3073 683 3077 —
708 3057 760 3087 ⁶23.
787 3060 822 3086 ut
845 3056 912 3086 eius
937 3057 971 3087 R.
1001 3073 1035 3076 —
1062 3057 1149 3095 assic.
1175 3056 1294 3095 ignom„
1321 3054 1386 3088 R-3,
1415 3054 1452 3087 Υ,
1479 3053 1513 3090 λ,
1543 3055 1642 3093 Lagg.
1671 3060 1811 3083 omnes:
1846 3052 1966 3090 iqnom.

221 3105 308 3144 offic.
328 3106 365 3136 Ο.
392 3104 600 3145 (adficeretur
615 3105 694 3144 RV.)
714 3123 747 3127 —
776 3105 827 3137 24.
855 3106 932 3144 qnid
943 3107 1067 3144 putasti
1090 3107 1216 3144 impetr.
1235 3109 1263 3135 te
1287 3106 1310 3135 R
1328 3105 1355 3133 V
1381 3104 1490 3144 (prol).
1511 3104 1622 3135 Madv.
1643 3112 1697 3143 ep.
1717 3111 1749 3143 p.
1768 3102 1821 3132 52
1841 3102 1966 3142 Opusc.

221 3156 245 3185 1.
272 3163 304 3194 p.
323 3154 429 3193 358.>:
456 3155 510 3193 qui
532 3156 658 3193 putasti
680 3156 758 3194 imp.
781 3159 809 3187 te
827 3156 891 3192 (333
919 3156 996 3194 qnid
1014 3154 1163 3194 putasti?
1187 3158 1215 3185 te
1238 3155 1313 3193 imp.
1341 3153 1424 3183 dett.
1453 3155 1489 3184 0.
1513 3172 1547 3176 —
1574 3154 1625 3184 25.
1653 3151 1782 3191 quantis
1805 3161 1824 3181 a
1852 3150 1916 3185 1.d;
1943 3151 1970 3181 is

223 3212 291 3234 orn.
310 3204 348 3235 V.
371 3222 405 3226 —
424 3204 476 3235 26.
501 3213 615 3234 *verum
639 3212 707 3235 om.
728 3206 827 3244 Lat-fg.
850 3222 884 3226 —
909 3206 1006 3244 facite
1031 3206 1066 3243 R,
1094 3204 1152 3235 Ld.
1175 3222 1207 3225 —
1227 3204 1440 3242 inpetraznsse
1457 3204 1494 3233 V.
1517 3220 1550 3224 —
1571 3202 1687 3240 aliquit
1709 3202 1745 3231 R.
1768 3218 1802 3221 ψ
1822 3201 1877 3231 27.
1896 3202 1969 3231 Ma-

222 3254 375 3284 mertinos
397 3262 466 3284 om.
487 3254 587 3293 Lagg.
607 3255 745 3294 practer
762 3255 812 3285 29.
834 3272 867 3276 —
896 3263 993 3293 quam
1019 3256 1055 3292 R,
1075 3255 1140 3285 G3:
1168 3257 1323 3292 quantam
1341 3253 1367 3282 Υ
1394 3253 1484 3287 1Ιίικ),
1512 3253 1611 3291 Lagg.
1631 3252 1668 3281 Ο.
1691 3268 1724 3272 -
1743 3251 1769 3280 si
1794 3250 1836 3291 in]
1861 3251 1911 3281 sin
1926 3251 1965 3280 V.

227 3319 261 3323 —
288 3302 339 3332 228.
366 3304 592 3333 constituerent
616 3304 716 3341 Lagg.
739 3321 772 3324 -
795 3304 843 3334 29.
872 3304 932 3333 ista
957 3304 1045 3333 laud.
1071 3303 1093 3333 R
1109 3303 1147 3340 V,
1167 3304 1273 3342 Lagg:
1301 3302 1389 3332 land.
1420 3302 1482 3332 ista
1506 3301 1564 3337 (23,
1590 3299 1620 3330 λ.
1643 3316 1677 3322 -—
1698 3300 1749 3329 30.
1775 3309 1839 3330 non
1856 3300 1913 3337 Ra,
1929 3298 1964 3330 λε

224 3360 329 3383 nonne
342 3352 369 3382 V
383 3353 475 3393 (Bu),
494 3353 592 3393 Lagg.
610 3353 646 3391 O,
667 3351 760 3394 quod
775 3353 892 3392 [recte]
908 3354 1022 3385 tuetur
1036 3351 1184 3384 klotzius
1198 3351 1316 3393 Suppl.
1332 3351 1376 3382 ad
1390 3351 1488 3383 Tusc.
1504 3359 1537 3392 p.
1554 3351 1604 3381 40.
1629 3350 1671 3380 At
1683 3348 1726 3380 cs.
1743 3350 1780 3380 V.
1800 3350 1830 3390 5.
1846 3350 1896 3381 45.
1911 3349 1964 3381 84.
