2143 3713
198 218 278 260 380

853 401 1286 441 ACCUSATIONIS

1047 502 1089 533 m

541 595 610 644 C.
747 595 801 645 V
898 597 955 645 E
1054 597 1120 646 R
1213 599 1283 648 R
1379 602 1436 650 E
1529 601 1602 649 M

869 725 1010 757 Lmen
1042 725 1268 763 QiuNTus.

785 830 868 871 DE
923 831 1342 874 SUPPLICIIS.

281 1056 383 1089 Liber
412 1057 551 1097 quintus
581 1057 804 1089 verrinarum
838 1059 959 1091 iiSdem
990 1060 1168 1092 codicibus
1201 1062 1415 1099 continetur,
1449 1072 1535 1103 quos
1561 1064 1603 1095 ad
1627 1063 1753 1096 librum
1778 1069 1937 1106 quartum

196 1107 559 1138 commemoravimus.
607 1106 823 1148 Palimpsesti
854 1109 1006 1140 Vaticani
1039 1110 1125 1142 haec
1156 1112 1272 1142 extant
1301 1111 1502 1148 fragmenta.
1552 1114 1579 1151 t)
1613 1122 1688 1154 cap.
1714 1115 1857 1147 XXVIII.
1883 1117 1935 1148 Ἡ.

190 1159 326 1196 propter
347 1157 431 1187 lianc
453 1166 588 1187 causam
607 1175 641 1179 —
662 1157 692 1197 S.
716 1158 767 1188 72.
794 1159 1086 1199 crudelissimoque.
1134 1162 1162 1199 1).)
1190 1170 1263 1201 cap.
1283 1162 1394 1193 XXXI.
1414 1163 1465 1193 80.
1493 1163 1686 1204 [praesi]dio
1707 1174 1818 1195 verum
1842 1167 1940 1196 etiam

190 1207 318 1245 praeda
335 1224 368 1228 —
390 1207 516 1237 XXXII.
536 1207 588 1238 85.
620 1208 709 1246 Vide,
736 1209 813 1247 quid
835 1209 920 1246 inter
942 1212 977 1239 tu
993 1235 998 1240 .
1016 1234 1022 1241 .
1071 1210 1100 1250 3)
1129 1219 1204 1251 cap.
1223 1212 1365 1243 XXXVI.
1385 1211 1436 1244 922.
1454 1221 1570 1253 sogum
1596 1214 1743 1244 31111111-
1764 1215 1936 1246 XXXVIII.

194 1255 246 1287 99.
272 1256 435 1287 Siculosne
457 1256 588 1295 milites,
625 1261 810 1289 aratorum.
859 1258 887 1297 [1)
920 1267 995 1300 cap.
1022 1259 1086 1291 XL.
1116 1259 1187 1291 404„
1221 1260 1448 1301 [disso]ltctus,
1485 1263 1539 1301 qui
1570 1263 1654 1294 solus
1681 1281 1714 1285 —
1741 1264 1836 1295 XLII.
1863 1264 1936 1296 409.

194 1306 280 1337 domi
306 1307 497 1345 reliquisses.
545 1307 574 1346 ὅ)
601 1316 675 1348 cap.
702 1308 813 1339 XLIV.
840 1308 912 1340 Isllt.
939 1309 998 1339 isto
1017 1312 1171 1348 praetore
1196 1311 1228 1341 in
1251 1312 1315 1342 Sic.
1342 1329 1376 1333 —
1409 1313 1504 1343 XLV.
1532 1313 1603 1344 119.
1635 1313 1737 1353 Atque
1760 1314 1820 1353 ipsi
1842 1315 1939 1346 etiam

194 1356 419 1388 adulescentes.
467 1356 495 1397 6)
521 1365 598 1399 cap.
623 1357 720 1390 XLV.
748 1357 820 1390 420.
847 1357 1087 1399 loquebantur?
1119 1368 1184 1391 non
1208 1369 1315 1393 omnes
1340 1379 1374 1383 -
1402 1362 1467 1393 LII.
1495 1362 1566 1393 436.
1595 1362 1640 1393 Tu
1662 1363 1695 1394 in
1719 1371 1816 1403 prov.
1841 1365 1874 1396 P.
1899 1365 1936 1397 R.

191 1414 266 1438 cum
288 1405 355 1439 tibi.

306 1592 336 1630 Ι.
369 1587 406 1630 sl.
436 1591 600 1631 Nemini
631 1591 752 1632 video
776 1592 945 1632 dubium
969 1606 1080 1640 esse,
1112 1592 1290 1640 iudices,
1322 1594 1420 1646 quin
1445 1595 1703 1647 apertissime
1727 1595 1767 1634 C.
1790 1596 1938 1636 Verres

194 1656 237 1695 in
262 1654 400 1694 Sicilia
431 1666 545 1693 sacra
575 1655 831 1708 profanaque
863 1655 1001 1694 omnia
1032 1660 1072 1694 et
1100 1655 1291 1708 privatim
1322 1661 1361 1695 et
1391 1656 1557 1708 publice
1589 1658 1775 1709 spoliarit
1803 1671 1939 1698 versa-

194 1721 344 1769 tusque
376 1715 429 1755 sit
459 1715 548 1756 sine
579 1717 664 1756 ulla
694 1731 776 1756 non
808 1718 929 1756 modo
960 1717 1183 1769 religione,
1216 1732 1354 1757 verum
1387 1719 1509 1757 etiam
1541 1718 1865 1759 dissimulatione
1896 1721 1938 1760 in

195 1779 306 1818 omni
339 1790 490 1830 genere
520 1778 682 1819 furandi
715 1786 840 1833 atque
876 1780 1115 1833 praedandi.
1177 1780 1257 1819 Sed
1292 1780 1494 1833 quaedam
1526 1781 1625 1820 mihi
1658 1780 1870 1834 magnifica
1899 1789 1940 1823 et

161 1841 401 1896 spraeclara
432 1842 519 1880 eius
552 1841 740 1882 defensio
773 1843 1015 1889 ostenditur,
1047 1842 1112 1882 cui
1145 1855 1265 1895 quem
1297 1842 1347 1881 ad
1380 1842 1545 1882 modum
1577 1844 1779 1891 resistam,
1810 1844 1937 1884 multo

193 1903 293 1944 mihi
323 1909 418 1943 ante
441 1908 524 1951 est,
556 1904 727 1952 iudices,
749 1905 1066 1958 providendum.
1103 1906 1162 1943 Ita
1184 1905 1293 1944 enim
1316 1917 1436 1944 rausa
1458 1906 1740 1952 constituitur,
1772 1907 1939 1960 provin-

194 1967 297 2006 ciam
330 1966 512 2006 Siciliam
543 1967 692 2007 virtute
724 1968 843 2007 istius
876 1973 915 2007 et
943 1968 1153 2020 vigilantia
1185 1967 1384 2019 singulari
1412 1968 1545 2007 dubiis
1575 1967 1937 2024 formidolosisque

192 2029 447 2082 temporibus
493 2042 516 2068 a
558 2029 744 2082 fugitivis
789 2035 913 2083 atque
958 2044 981 2069 a
1026 2030 1124 2069 belli
1173 2030 1368 2083 periculis
1413 2036 1540 2069 tutam
1587 2045 1678 2071 esse
1723 2039 1937 2072 servatam.

192 2089 230 2131 (2.
263 2091 371 2139 Quid
403 2104 542 2144 agam,
574 2093 761 2133 iudices?
796 2108 878 2147 quo
909 2093 1178 2133 accusationis
1210 2105 1325 2132 meae
1358 2093 1556 2132 rationem
1588 2094 1825 2134 conseram?
1857 2108 1938 2148 quo

144 2161 257 2194 tome
295 2158 484 2195 vertam?
525 2154 575 2194 ad
618 2168 760 2195 omnes
801 2157 910 2195 enim
948 2170 1061 2195 meos
1100 2156 1274 2208 impetus
1315 2155 1431 2207 quasi
1473 2170 1611 2195 murus
1643 2158 1809 2210 quidam
1840 2158 1939 2198 boni

192 2231 344 2258 nomen
375 2217 639 2270 imperatoris
670 2219 901 2271 opponitur.
951 2219 1054 2258 Novi
1086 2218 1243 2258 locum:
1276 2217 1420 2263 video,
1453 2218 1523 2257 ubi
1557 2232 1599 2258 se
1631 2220 1856 2258 iactaturus
1887 2220 1940 2260 sit

191 2280 452 2320 Hortensius.
498 2279 601 2319 Belli
631 2281 834 2332 pericula,
867 2286 1054 2332 tempora
1084 2280 1143 2319 rei
1175 2279 1375 2332 publicae,
1408 2280 1701 2333 imperatorum
1723 2283 1939 2334 penuriam

192 2342 548 2382 commemorabit:
581 2347 667 2381 tum
699 2343 989 2395 deprecabitur
1019 2356 1041 2382 a
1071 2342 1207 2388 vobis,
1241 2347 1327 2380 tum
1359 2342 1481 2381 etiam
1512 2356 1586 2395 pro
1619 2357 1691 2383 suo
1723 2345 1810 2384 iure
1842 2358 1939 2384 con-

192 2405 356 2452 tendet,
388 2418 440 2444 ne
471 2405 685 2458 patiamini
708 2405 831 2444 talem
862 2405 1153 2458 imperatorem
1185 2404 1342 2456 populo
1366 2405 1549 2444 Romano
1573 2405 1804 2446 Siculorum
1827 2407 1939 2446 testi-

142 2473 178 2503 45
192 2468 342 2509 moniis
374 2469 490 2521 eripi,
522 2481 573 2507 ne
605 2467 734 2507 obteri
766 2467 928 2507 laudem
951 2467 1259 2520 imperatoriam
1291 2466 1531 2506 criminibus
1561 2468 1757 2507 avaritiae
1787 2468 1938 2509 velitis.

192 2529 229 2569 3.
260 2531 349 2570 Non
381 2543 549 2583 possum
581 2529 865 2577 dissimulare,
896 2530 1078 2570 iudices:
1119 2531 1265 2577 timeo,
1296 2544 1347 2569 ne
1381 2530 1422 2569 C.
1455 2531 1603 2569 Verres
1634 2537 1803 2584 propter
1831 2531 1938 2572 hanc

193 2592 385 2632 eximiam
417 2592 609 2632 virtutem
639 2594 681 2632 in
712 2606 753 2632 re
776 2593 940 2632 militari
965 2593 1127 2640 omnia,
1160 2606 1264 2647 quae
1285 2592 1396 2638 fecit,
1430 2592 1596 2646 impune
1618 2593 1772 2633 fecerit.
1818 2594 1938 2634 Venit

192 2654 303 2694 enim
333 2653 436 2694 mihi
468 2654 510 2693 in
538 2659 739 2701 mentem,
771 2655 812 2693 111
837 2655 991 2695 iudicio
1018 2655 1081 2695 Μ’.
1103 2655 1260 2708 Aquilii
1284 2659 1481 2708 quantum
1503 2655 1777 2703 auctoritatis,
1810 2669 1938 2709 quan-

192 2722 276 2757 tum
309 2716 506 2756 momenti
538 2717 669 2757 oratio
699 2718 752 2756 M.
783 2718 950 2758 Antonii
980 2717 1176 2758 habuisse
1208 2717 1439 2757 existimata
1470 2717 1542 2756 sit:
1577 2717 1674 2770 qui,
1704 2723 1749 2757 ut
1780 2723 1866 2757 erat
1895 2717 1937 2756 in

141 2784 177 2813 20
193 2779 369 2819 dicendo
400 2792 483 2818 non
515 2779 645 2818 solum
678 2780 861 2833 sapiens,
893 2781 965 2819 sed
998 2781 1120 2820 etiam
1152 2779 1287 2825 sortis,
1320 2792 1444 2818 causa
1474 2793 1599 2833 prope
1630 2784 1821 2832 perorata
1849 2779 1936 2832 ipse

191 2841 364 2895 arripuit
406 2841 471 2881 Μ’.
508 2841 718 2894 Aquilium
761 2843 1056 2896 constituitque
1100 2843 1143 2882 in
1186 2846 1411 2894 conspectu
1451 2842 1635 2881 omnium
1674 2842 1936 2894 tunicamque

277 3006 456 3036 Isscmrrio
481 3011 659 3034 ORATIONIS.
697 3003 791 3034 Liber
817 3004 880 3035 ΠΙ,
908 3005 992 3044 Lgt3
1017 3004 1085 3035 Lib.
1114 3005 1177 3036 I'II.
1203 3006 1232 3035 et
1253 3003 1385 3033 ultimus
1402 3003 1468 3042 Lgb'
1486 3004 1543 3041 273
1570 3003 1602 3034 in
1627 3001 1699 3033 rell.
1720 3003 1819 3041 Lagg.
1839 3002 1938 3034 deest

191 3055 294 3087 inseri
324 3055 380 3085 tio.

276 3064 319 3136 2?
334 3104 487 3143 spoliaret
511 3104 547 3135 R.
569 3120 602 3124 —
632 3103 661 3134 3.
688 3104 785 3134 etiam
809 3112 877 3134 om.
905 3104 1007 3143 Lagg.
1034 3103 1117 3134 dett.
1148 3121 1181 3125 —
1210 3103 1240 3133 5.
1269 3102 1406 3141 defensio
1430 3102 1498 3133 eius
1521 3100 1539 3132 λ
1557 3102 1614 3133 G3.
1643 3119 1675 3123 —
1705 3102 1734 3132 6.
1761 3102 1838 3132 mihi
1863 3106 1938 3134 ante

192 3158 236 3185 est
266 3155 333 3185 ind.
361 3155 384 3185 R
411 3153 494 3184 dett.
515 3153 635 3192 (Madv.
655 3154 714 3193 Op.
736 3155 758 3184 1.
778 3163 811 3194 p.
831 3154 917 3192 365.)
938 3163 943 3183 :
971 3157 1046 3184 ante
1069 3157 1113 3184 est
1134 3153 1211 3183 milei
1229 3154 1308 3191 (om.
1328 3153 1407 3190 iud.)
1427 3153 1491 3188 033
1517 3153 1594 3183 mihi
1611 3156 1702 3187 ante,
1728 3152 1810 3190 iud„
1836 3156 1880 3183 esc
1897 3153 1934 3184 Ο.

194 3220 228 3224 -
248 3204 278 3234 7.
304 3204 394 3234 istius
410 3202 472 3234 R3:
499 3203 565 3233 eius
589 3202 673 3233 dett.
694 3203 730 3232 Ο.
747 3219 781 3223 -
810 3203 860 3233 40.
887 3203 990 3233 omnis
1013 3203 1050 3235 R.
1073 3220 1106 3225 -
1134 3202 1185 3233 «¹4.
1210 3202 1322 3241 populi
1341 3203 1375 3232 R.
1396 3202 1432 3232 R.
1455 3219 1489 3223 —
1518 3202 1566 3232 45.
1593 3210 1632 3232 ne
1656 3202 1721 3232 113:
1748 3210 1825 3233 neve
1849 3202 1932 3233 dett.

194 3252 230 3283 O.
260 3270 294 3274 —
322 3252 372 3283 47.
397 3253 472 3283 virt.
499 3253 655 3283 eaeimiam
680 3252 763 3283 dett.
790 3252 826 3283 O.
864 3252 913 3283 Cl'.
941 3252 1051 3283 Madv.
1079 3260 1111 3292 p.
1138 3252 1189 3283 57.
1227 3269 1261 3273 —-
1297 3252 1348 3281 48.
1375 3251 1407 3281 in
1432 3254 1567 3282 mentem
1589 3251 1745 3282 iudicium
1768 3251 1868 3290 ng.
1896 3268 1930 3272 —

192 3300 262 3341 M'.]
284 3301 329 3331 M.
349 3302 450 3333 codd.
471 3304 505 3333 et
529 3303 578 3333 sic
595 3302 772 3343 detnceps.
794 3319 828 3324 ——
848 3302 968 3341 Aquilii
985 3302 1009 3333 R
1028 3303 1062 3333 et
1078 3302 1180 3341 Lagg.
1200 3302 1244 3341 (et
1260 3301 1310 3332 sic
1328 3299 1437 3340 alias):
1464 3301 1596 3340 Aquillii
1613 3302 1649 3332 Ο.
1677 3300 1725 3332 Cf.
1743 3310 1776 3342 p.
1797 3300 1932 3338 Quinct.

194 3349 223 3391 ἓ.
252 3351 280 3383 4.
309 3367 342 3372 -
371 3352 422 3382 20.
447 3352 500 3383 sed
523 3355 552 3384 et
575 3351 636 3384 (33.
