2143 3713
283 257 362 298 646
831 256 1029 297 ORATIO
1059 256 1161 296 PRO
1195 256 1237 296 C.
1268 256 1483 297 RABIRIO

284 372 488 411 amicitiae
528 373 732 416 vetustas,
779 383 868 408 cum
900 368 1078 421 dignitas
1108 368 1309 415 hominis,
1350 383 1442 408 cum
1474 368 1577 407 ratio
1607 367 1894 415 humanitatis,
1940 383 2032 409 cum

287 446 401 472 meae
441 433 548 472 vitae
588 436 788 484 perpetua
827 431 1083 470 consuetudo
1122 431 1173 469 ad
1216 431 1258 470 C.
1289 431 1497 469 Rabirium
1531 428 1838 468 defendendum
1870 435 1932 470 est
1962 431 2033 470 ad-

285 495 464 541 hortata,
496 499 581 533 tum
611 506 728 540 vero,
760 498 805 532 ut
835 493 877 532 id
910 492 1209 532 studiosissime
1240 492 1437 539 facerem,
1469 491 1580 530 salus
1611 490 1670 529 rei
1693 490 1906 543 publicae,
1938 506 2037 531 con-

288 556 423 595 sulare
454 555 657 602 officium,
702 555 939 594 consulatus
985 553 1167 606 denique
1206 555 1294 606 ipse
1334 554 1433 593 mihi
1464 567 1544 591 una
1577 566 1599 591 a
1630 551 1748 591 vobis
1779 565 1871 591 cum
1905 553 2038 594 salute

256 617 346 657 5rei
378 618 570 670 publicae
601 617 911 656 commendatus
952 616 1097 666 coegit.
1160 617 1250 655 Non
1282 616 1390 655 enim
1424 616 1465 655 C.
1489 614 1698 654 Rabirium
1732 613 1854 666 culpa
1884 614 2038 663 delicti,

288 694 369 719 non
400 679 556 719 invidia
595 679 724 725 vitae,
762 692 847 717 non
878 678 1059 731 denique
1091 683 1251 717 veteres
1282 678 1413 717 iustae
1447 689 1677 729 gravesque
1709 675 1950 716 inimicitiae
1983 677 2040 717 ci-

289 741 396 781 vium
436 741 477 780 in
519 740 740 780 discrimen
781 740 927 793 capitis
967 745 1241 787 vocaverunt,
1283 739 1354 779 sed
1387 745 1429 779 ut
1464 739 1565 778 illud
1598 751 1804 778 summum
1835 738 2039 778 auxilium

288 803 512 843 maiestatis
552 808 675 856 atque
718 802 907 854 imperii,
947 801 1060 855 quod
1092 802 1211 841 nobis
1243 815 1265 840 a
1296 802 1521 841 maioribus
1553 807 1615 840 est
1645 799 1859 846 traditum,
1906 799 1956 839 de
1997 813 2040 838 re

287 866 451 919 publica
490 865 728 910 tolleretur,
770 869 814 903 ut
855 864 957 903 nihil
998 864 1170 917 posthac
1200 864 1424 903 auctoritas
1456 870 1644 911 senatus,
1687 865 1790 906 nihil
1823 862 2039 901 consulare

240 928 526 982 stoimperium,
559 927 661 965 nihil
691 926 912 965 consensio
944 926 1146 965 bonorum
1180 931 1324 965 contra
1354 930 1512 977 pestem
1543 939 1589 964 ac
1619 927 1843 978 perniciem
1866 923 2040 963 civitatis

288 990 464 1036 valeret,
495 988 648 1028 idcirco
680 988 722 1027 in
752 988 817 1026 his
848 988 971 1027 rebus
1006 989 1239 1027 evertendis
1270 989 1393 1027 unius
1423 988 1606 1026 hominis
1629 994 1838 1036 senectus,
1869 984 2040 1026 infirmi-

288 1059 346 1092 tas
379 1051 643 1102 solitudoque
675 1055 827 1090 tentata
859 1055 932 1089 est.
991 1049 1029 1089 23.
1061 1049 1195 1097 Quam
1228 1051 1278 1089 ob
1311 1063 1415 1096 rem,
1448 1050 1480 1089 si
1503 1055 1564 1089 cst
1585 1050 1683 1089 honi
1708 1051 1914 1097 consulis,
1947 1063 2039 1089 cum

288 1118 436 1153 cuncta
472 1112 627 1152 auxilia
664 1113 722 1151 rei
759 1112 950 1165 publicae
991 1112 1229 1152 labefactari
1261 1112 1525 1165 convellique
1566 1112 1723 1160 videat,
1772 1113 1878 1152 ferre
1921 1126 2039 1166 opem

288 1175 466 1228 patriae,
513 1188 753 1214 succurrere
799 1173 921 1213 saluti
970 1173 1232 1227 fortunisque
1272 1174 1580 1220 communibus,
1629 1175 1848 1228 implorare
1888 1175 2040 1214 civium

245 1236 433 1283 t5tidem,
479 1250 594 1275 suam
637 1237 813 1276 salutem
854 1236 1126 1288 posteriorem
1167 1237 1300 1275 salute
1340 1236 1547 1275 communi
1592 1236 1770 1276 ducere:
1817 1241 1879 1277 est
1919 1237 2039 1276 etiam

288 1299 489 1337 bonorum
520 1302 562 1337 et
590 1298 758 1338 fortium
790 1298 959 1345 civium,
992 1299 1138 1352 quales
1159 1312 1233 1338 vos
1265 1298 1457 1337 omnibus
1488 1299 1544 1337 rei
1576 1299 1761 1351 publicae
1784 1298 2041 1351 temporibus

289 1360 526 1407 exstitistis,
556 1361 834 1400 intercludere
867 1374 1009 1400 omues
1041 1361 1295 1400 seditionum
1317 1361 1428 1406 vias,
1462 1361 1622 1399 munire
1654 1362 1860 1414 praesidia
1881 1360 1940 1400 rei
1966 1374 2041 1412 pu-

288 1422 444 1469 blicae,
477 1436 682 1462 summum
714 1423 756 1462 in
788 1423 1027 1462 consulibus
1058 1423 1298 1476 imperium,
1336 1436 1538 1462 summum
1571 1424 1611 1462 in
1646 1429 1791 1463 senatu
1824 1423 2041 1463 consitium

290 1489 457 1536 putare,
489 1498 538 1523 ea
568 1485 639 1538 qui
670 1490 834 1525 secutus
866 1485 939 1531 sit,
971 1485 1092 1524 laude
1124 1485 1263 1537 potius
1295 1490 1335 1524 et
1365 1484 1522 1524 honore
1555 1500 1678 1538 quam
1710 1500 1845 1538 poena
1877 1491 1915 1524 et
1946 1499 2043 1537 sup-

241 1558 275 1585 020
290 1546 415 1599 plicio
447 1545 617 1598 dignum
650 1547 850 1587 iudicare.
910 1545 947 1585 4.
981 1548 1115 1595 Quam
1147 1547 1198 1586 ob
1228 1561 1313 1586 rem
1340 1547 1456 1586 labor
1477 1548 1518 1586 in
1540 1548 1618 1587 hoc
1639 1547 1902 1589 defendendo
1925 1560 2042 1599 prae-

292 1609 412 1660 cipue
452 1622 569 1648 meus
609 1614 693 1656 est,
734 1610 914 1649 studium
947 1623 1044 1649 vero
1075 1609 1349 1648 conservandi
1379 1609 1558 1649 hominis
1591 1624 1807 1650 comnmne
1840 1609 1940 1649 mihi
1971 1622 2043 1648 vo-

291 1670 451 1709 biscum
491 1684 580 1710 esse
621 1672 799 1711 debebit.
859 1672 908 1710 11.
950 1672 1016 1711 Sic
1058 1672 1167 1711 enim
1208 1671 1444 1710 existimare
1477 1671 1657 1719 debetis,
1701 1672 1904 1720 Quirites,
1950 1676 2045 1724 post

291 1733 507 1772 hominum
547 1734 785 1773 memoriam
829 1748 915 1773 rem
953 1734 1108 1773 nullam
1148 1735 1364 1780 maiorem,
1408 1734 1537 1785 magis
1578 1735 1874 1787 periculosam,
1913 1734 2043 1785 magis

292 1796 342 1834 ab
383 1795 574 1835 omnibus
612 1795 730 1835 vobis
767 1795 1090 1849 providendam,
1131 1809 1268 1849 neque
1303 1809 1326 1835 a
1357 1795 1523 1834 tribuno
1555 1796 1609 1849 pl.
1641 1801 1876 1848 susceptam
1907 1808 2042 1848 neque

243 1868 278 1896 ⁶25
295 1870 317 1897 a
349 1857 518 1896 consule
552 1857 766 1897 defensam
796 1871 932 1912 neque
964 1858 1014 1897 ad
1045 1859 1246 1911 populum
1278 1858 1509 1897 Romanum
1541 1872 1631 1898 esse
1663 1858 1854 1897 delatam.
1899 1857 2045 1909 Agitur

293 1919 405 1957 enim
447 1919 550 1959 nibil
593 1920 706 1960 aliud
737 1920 779 1959 in
809 1920 885 1960 hac
917 1934 1060 1967 causa,
1102 1920 1308 1969 Quirites,
1347 1920 1426 1959 nisi
1457 1925 1502 1959 ut
1531 1921 1690 1960 nullum
1722 1921 1773 1959 sit
1801 1919 1973 1973 posthac
2004 1920 2042 1959 in

292 1994 334 2019 re
366 1981 530 2034 publica
559 1983 771 2035 publicum
804 1984 1047 2030 consilium,
1091 1984 1207 2022 nulla
1236 1984 1440 2022 bonorum
1474 1984 1690 2023 consensio
1722 1988 1866 2023 contra
1894 1983 2044 2035 impro—

291 2043 438 2082 borum
477 2044 661 2084 furorem
702 2050 742 2084 et
782 2045 1018 2093 audaciam,
1061 2046 1221 2085 nullum
1253 2045 1449 2084 extremis
1480 2046 1538 2085 rei
1567 2046 1757 2098 publicae
1789 2045 2044 2097 temporibus

293 2106 524 2159 perfugium
557 2112 596 2146 et
625 2107 877 2160 praesidium
909 2108 1067 2148 salutis.
1126 2107 1162 2146 fi.
1197 2108 1311 2155 Quae
1344 2122 1433 2147 cum
1466 2109 1520 2147 ita
1552 2108 1654 2154 sint,
1700 2108 1899 2160 primum,
1933 2107 2041 2160 quod

242 2168 335 2207 aoin
368 2173 479 2207 tanta
511 2168 776 2209 dimicatione
808 2170 974 2223 capitis,
1004 2170 1137 2210 famae
1168 2170 1510 2223 fortunarumque
1538 2170 1722 2209 omnium
1754 2168 1840 2208 lieri
1874 2183 2043 2209 necesse

380 2372 409 2402 tt.
435 2380 509 2402 cum
533 2371 621 2411 (liyn.
646 2371 800 2410 hominis,
827 2381 898 2403 cum
916 2382 944 2403 r.
964 2373 1194 2408 humanitatis,
1220 2383 1290 2404 cum
1309 2381 1399 2404 meac
1423 2374 1443 2403 S
1457 2382 1473 2404 a
1489 2372 1509 2403 d
1525 2382 1542 2404 e
1558 2373 1612 2413 gh
1626 2373 1633 2404 i
1648 2372 1656 2404 l
1671 2382 1705 2404 m
1720 2382 1739 2404 n
1765 2374 1799 2404 et
1815 2373 1833 2403 3
1851 2373 1951 2404 Oxx.:
1978 2376 2046 2404 tum

292 2422 379 2462 cligyn.
406 2422 436 2452 Ιι.
462 2424 530 2451 tum
553 2430 583 2452 r.
600 2421 734 2452 human.
760 2425 828 2452 tum
851 2430 941 2453 'meae
966 2422 986 2453 b
1002 2433 1020 2454 c
1035 2424 1080 2454 t'k
1106 2426 1139 2455 ct
1163 2425 1199 2455 Ο.
1218 2442 1251 2446 —
1279 2424 1309 2454 3.
1335 2424 1469 2454 lim-tata
1493 2424 1516 2453 Τ
1531 2424 1566 2454 L.
1584 2441 1617 2444 —
1644 2423 1722 2463 tion]
1748 2426 1782 2453 at
1805 2431 1823 2452 a
1838 2422 1859 2453 b
1875 2431 1892 2453 c
1907 2421 1927 2453 d
1943 2431 1960 2453 e
1976 2422 1994 2452 h
2012 2423 2042 2453 k.

295 2488 329 2491 —
356 2470 387 2501 li.
412 2479 480 2500 una
504 2479 524 2500 α
546 2470 635 2501 vobis
651 2469 812 2501 Orellius:
840 2480 908 2502 una
929 2472 1092 2504 vobiscum
1116 2473 1236 2510 codd.y
1264 2474 1345 2510 1103
1372 2473 1429 2503 uni
1453 2483 1473 2503 (ι
1497 2473 1584 2503 vobis
1608 2473 1808 2503 Torrentius
1832 2472 1864 2502 in
1889 2472 2043 2511 margine

293 2520 347 2551 ed.
376 2519 467 2557 Atat,
503 2520 545 2551 cs.
573 2529 677 2560 supra
708 2529 785 2561 pag.
813 2522 884 2551 001.
922 2539 953 2543 —
989 2523 1018 2553 6.
1044 2523 1130 2553 ritae
1154 2523 1264 2561 §esu
1282 2528 1331 2561 ψῑ
1362 2524 1512 2561 vitaeque
1535 2521 1588 2553 vel
1620 2524 1706 2553 vilae
1729 2530 1812 2561 quae
1836 2519 1908 2551 rell.
1936 2521 2045 2559 Lago-

292 2570 492 2601 marsiniani
529 2571 562 2600 ct
591 2570 723 2601 Oxonn.
764 2570 848 2601 ltinc
873 2573 951 2611 post
973 2572 1121 2611 vitaeque
1146 2573 1301 2604 additum
1334 2574 1386 2603 cst
1415 2573 1598 2611 turpitudo,
1636 2571 1729 2611 quod
1755 2572 1858 2602 ctiam
1884 2571 1916 2601 in
1941 2571 2042 2610 Lagg.

293 2618 467 2659 plerisque
493 2619 629 2650 exstare
653 2619 807 2658 videtur,
842 2619 963 2651 saltem
998 2622 1028 2652 in
1061 2621 1140 2653 solis
1165 2622 1186 2652 b
1202 2632 1252 2653 cn
1279 2622 1404 2653 deesse
1429 2621 1585 2653 traditur.
1628 2623 1715 2660 “Ouo
1740 2620 1849 2659 arguit
1874 2621 2044 2651 excidisse

292 2667 501 2700 vocabulum
526 2668 681 2709 aliquod,
709 2678 749 2700 ac
766 2669 965 2710 suppletum
983 2672 1036 2702 cst
1055 2671 1086 2702 in
1101 2671 1219 2702 Aldina
1239 2673 1388 2711 vitaeque
1404 2672 1582 2711 turpitude.
1609 2669 1720 2702 Malim
1736 2671 1885 2709 vitaeque
1900 2671 2043 2710 offensio,

293 2720 386 2758 quod
410 2728 486 2749 voc.
513 2718 592 2749 alibi
616 2728 648 2749 v.
668 2719 791 2750 insidia
818 2720 921 2757 iungit
940 2720 1098 2751 Cicero.»
1124 2722 1180 2751 On.
1200 2722 1229 2752 ¹2.
1270 2721 1481 2761 ltcliquimus
1506 2720 1688 2752 lectionem
1705 2721 1810 2757 vilae,
1835 2719 1965 2760 aliquot
1982 2719 2046 2751 sal-

293 2770 362 2799 tem
389 2767 491 2799 codd.
518 2769 699 2806 testatam⁷
727 2777 806 2799 cum
833 2778 976 2809 prorsus
1002 2771 1171 2801 incertum
1197 2771 1239 2801 sit
1264 2772 1345 2811 quid
1372 2771 1477 2807 desit,
1506 2780 1583 2801 nam
1610 2771 1723 2810 potest
1741 2770 1844 2801 ctiam
1862 2771 2042 2809 genitivus,

292 2818 385 2849 xclut
401 2827 530 2849 morum
547 2817 777 2849 intercidisse.
805 2819 922 2858 (vilae,
951 2819 1280 2859 ()1‹i·ri'test{totzius.)
1302 2839 1335 2843 ——
1354 2821 1471 2851 civium
1489 2822 1558 2859 Sg:
1589 2823 1714 2849 tantum
1738 2818 1860 2859 reliqui
1885 2820 1984 2859 Lagg.
2008 2839 2041 2842 —-

291 2870 321 2900 8.
348 2868 435 2899 vobis
459 2870 479 2898 S
495 2868 525 2899 fi
541 2867 628 2898 kln.
651 2885 684 2889 —
706 2869 757 2899 40.
783 2869 954 2907 pernitiem
978 2871 1078 2908 [ως-’ς
1099 2872 1238 2909 practer
1263 2869 1317 2901 ln.
1339 2888 1372 2891 —-
1393 2871 1445 2900 tt.
1466 2878 1518 2899 w.
1540 2870 1571 2899 in.
1593 2870 1640 2899 tzis
1664 2869 1757 2899 rebus
1780 2870 1957 2900 evertendis
1981 2879 2044 2910 pro

293 2917 393 2957 gloss.
414 2917 534 2948 habuit
551 2917 745 2953 lii-nescius:
772 2917 833 2949 scd
859 2918 1087 2958 permultum,
1115 2920 1151 2949 ut
1174 2920 1219 2949 ait
1238 2918 1396 2957 Oreltius,
1423 2918 1464 2949 ad
1490 2920 1703 2949 accusauit-is
1728 2918 1889 2949 invidiam
1913 2928 2044 2959 augen-

292 2968 373 2998 dam
398 2966 597 3003 ‹·ont”crunt;
625 2967 671 2998 ait
695 2967 786 2998 enim
811 2969 944 2998 orator:
979 2967 1124 3005 idcirco,
1153 2978 1232 2999 cum
1259 2970 1288 2999 id
1315 2971 1435 3007 agatur
1459 2972 1495 2999 ut
1519 2969 1582 2999 hac
1609 2977 1664 2999 rcs
1689 2970 1888 2999 evertantur
1912 2970 1977 3000 ete.
2006 2987 2040 2992 -—

293 3018 342 3047 42.
370 3016 506 3047 solitudo
531 3025 561 3053 u.
591 3034 624 3037 —
652 3020 809 3055 temptata
834 3018 865 3048 S.
894 3034 929 3039 —
958 3018 1008 3048 113.
1036 3019 1083 3047 rei
1104 3027 1136 3056 J).
1164 3019 1293 3049 otacilio
1317 3020 1347 3049 k.
1376 3036 1408 3039 ——
1439 3019 1488 3048 455.
1516 3019 1678 3049 communi
1700 3019 1803 3049 salute
1825 3028 1842 3049 a
1858 3017 1879 3048 b
1894 3028 1912 3048 c
1927 3018 1946 3049 d
1962 3019 1983 3050 f.
2006 3035 2040 3040 —

294 3067 343 3096 47.
371 3067 473 3096 omnis
490 3067 510 3097 S
528 3067 562 3096 ct
586 3066 687 3105 Lngg.
713 3068 853 3106 practer
877 3067 939 3097 ak.
971 3085 1003 3088 -
1030 3068 1253 3098 seditiosorum
1277 3078 1294 3098 c
1309 3068 1342 3098 11.
1371 3085 1404 3088 —
1434 3068 1484 3098 18.
1519 3077 1680 3098 summum
1710 3076 1773 3098 csse
1802 3068 1835 3098 in
1863 3069 2044 3100 consulibus

295 3116 327 3146 li.
359 3133 390 3137 -
418 3117 470 3146 ⁶20.
498 3116 642 3146 iudicare
664 3116 865 3147 Turnebus:
901 3117 1042 3146 iudicari
1068 3117 1169 3147 codd.
1191 3134 1224 3138 ——
1253 3118 1303 3147 22.
1331 3116 1435 3146 debuit
1460 3115 1477 3147 l-
1502 3118 1632 3148 Oxonn.
1668 3116 1784 3155 (habet
1807 3118 1827 3147 S
1852 3117 1982 3156 debebit)
2006 3135 2039 3139 —

292 3166 344 3195 ¹253.
371 3165 495 3195 nullam
511 3174 579 3195 rem
604 3166 639 3195 L.
658 3182 691 3186 —
714 3165 766 3196 ⁶24..
794 3165 879 3196 robis
902 3174 971 3196 om.
991 3167 1026 3196 T.
1049 3183 1081 3187 ἡ
1103 3167 1155 3197 ’25
1175 3176 1195 3196 (ι
1209 3166 1328 3205 populo
1344 3175 1372 3195 r.
1392 3167 1429 3196 S:
1458 3167 1638 3197 [imitanum
1655 3174 1722 3196 om.
1743 3165 1785 3196 si.
1809 3183 1841 3187 —
1862 3167 1914 3197 26.
1934 3168 1967 3198 in
1982 3168 2043 3198 hac

293 3224 393 3245 causa
409 3214 488 3245 nihil
503 3215 594 3245 aliud
610 3214 631 3245 l)
646 3223 665 3246 c
678 3214 699 3246 f.
718 3232 749 3238 —-
770 3215 832 3245 nisi
849 3215 970 3255 scripsi
987 3225 991 3244 :
1014 3224 1082 3246 om.
1103 3218 1142 3253 S,
1169 3217 1299 3245 Oxonn.
1320 3217 1353 3245 ct
1368 3216 1469 3254 Lagg.
1490 3217 1629 3255 praeter
1644 3215 1697 3245 ab
1712 3224 1729 3245 e
1744 3215 1769 3252 t',
1798 3215 1829 3246 in
1848 3216 1974 3255 quibus
1992 3219 2043 3248 cst

294 3273 409 3303 quam,
445 3266 480 3295 ut
504 3265 535 3295 in
561 3264 656 3296 editt.
686 3282 717 3287 -
752 3266 802 3296 ΞΣ).
831 3267 907 3305 post
929 3265 1043 3295 salutis
1067 3267 1118 3295 cst
1143 3266 1172 3295 in
1199 3265 1302 3303 Sgtiz
1332 3264 1368 3294 Κ.
1395 3265 1413 3293 i.
1442 3274 1471 3295 c.
1498 3264 1615 3303 tcaput,
1650 3265 1687 3294 ut
1711 3264 1794 3294 item
1817 3265 1903 3295 intra
1930 3266 1960 3305 g.
1988 3266 2037 3296 423.

295 3316 371 3353 post
395 3323 548 3353 oppressa
571 3318 661 3351 simtq
699 3315 779 3345 hinc
804 3315 835 3345 in
860 3314 932 3345 aliis
958 3314 1060 3346 codd.
1088 3316 1215 3345 tactum
1241 3316 1293 3344 cst
1317 3314 1366 3351 lt..
1393 3316 1427 3344 ut
1454 3315 1484 3344 in
1510 3324 1527 3345 a
1543 3314 1563 3345 b
1579 3323 1629 3352 m,
1668 3314 1700 3344 in
1724 3313 1796 3345 aliis
1818 3315 1866 3352 P.‚
1892 3316 1929 3346 ut
1951 3316 1985 3346 in
2009 3316 2040 3354 k,

295 3372 384 3402 quae
410 3364 536 3398 menda
563 3363 714 3396 editores
738 3366 875 3396 veteres
901 3365 1075 3404 corrigere
1101 3371 1286 3404 perperam
1312 3364 1424 3394 conati
1449 3366 1540 3396 sunt.
1570 3381 1603 3385 a
1631 3364 1725 3406 quod]
1752 3373 1813 3404 quo
1837 3366 1869 3396 S.
