2143 3713
607 222 703 263 eu».
732 221 1004 262 xv-xvn.
1041 219 1114 274 §§·
1144 218 1333 260 lit-50.
1760 212 1840 256 555

107 350 355 389 comparare.
413 336 510 375 Erat
538 335 610 374 illo
642 339 823 385 tempore
854 331 1015 373 infirma
1044 331 1280 373 valetudine
1311 331 1498 371 Habitus.
1548 331 1745 370 Utebatur
1771 342 1843 369 au-

108 404 187 438 tem
228 398 387 437 medico
427 397 617 449 ignobili,
657 394 728 434 sed
767 400 948 447 spectato
985 395 1176 441 homine,
1217 393 1491 446 Cleophanto:
1533 394 1649 433 cuius
1679 405 1842 431 servum

106 461 331 513 Diogenem
361 459 565 499 Fabricius
594 458 645 496 ad
666 469 871 496 vencnum
894 457 1043 495 Habito
1075 456 1253 495 dandum
1285 468 1356 507 spe
1387 460 1428 494 et
1457 455 1590 507 pretio
1622 453 1843 492 sollicitare

107 523 255 575 coepit.
305 523 454 561 Servus
485 533 566 559 non
595 518 812 558 incallidus
845 524 906 564 et,
937 524 980 558 ut
1009 532 1074 558 res
1104 519 1191 570 ipsa
1221 516 1463 562 declaravit,
1492 515 1599 567 frugi
1630 520 1753 567 atque
1784 515 1846 553 in-

108 590 243 636 teger,
274 594 503 622 sermonem
533 580 707 620 Fabricii
740 593 822 619 non
851 586 911 619 est
940 584 1205 631 aspernatus:
1237 591 1322 617 rem
1354 577 1403 617 ad
1436 577 1647 616 dominum
1677 575 1877 614 detulitz5

109 645 387 698 Cleophantus
427 648 562 683 autem
602 655 693 681 cum
726 642 875 681 Habito
907 648 969 681 est
999 641 1240 681 collocutus.
1300 639 1474 678 Habitus
1504 639 1640 678 statim
1671 650 1762 676 cum
1792 638 1845 675 M.

108 707 257 747 Baebio
287 711 496 752 senatore,
535 704 854 744 familiarissimo
887 717 982 750 suo,
1025 703 1359 742 communicavit:
1403 701 1473 753 qui
1506 712 1588 753 qua
1618 697 1720 746 fide,
1765 711 1847 750 qua

108 769 346 822 prudentia,
377 780 457 820 qua
485 766 698 818 diligentia
727 765 870 812 suerit,
910 765 1142 805 meminisse
1173 777 1246 803 vos
1278 763 1464 803 arbitror.
1522 762 1570 801 Ei
1600 761 1774 814 placuit,
1804 765 1849 798 ut

107 831 332 882 Diogenem
361 829 532 868 Habitus
563 833 717 867 emeret
747 841 769 867 a
801 828 1076 881 Cleophanto,
1117 839 1200 879 quo
1233 825 1392 866 facilius
1423 828 1493 863 aut
1524 820 1848 875 comprehende-

108 898 220 932 retur
247 905 312 931 res
341 891 428 930 eius
457 890 610 930 indicio
641 895 711 929 aut
738 890 842 930 falsa
873 902 962 929 esse
992 893 1320 940 cognosceretur.
1367 888 1426 926 Ne
1458 886 1611 925 multa:
1641 883 1898 936 Diogenesw

109 955 274 994 emitur:
305 965 509 992 venenum
540 951 685 990 diebus
717 952 858 1003 paucis
886 955 1161 1003 comparatur:
1192 949 1309 988 multi
1340 949 1416 987 viri
1446 947 1545 987 boni
1577 960 1668 986 cum
1700 958 1752 984 ex
1783 957 1849 983 oc-

108 1016 214 1056 culto
244 1013 585 1059 intervenissent,
630 1013 803 1065 pecunia
834 1014 1070 1065 obsignata,
1114 1024 1219 1064 quae
1250 1011 1300 1050 ob
1332 1023 1421 1050 eam
1451 1023 1537 1049 rem
1567 1008 1762 1054 dabatur,
1808 1007 1850 1046 in

109 1076 293 1116 manibus
323 1075 581 1121 Scamandri,
612 1074 746 1114 liberti
777 1075 1078 1120 Fabriciorum,
1109 1072 1446 1125 deprehenditur.
1501 1069 1567 1110 4-8.
1598 1071 1675 1110 Pro
1708 1069 1748 1108 di
1776 1069 1851 1108 im-

108 1137 323 1178 mortales!
370 1137 646 1190 Oppianicum
689 1138 908 1190 quisquam
946 1136 1010 1175 his
1042 1135 1163 1174 rebus
1194 1134 1369 1187 cognitis
1401 1134 1725 1173 circumventum
1757 1144 1848 1170 esse

106 1200 242 1239 dicet?
300 1200 426 1238 XVII.
459 1199 562 1246 Quis
591 1212 787 1252 umquam
818 1198 1040 1238 audacior?
1078 1197 1170 1249 quis
1201 1196 1444 1236 nocentior?
1477 1195 1570 1248 quis
1602 1194 1781 1247 apertior
1809 1194 1902 1232 ini5

104 1260 302 1301 iudicium
332 1260 532 1300 adductus
563 1263 657 1300 est?
705 1260 825 1308 Quod
857 1259 1093 1311 ingenium,
1137 1271 1242 1311 quae
1273 1257 1445 1297 facultas
1477 1256 1660 1303 dicendi,
1692 1268 1798 1308 quae
1827 1268 1851 1294 a

105 1336 314 1376 quoquam
345 1323 576 1375 excogitata
606 1323 790 1362 defensio
820 1322 915 1361 huic
943 1321 1016 1360 uni
1049 1320 1207 1359 crimini
1237 1319 1371 1372 potuit
1392 1319 1627 1359 obsistere?
1661 1317 1788 1357 Simul
1811 1321 1852 1356 et

104 1385 207 1424 illud
246 1385 340 1438 quis
379 1390 440 1425 est
480 1385 549 1438 qui
593 1385 774 1432 dubitet,
818 1384 918 1437 quin
948 1383 1025 1422 hac
1053 1396 1098 1421 re
1130 1387 1339 1434 comperta
1370 1381 1674 1434 manifestoque
1706 1380 1852 1433 depre-

103 1447 232 1487 hensa
262 1451 333 1486 aut
362 1447 554 1486 obeunda
584 1461 691 1487 mors
725 1446 915 1486 Cluentio
947 1450 1016 1485 aut
1054 1444 1316 1496 suscipienda
1347 1443 1554 1483 accusatio
1584 1442 1740 1483 fuerit?

216 1506 282 1549 49.
323 1509 431 1549 Satis
463 1522 553 1548 esse
583 1509 760 1548 arbitror
790 1508 1135 1553 demonstratum,
1172 1506 1354 1552 iudices,
1390 1506 1438 1544 iis
1470 1504 1708 1544 criminibus
1737 1516 1854 1543 accu-
1867 1514 1902 1542 20

105 1578 238 1613 satum
268 1584 358 1611 esse
390 1570 687 1624 Oppianicum,
718 1571 778 1610 uti
808 1570 980 1609 honeste
1002 1568 1159 1608 absolvi
1184 1568 1297 1607 nullo
1319 1568 1440 1608 modo
1461 1566 1651 1620 potuerit.
1695 1565 1854 1618 Cogno-

106 1636 205 1675 scite
235 1646 346 1673 nunc
375 1634 430 1672 ita
460 1646 575 1672 reum
606 1633 773 1672 citatum
804 1645 895 1672 esse
924 1631 1061 1678 illum,
1102 1636 1147 1669 ut
1176 1643 1219 1669 re
1250 1630 1376 1669 semel
1407 1635 1531 1683 atque
1560 1629 1709 1668 iterum
1738 1640 1855 1681 prae-

105 1697 284 1737 iudicata
314 1695 609 1734 condemnatus
641 1695 682 1733 in
714 1694 909 1734 iudicium
940 1693 1108 1733 venerit.
1158 1693 1261 1731 Nam
1293 1692 1529 1740 Cluentius,
1561 1690 1741 1738 iudices,
1772 1689 1855 1743 pri-

105 1772 218 1799 mum
248 1770 400 1796 nomen
431 1757 518 1796 eius
551 1756 722 1803 detulit,
753 1757 868 1795 cuius
900 1756 940 1794 in
971 1754 1161 1794 manibus
1191 1767 1397 1794 venenum
1429 1753 1770 1808 deprehenderat.
1816 1753 1854 1791 Is

107 1826 194 1860 erat
221 1819 390 1859 libertus
420 1818 721 1864 Fabriciorum,
763 1817 1024 1857 Scamander.
1072 1817 1281 1869 Integrum
1313 1817 1554 1856 consilium:
1593 1814 1736 1855 iudicii
1767 1827 1855 1854 cor·
1869 1824 1906 1855 25

105 1882 214 1935 rupti
244 1880 358 1920 nulla
388 1880 589 1932 suspicio:
621 1880 795 1933 simplex
827 1880 869 1918 in
899 1879 1095 1919 iudicium
1126 1891 1267 1925 causa,
1300 1885 1411 1918 certa
1430 1892 1519 1926 res,
1550 1891 1678 1918 unum
1700 1877 1855 1916 crimen

105 1945 274 1984 allatum
314 1947 387 1981 est.
446 1942 521 1981 Hic
560 1947 643 1981 tum
676 1941 719 1981 C.
750 1941 986 1988 Fabricius,
1032 1941 1066 1980 is
1109 1940 1159 1980 de
1199 1954 1281 1993 quo
1328 1946 1422 1980 ante
1454 1941 1560 1987 dixi,
1606 1939 1678 1993 qui
1709 1939 1854 1978 liberto

107 2007 295 2046 damnato
326 2004 402 2044 sibi
434 2003 536 2043 illud
567 2003 805 2056 impendere
835 2003 1063 2056 periculum
1093 2003 1273 2050 videret,
1311 2003 1422 2057 quod
1453 2003 1552 2043 mihi
1584 2016 1678 2042 cum
1707 2002 1855 2042 Aletri-

107 2068 268 2108 natibus
297 2067 549 2106 vicinitatem
580 2072 621 2105 et
651 2080 743 2105 cum
776 2066 988 2118 plerisque
1020 2079 1162 2105 eorum
1202 2079 1395 2118 magnum
1427 2079 1546 2105 usum
1576 2078 1666 2105 esse
1688 2065 1854 2111 sciebat,

105 2132 344 2184 frequentes
376 2142 446 2168 eos
478 2130 528 2167 ad
560 2142 624 2168 me
657 2128 823 2167 domum
845 2127 1031 2166 adduxit.
1082 2127 1161 2175 Qui
1185 2141 1435 2180 quamquam
1457 2127 1507 2166 de
1528 2127 1718 2173 bomine,
1749 2127 1905 2166 sicut30

106 2205 276 2233 necesse
309 2196 414 2237 erat,
447 2190 760 2237 existimabant,
792 2195 953 2235 tamen,
986 2189 1096 2242 quod
1127 2195 1213 2228 erat
1239 2202 1291 2228 ex
1312 2189 1458 2230 eodem
1480 2190 1726 2243 municipio,
1758 2201 1856 2228 suae

108 2254 316 2307 dignitatis
347 2266 436 2292 esse
468 2253 793 2299 arbitrabantur,
825 2265 918 2291 eum
940 2251 1091 2304 quihus
1114 2252 1236 2291 rebus
1258 2257 1429 2304 possent
1450 2252 1699 2291 defendere:
1729 2250 1856 2304 idque

107 2331 131 2356 a
160 2329 224 2355 me
255 2320 301 2354 ut
329 2314 506 2354 facerem
538 2321 577 2354 et
617 2321 661 2354 ut
691 2327 855 2353 causam
887 2313 1128 2352 Scamandri
1159 2314 1409 2366 susciperem
1439 2314 1662 2366 petebant:
1702 2314 1743 2353 in
1776 2327 1858 2366 qua

108 2391 232 2418 causa
271 2377 434 2431 patroni
473 2390 593 2416 omne
633 2376 866 2430 periculum
908 2376 1204 2416 continebatur.
1264 2375 1329 2415 50.
1361 2377 1469 2429 Ego,
1510 2376 1579 2429 qui
1608 2388 1745 2429 neque
1776 2376 1856 2415 illis

108 2441 255 2481 talibus
284 2439 382 2480 viris
413 2452 458 2478 ac
488 2445 571 2479 tam
601 2438 832 2478 amantibus
863 2439 944 2478 mei
973 2451 1060 2478 rem
1085 2452 1251 2491 possem
1272 2438 1399 2478 ullam
1421 2451 1573 2491 negare
1595 2451 1732 2491 neque
1753 2438 1857 2477 illud
1871 2447 1908 2476 35

109 2503 262 2543 crimen
292 2507 448 2543 tantum
479 2515 526 2542 ac
556 2507 639 2542 tam
670 2502 932 2542 manifestum
955 2515 1045 2542 esse
1071 2502 1315 2549 arbitrarer,
1346 2502 1454 2541 sicut
1483 2514 1537 2540 ne
1565 2500 1626 2540 illi
1657 2500 1736 2553 ipsi
1767 2500 1857 2554 qui-

194 2685 223 2715 t.
248 2682 425 2714 valitudine
448 2682 553 2713 STF.
584 2696 617 2702 --
646 2682 677 2712 ⁵2.
705 2690 768 2711 non
794 2680 925 2721 ignobili
948 2681 1017 2712 ST.
1047 2698 1080 2703 -—
1118 2689 1243 2712 servom
1267 2682 1305 2719 S,
1331 2689 1422 2712 servo
1448 2680 1479 2710 in
1503 2680 1538 2710 T.
1568 2697 1601 2700 —
1635 2679 1666 2710 3.
1692 2679 1856 2719 Diogenen

107 2733 186 2766 TM.
215 2750 248 2754 —-
273 2731 435 2763 solicitam
457 2732 490 2762 S.
511 2748 545 2752 —
573 2730 604 2762 4.
630 2734 659 2762 et
682 2731 758 2761 ST:
785 2731 838 2761 scd
861 2728 1093 2764 FMALssO.
1114 2748 1150 2753 —
1176 2739 1228 2762 res
1250 2731 1322 2770 ipsa
1345 2731 1422 2762 ST:
1449 2731 1521 2770 ipsa
1545 2738 1595 2761 res
1617 2727 1804 2761 RALQO.
1823 2746 1851 2751 —

106 2785 137 2816 5.
164 2784 294 2813 domum
317 2782 353 2812 T.
380 2798 414 2802 —-
443 2781 474 2812 6.
499 2781 673 2812 collocutus
697 2782 773 2812 ST:
811 2781 935 2811 locutus
958 2781 983 2812 R
999 2783 1023 2812 Α
1039 2781 1062 2812 L
1077 2778 1096 2813 Q
1111 2781 1148 2811 Ο.
1178 2798 1212 2802 -—
1238 2781 1358 2821 statim]
1383 2783 1492 2812 autem
1515 2780 1625 2811 statim
1648 2779 1745 2810 FAL
1760 2776 1791 2810 ⁵3.
1821 2796 1855 2800 —

108 2835 139 2866 7.
164 2832 260 2864 Bebio
283 2831 362 2867 ST;
387 2830 525 2862 Baebrio
549 2839 630 2862 cum
653 2829 829 2871 plerisque
855 2830 1034 2862 codicibus
1058 2832 1103 2865 A:
1128 2830 1244 2861 Bebrio
1268 2828 1376 2862 Lsso.
1403 2830 1452 2861 Cf.
1479 2829 1509 2870 5.
1529 2830 1581 2861 53.
1604 2847 1638 2851 —
1666 2829 1697 2860 8.
1723 2837 1788 2867 qua
1812 2828 1860 2858 dt-

108 2883 242 2924 liyentia
264 2881 301 2912 S:
327 2883 451 2920 quanta
477 2880 645 2920 diliyentia
668 2881 712 2914 Τ;
749 2887 815 2918 qua
839 2880 996 2919 cliynitale
1019 2878 1208 2912 RALQO.
1236 2896 1271 2901 —
1298 2880 1328 2911 9.
1354 2880 1521 2920 Diogenen
1544 2880 1587 2910 M.
1617 2895 1651 2900 —
1679 2879 1730 2909 40.
1756 2877 1860 2908 *mulla

109 2932 166 2963 ST
181 2932 223 2962 L:
247 2930 357 2961 mullis
381 2927 529 2961 RAQO.
557 2946 592 2950 —
620 2930 671 2960 tt.
698 2932 914 2968 comparatur
937 2927 1086 2962 STAQ:
1112 2937 1181 2961 om.
1208 2930 1361 2961 FMLO.
1391 2946 1425 2950 ——
1452 2938 1494 2960 ea>
1517 2928 1640 2960 occulto
1664 2937 1732 2959 om.
1759 2928 1792 2958 F.
1820 2945 1855 2948 —

112 2981 162 3012 ⁴2.
184 2980 325 3019 pecunia
341 2979 413 3010 ST:
437 2979 641 3018 pecuniaque
663 2979 765 3010 RAL
782 2978 852 3012 ΩΟ.
875 2997 909 3001 -—
935 2978 973 3009 ob
997 2979 1193 3010 STFMA:
1221 2979 1264 3009 ad
1286 2977 1397 3011 Lsso.
1421 2996 1455 3000 —-
1482 2978 1533 3009 43.
1556 2978 1639 3018 proh
1663 2978 1805 3009 STFA.
1822 2995 1855 3000 ——

112 3029 163 3062 44.
189 3038 252 3061 esse
275 3030 392 3061 diceret
409 3029 453 3062 T;
479 3029 556 3059 dicit
579 3036 643 3059 esse
667 3028 688 3059 F
700 3029 732 3059 M
745 3031 770 3059 A
785 3027 819 3062 Σῑ.
840 3046 874 3050 ——
904 3028 954 3059 48.
974 3027 1062 3067 quin]
1079 3028 1136 3066 qui
1157 3029 1192 3058 in
1208 3029 1251 3059 M.
1272 3045 1306 3049 -—
1332 3028 1563 3067 manifesteque
1586 3028 1606 3058 S
1620 3028 1656 3058 T.
1684 3026 1732 3058 Cf.
1753 3027 1785 3067 ἓ.
1805 3026 1856 3058 40.

111 3078 163 3110 43.
192 3096 227 3101 —
252 3079 305 3110 20.
329 3079 378 3110 his
400 3079 506 3110 STF.
536 3095 570 3099 ——
605 3078 655 3109 2¹.
681 3079 729 3109 uti
752 3079 829 3109 ST:
865 3082 898 3109 ut
922 3075 1058 3109 RALQ
1074 3078 1110 3109 O.
1140 3095 1174 3100 -
1204 3079 1257 3109 ⁶22.
1283 3078 1374 3109 illum
1396 3087 1488 3109 reum
1511 3087 1576 3109 esse
1598 3078 1731 3108 citatum
1756 3078 1792 3108 L.
1821 3095 1855 3098 —

111 3127 163 3159 ⁴23.
194 3128 316 3159 veniret
346 3129 415 3160 ST.
453 3128 503 3160 Cf.
528 3127 747 3168 Wesenberg
778 3128 821 3159 ad
845 3137 895 3159 or.
922 3137 954 3169 p.
981 3129 1090 3159 Sestio
1114 3136 1147 3168 p.
1174 3127 1225 3159 4⁴.
1252 3126 1304 3159 42.
1341 3145 1375 3149 —
1412 3128 1464 3159 ὗ26.
1490 3127 1601 3168 imum]
1635 3136 1748 3158 verum
1779 3136 1858 3159 cum

111 3178 183 3209 Nic.
201 3176 340 3217 Angelio
363 3176 421 3211 1.ss
435 3178 472 3209 Ο.
493 3195 527 3199 -
554 3178 606 3208 27.
625 3178 704 3219 tum]
721 3187 794 3209 cum
810 3179 848 3215 S;
874 3187 948 3209 cum
964 3187 1064 3209 causa
1082 3179 1118 3208 T.
1141 3195 1171 3201 —
1202 3178 1236 3209 C.
1262 3179 1282 3209 S
1296 3178 1336 3208 T:
1364 3185 1432 3208 om.
1451 3178 1514 3209 ΒΑ
1528 3178 1552 3208 L
1565 3176 1586 3210 (ἐ
1601 3177 1636 3208 O.
1658 3194 1692 3198 —
1718 3177 1772 3208 ⁶28.
1790 3177 1859 3208 La-

111 3227 271 3258 rinatibus
285 3227 361 3265 ST;
385 3237 408 3258 a
423 3227 633 3259 Larinatibus
649 3228 750 3260 codd.
769 3227 1061 3268 Lagomarsiniani
1084 3229 1174 3264 tres:
1199 3226 1440 3258 Alacrinatibus
1455 3226 1508 3258 ed.
1524 3225 1687 3266 Amberg.
1707 3234 1737 3256 a.
1757 3225 1856 3264 447&

110 3276 344 3308 Alacrinatibus
365 3276 530 3309 Halmius.
562 3276 611 3308 Cf.
637 3277 668 3318 g.
688 3277 740 3309 46.
763 3295 796 3300 —
824 3277 875 3309 32.
897 3277 1023 3316 possint
1046 3277 1115 3307 ST.
1145 3294 1179 3299 —
1206 3276 1257 3308 36.
1282 3276 1331 3316 ne]
1357 3284 1413 3307 nec
1435 3276 1552 3308 FMA.
1580 3293 1616 3298 —
1643 3276 1702 3316 ipsi
1730 3276 1858 3316 quidem

112 3325 185 3357 ST:
211 3325 338 3366 quidem
359 3327 420 3367 ipsi
442 3326 630 3362 RALS‘O.
