2143 3713
200 228 283 272 738
744 232 944 275 ORATIO
975 233 1078 275 PRO
1109 234 1154 275 L.
1196 235 1414 277 MURENA

200 348 318 385 sunt:
350 349 438 384 tum
467 356 566 383 vero
596 343 640 383 in
669 343 733 384 his
763 345 809 385 L.
831 347 1028 387 Murenae
1060 348 1181 387 tantis
1212 353 1379 402 tamque
1409 348 1646 403 improvisis
1675 349 1870 402 periculis
1900 351 1959 392 ita

200 420 291 447 sum
332 405 470 446 animo
511 406 706 453 affectus,
753 413 799 447 ut
839 421 923 447 non
963 422 1113 462 queam
1153 410 1250 450 satis
1295 424 1432 464 neque
1471 425 1732 452 communem
1773 413 1958 452 omnium

198 473 387 509 nostrum
417 467 702 508 conditionem
733 483 869 523 neque
909 470 1032 511 huius
1065 478 1258 512 eventum
1298 472 1592 527 fortunamque
1634 474 1843 514 miserari:
1886 475 1958 528 qui

198 530 396 584 primum,
428 530 527 569 dum
557 542 610 569 ex
637 531 864 571 honoribus
896 533 1102 574 continuis
1127 534 1309 575 familiae
1330 536 1617 589 maiorumque
1640 549 1808 577 suorum
1829 550 1958 576 unum

166 592 424 633 5ascendere
464 591 637 646 gradum
678 594 892 647 dignitatis
933 601 1102 636 conatus
1134 602 1219 644 est,
1259 598 1373 637 venit
1411 598 1453 637 in
1482 597 1714 651 periculum
1743 612 1796 638 ne
1827 603 1869 638 et
1897 611 1957 646 ea,

199 668 305 707 quae
335 654 504 703 relicta,
535 659 577 695 et
605 655 731 703 haec,
763 670 869 710 quae
900 658 950 697 ab
982 657 1073 710 ipso
1104 665 1221 711 parta
1252 664 1370 706 sunt,
1402 660 1581 707 amittat3
1617 660 1768 700 deinde
1788 665 1958 714 propter

199 717 380 758 studium
417 730 550 757 novae
596 717 733 758 laudis
779 720 901 759 etiam
941 720 983 759 in
1024 722 1174 761 veteris
1218 720 1410 761 fortunae
1456 722 1680 762 discrimen
1725 722 1957 762 adducitur.

197 778 268 819 56.
301 779 419 828 Quae
461 793 556 819 cum
588 780 670 819 sint
700 781 865 833 gravia,
900 782 1084 829 iudices,
1126 788 1212 822 tum
1244 783 1348 823 illud
1378 784 1690 824 acerbissimum
1721 789 1804 832 est,
1843 784 1957 838 quod

195 841 322 883 hahet
353 856 425 883 eos
455 847 739 885 accusatores.
772 856 855 881 non
888 844 961 896 qui
994 845 1091 884 odio
1121 845 1435 885 inimicitiarum
1465 847 1517 886 ad
1547 846 1844 893 accusandum,
1885 845 1957 885 sed

151 914 182 942 ιο
197 905 269 958 qui
301 905 439 945 studio
469 905 691 945 accusandi
722 904 773 944 ad
805 905 1042 945 inimicitias
1075 905 1380 946 descenderint.
1438 908 1541 948 Nam
1572 913 1618 947 ut
1648 907 1833 948 omittam
1866 907 1959 946 Ser-

195 967 307 1008 vium
339 967 593 1020 Sulpicium,
633 980 758 1021 quem
798 966 986 1018 intelligo
1024 980 1108 1007 non
1150 968 1302 1008 iniuria
1337 969 1382 1008 L.
1413 971 1636 1017 Murenae,
1675 970 1748 1010 sed
1788 969 1958 1009 honoris

195 1029 463 1069 contentione
505 1034 760 1082 permotum,
803 1035 971 1068 accusat
1010 1029 1052 1068 P.
1084 1030 1344 1078 Postumius,
1375 1036 1574 1084 paternus
1606 1033 1786 1079 amicus,
1827 1036 1958 1078 vetus,

194 1098 241 1133 ut
279 1093 337 1132 ait
378 1092 495 1145 ipse,
539 1090 704 1131 vicinus
745 1104 792 1131 ac
837 1092 1123 1139 necessarius,
1169 1093 1243 1146 qui
1285 1093 1606 1134 necessitudinis
1653 1106 1799 1134 causas
1845 1107 1957 1134 com-

193 1155 335 1208 plures
374 1153 570 1208 protulit,
615 1153 839 1193 simultatis
883 1153 1041 1193 nullam
1081 1167 1404 1194 commemorare
1448 1156 1603 1209 potuit:
1649 1162 1818 1196 accusat
1864 1156 1959 1196 Ser-

145 1217 285 1257 i5vius
332 1216 566 1269 Sulpicius,
618 1216 774 1255 sodalis
819 1215 919 1263 filii,
966 1216 1084 1255 cuius
1126 1217 1295 1269 ingenio
1342 1218 1505 1270 paterni
1551 1231 1696 1258 omnes
1736 1219 1960 1259 necessarii

195 1278 441 1319 munitiores
474 1291 565 1318 esse
597 1278 827 1318 dehebant:
870 1285 1037 1318 accusat
1066 1280 1120 1318 M.
1153 1278 1274 1327 Cato,
1318 1280 1390 1332 qui
1431 1293 1683 1334 quamquam
1724 1294 1747 1321 a
1785 1282 1959 1321 Murena

194 1340 310 1381 nulla
339 1353 384 1380 re
414 1352 614 1394 umquam
645 1340 808 1380 alienus
844 1337 946 1387 fuit,
988 1345 1125 1381 tamen
1157 1355 1204 1381 ea
1235 1341 1474 1382 conditione
1509 1339 1658 1396 [nobis]
1692 1348 1780 1383 erat
1809 1343 1853 1383 in
1882 1343 1960 1383 hae

195 1403 361 1443 civitate
390 1406 537 1451 natus,
568 1407 615 1442 ut
636 1403 726 1442 eius
749 1416 851 1455 opes
873 1408 998 1456 atque
1019 1403 1235 1456 ingenium
1256 1404 1466 1457 praesidio
1487 1405 1626 1445 multis
1650 1406 1774 1446 etiam
1794 1406 1959 1453 alienis,

195 1464 324 1505 exitio
354 1464 427 1505 vix
457 1465 650 1518 cuiquam
680 1465 850 1505 inimico
882 1478 974 1505 esse
1005 1465 1218 1506 deberent.
1265 1465 1330 1505 57.
1361 1467 1636 1520 Respondebo
1666 1468 1794 1521 igitur
1813 1469 1959 1508 Postu-

143 1538 180 1567 20
194 1527 279 1568 mio
308 1527 515 1581 primum,
558 1528 629 1581 qui
668 1527 812 1567 nescio
856 1541 940 1581 quo
969 1533 1092 1581 pacto
1124 1529 1224 1568 mihi
1253 1529 1418 1569 videtur
1447 1531 1682 1582 praetorius
1713 1531 1958 1571 candidatus

193 1589 238 1629 in
269 1589 553 1637 consularem,
585 1590 707 1642 quasi
737 1588 988 1630 desultorius
1019 1591 1062 1629 in
1094 1590 1388 1644 quadrigarum
1419 1592 1694 1640 curriculum,
1733 1593 1956 1633 incurrere.

196 1650 321 1691 Cuius
353 1651 651 1705 competitores
685 1652 719 1691 si
750 1652 855 1691 nihil
887 1652 1173 1706 deliquerunt,
1205 1653 1398 1706 dignitati
1429 1667 1572 1694 eorum
1605 1655 1835 1702 concessit,
1866 1668 1956 1695 cum

193 1719 337 1766 petere
368 1714 548 1754 destitit:
581 1714 646 1754 sin
676 1718 817 1754 autem
848 1728 992 1754 eorum
1022 1716 1176 1769 aliquis
1206 1716 1377 1769 largitus
1411 1722 1491 1763 est,
1523 1716 1785 1769 expetendus
1805 1717 1960 1756 amicus

194 1781 277 1825 est,
309 1777 381 1830 qui
412 1777 592 1817 alienam
623 1776 762 1830 potius
793 1777 990 1817 iniuriam
1022 1791 1146 1831 quam
1177 1791 1295 1818 suam
1324 1784 1613 1832 persequatur.

144 1851 181 1879 95
305 1839 369 1880 DE
400 1852 596 1880 Posrvmr
629 1852 878 1879 cnnnmssvs.
926 1840 989 1879 DE
1023 1853 1157 1880 snnvu
1186 1852 1509 1881 ADOLESCENTIS.

281 2057 311 2088 4.
337 2056 501 2096 tantisque
518 2057 662 2096 provisis
685 2058 723 2088 G.
747 2075 780 2079 -
807 2058 857 2088 ila
879 2066 1010 2088 sumam
1032 2057 1127 2089 huius
1149 2058 1313 2098 adfectum
1338 2062 1371 2089 ul
1395 2060 1432 2089 G.
1454 2076 1489 2081 —
1510 2059 1540 2090 2.
1566 2067 1669 2098 neque
1683 2076 1731 2081 --
1745 2059 1961 2090 conditionem

194 2113 263 2137 om.
284 2107 322 2137 G.
344 2124 379 2128 —
405 2105 436 2137 3.
461 2106 610 2138 ‘misereri
632 2115 665 2137 v.
684 2124 718 2128 —
745 2106 776 2138 4.
803 2107 892 2146 dum]
918 2107 1076 2146 quoniam
1101 2109 1135 2138 L.
1160 2126 1193 2129 —
1220 2107 1334 2148 unum]
1358 2108 1510 2139 ultimum
1526 2109 1791 2143 Mommsenius.
1813 2127 1847 2131 ——
1867 2109 1899 2141 5.
1918 2113 1962 2141 es!

193 2165 264 2188 om.
290 2156 327 2188 E.
356 2174 390 2178 —
418 2157 450 2188 6.
471 2160 577 2196 parta
600 2159 680 2197 Lag.
708 2157 775 2195 65„
801 2160 840 2189 ut
862 2158 1020 2197 videtur,
1048 2160 1082 2189 ct
1106 2159 1151 2189 L:
1174 2161 1301 2197 parata
1333 2158 1423 2191 inei.
1451 2159 1565 2197 Parr.‚
1593 2160 1694 2199 Lagg.
1721 2159 1866 2200 reliqui;
1899 2159 1960 2191 sed

193 2214 270 2245 Par.
297 2213 328 2245 4.
357 2203 441 2253 pa—w,
466 2213 562 2253 (sica)
588 2214 676 2245 teste
695 2213 837 2244 Steinm.
859 2231 893 2235 —-
922 2215 952 2245 7.
980 2223 1084 2245 novae
1108 2214 1186 2255 legyis
1209 2214 1308 2245 eliam
1330 2214 1447 2245 veteris
1471 2215 1507 2245 G.
1530 2232 1563 2236 -
1591 2214 1622 2246 8.
1649 2216 1712 2246 sint
1736 2218 1855 2253 va:
1889 2220 1962 2247 sunt

193 2264 265 2296 EM
277 2264 313 2296 L.
352 2264 403 2295 De
428 2264 522 2295 Parr.
550 2265 643 2295 tacet
671 2264 872 2303 Steinmetz,
901 2265 960 2305 qui
984 2264 1091 2296 habet
1114 2268 1199 2296 sunt.
1229 2282 1263 2285 —
1299 2267 1408 2295 lamen
1431 2264 1512 2295 illud
1533 2274 1566 2296 v.
1596 2283 1631 2287 —
1667 2266 1718 2297 40.
1745 2266 1964 2298 descenderim

194 2313 240 2344 L:
267 2313 498 2345 descenderunt
512 2314 588 2353 Tv,
616 2316 693 2346 Par.
712 2315 749 2345 7:
777 2316 1002 2346 descenderent
1018 2314 1122 2346 codd.
1141 2313 1214 2346 rell.
1236 2315 1319 2345 noti.
1342 2332 1377 2336 —-
1403 2323 1533 2346 servum
1548 2315 1664 2354 sulpici
1681 2318 1718 2347 G.
1739 2332 1775 2338 —
1804 2317 1856 2348 112.
1874 2324 1964 2348 com-

192 2366 316 2394 motum
340 2372 376 2400 χ.
399 2381 433 2385 -
460 2364 603 2401 arnicas,
628 2365 662 2395 P.
689 2365 880 2406 Postumius]
905 2365 1031 2395 amicus
1054 2369 1123 2396 lum
1142 2368 1312 2404 poslumus
1335 2365 1360 2395 E
1375 2365 1462 2403 GM,
1489 2365 1508 2395 5
1526 2365 1624 2403 Oxx.,
1650 2365 1735 2398 item
1757 2367 1794 2406 T,
1821 2366 1885 2399 sed
1908 2366 1965 2397 hic

194 2413 334 2444 nomine
365 2414 508 2454 proprio
538 2413 689 2451 omisso;
726 2414 871 2453 (accusat
897 2418 1058 2453 paternus
1082 2418 1254 2454 poslumus
1285 2415 1410 2446 amicus
1441 2417 1509 2445 tum
1531 2417 1622 2446 vetus
1644 2415 1697 2454 η)
1728 2416 1870 2454 amicus,
1905 2415 1962 2447 Cn.

192 2462 391 2502 Postumius,
418 2462 516 2501 edd,
540 2464 579 2494 ut
602 2464 755 2504 primum
780 2463 813 2494 in
837 2465 1051 2496 Ascensiana
1077 2474 1107 2496 a.
1135 2466 1213 2496 4511
1243 2465 1370 2496 inveni.
1404 2466 1446 2496 At
1471 2473 1552 2496 cum
1575 2473 1691 2504 neque
1716 2465 1773 2497 hic
1795 2464 1885 2498 ullus
1909 2473 1964 2497 co-

193 2511 261 2545 dex
292 2521 508 2553 praenomen
534 2513 592 2545 Gn.
618 2513 765 2551 habeat,
804 2522 920 2554 neque
945 2518 997 2555 55.
1024 2515 1078 2546 542
1105 2515 1156 2546 57.
1185 2515 1252 2553 69„
1283 2515 1397 2555 potius
1420 2515 1454 2545 P.
1481 2514 1684 2546 addendum
1707 2515 1837 2555 putavi.
1872 2515 1964 2546 Num

191 2564 278 2601 tum,
316 2561 412 2602 quod
443 2562 545 2594 codd.
581 2562 732 2602 habent,
771 2571 813 2594 ex
839 2564 872 2594 P.
900 2563 1132 2604 depravatum
1157 2565 1200 2595 sit
1224 2564 1365 2603 dubitoz
1402 2564 1517 2605 potius
1540 2564 1653 2596 maius
1676 2564 1802 2596 vulnus
1825 2563 1964 2595 videtur

192 2610 317 2650 latere,
355 2620 439 2644 cum
469 2612 685 2646 concinnitas
716 2614 867 2644 oratoria
900 2613 1047 2645 suadeat
1071 2616 1107 2645 ut
1131 2614 1181 2644 sic
1204 2612 1303 2646 locus
1327 2613 1520 2646 scribatur:
1555 2617 1688 2645 accusat
1710 2614 1744 2645 P.
1768 2613 1963 2653 PostumiuS,

190 2670 265 2693 cum
283 2666 445 2702 paternus
467 2663 610 2701 amicus,
638 2666 707 2694 tum
729 2666 820 2695 velus
845 2665 925 2697 cet..
953 2665 990 2694 ut
1014 2665 1067 2695 est
1090 2662 1236 2694 deinde:
1264 2667 1397 2695 accusat
1420 2663 1512 2695 Serv.
1532 2663 1695 2703 Sulpicius
1711 2665 1745 2695 et
1765 2666 1900 2696 accusat
1915 2664 1961 2695 M.

191 2712 284 2745 Cato.
302 2731 337 2734 Η
364 2712 416 2744 44.
443 2713 621 2752 compluris
643 2713 668 2744 E
683 2715 709 2743 G
722 2714 754 2745 M
767 2723 803 2751 χ.
826 2732 860 2736 -
889 2714 941 2744 45.
965 2714 1026 2754 filii
1049 2722 1119 2745 om.
1139 2714 1175 2744 G.
1197 2730 1231 2734 —
1260 2713 1312 2744 46.
1334 2713 1488 2744 debebant
1510 2713 1593 2744 EG:
1620 2712 1755 2745 debeant
1777 2714 1827 2753 M,
1853 2712 1965 2745 debent

191 2772 224 2795 v.
245 2780 280 2785 —-
300 2763 353 2794 47.
370 2762 462 2794 nobis
477 2771 516 2793 v:
543 2762 658 2793 nobilis
672 2763 697 2794 E
712 2764 738 2793 G
751 2764 782 2794 M
797 2763 820 2795 C
836 2763 864 2794 11
881 2767 924 2803 ψ,
951 2773 1041 2804 quae
1067 2763 1169 2795 lectio
1192 2762 1362 2795 librorum
1379 2763 1610 2795 Mommsenio
1628 2762 1743 2803 glossa
1758 2762 1910 2794 videtur.
1925 2779 1960 2784 —

192 2812 244 2844 48.
265 2815 363 2852 atque
386 2812 453 2853 inq.
473 2813 546 2843 Tv:
574 2815 609 2843 ut
633 2812 699 2853 inq.
719 2812 744 2844 E
758 2813 791 2844 M
805 2815 828 2843 t}
844 2813 867 2844 C
884 2813 910 2844 lI
925 2822 966 2850 κς
993 2817 1023 2845 οι
1044 2814 1113 2854 inq.
1132 2814 1169 2844 O.
1197 2814 1314 2845 Lectio
1338 2817 1373 2845 ut
1395 2813 1573 2854 ingenium„
1593 2822 1700 2854 quam
1718 2813 1963 2846 Steinmetzius

192 2865 227 2894 et
246 2861 396 2895 Klotzius
421 2861 572 2903 amplexi
596 2863 694 2901 sunt,
720 2864 909 2903 propterea
927 2872 996 2894 non
1013 2863 1152 2894 xidetui·
1175 2862 1256 2894 ferri
1281 2872 1398 2904 posse,
1424 2862 1518 2903 quod
1544 2862 1707 2895 meliores
1729 2862 1809 2895 libri
1831 2861 1964 2894 habent

191 2912 357 2950 deberent,
384 2920 455 2943 non
478 2911 616 2943 deberet..
645 2930 680 2934 —-
707 2913 808 2944 etiam
831 2922 901 2944 om.
929 2914 966 2945 C.
996 2932 1031 2936 —
1058 2914 1174 2945 alienis
1197 2913 1309 2954 acino]
1335 2914 1385 2945 sic
1409 2913 1460 2950 M,
1486 2913 1567 2953 Lag.
1593 2913 1639 2951 9.,
1665 2915 1742 2945 Par.
1761 2912 1792 2945 4.
1811 2913 1854 2944 9:
1879 2911 1963 2943 alie-

190 2962 241 2993 ›nis
265 2970 307 2994 ex
330 2970 383 2993 mo
407 2962 453 3002 G,
479 2962 678 2994 alienissimo
703 2963 747 3001 E,
775 2964 793 2994 6
812 2964 912 3004 Lagg.
933 2964 968 2994 et
983 2962 1000 2993 3
1019 2964 1116 3000 ΟΜ.ν
1143 2963 1350 2995 alienissimis
1373 2962 1476 2995 codd.
1495 2962 1550 2994 alii
1568 2964 1603 2994 et
1618 2964 1643 2995 O
1657 2972 1689 2995 v.
1707 2981 1742 2986 —-
1759 2962 1812 2994 49.
1830 2961 1962 2993 inimico

192 3012 281 3050 GM,
307 3012 387 3051 Lag.
414 3011 461 3050 9.,
487 3013 563 3043 Par.
590 3011 621 3044 4.
648 3012 686 3042 9:
724 3013 877 3044 inimicus
901 3014 944 3051 E,
978 3011 1052 3044 rell.
1080 3013 1197 3053 Lagg„
1224 3014 1243 3044 6
1268 3013 1371 3051 On„
1410 3021 1448 3049 η
1486 3012 1617 3043 inimico
1640 3012 1741 3043 emilia
1765 3012 1802 3043 Ο.
1841 3010 1963 3050 (Deest

191 3061 293 3091 exitio
316 3061 350 3091 in
380 3060 545 3093 omnibus
570 3061 673 3093 codd.
700 3062 764 3093 nisi
789 3063 821 3093 in
846 3063 886 3094 iis
912 3062 971 3102 qui
1002 3063 1082 3103 post
1106 3062 1222 3094 alienis
1244 3060 1399 3099 habeut.)
1427 3079 1461 3082 —
1496 3060 1644 3093 deberent
1674 3061 1761 3092 GM:
1794 3058 1919 3091 deberet
1940 3067 1962 3089 v

193 3111 227 3140 et
251 3109 353 3141 codd.
373 3111 432 3150 qui
456 3110 580 3142 falsam
603 3109 791 3142 lectionem
817 3111 968 3142 inimic-us
983 3110 1126 3142 habent.
1141 3128 1176 3134 —
1198 3115 1350 3150 postumo
1366 3111 1436 3141 mei
1453 3111 1487 3142 et
1505 3111 1606 3151 Lagg.
1624 3111 1767 3151 praeter
1782 3109 1812 3140 l.
1831 3107 1863 3139 3.
1880 3108 1912 3139 7.
1928 3107 1960 3139 8.

195 3176 229 3181 -
255 3159 308 3190 20.
332 3160 496 3199 praetoris
519 3161 557 3192 E.
586 3177 621 3182 -—
648 3160 702 3191 21.
728 3160 763 3190 in
787 3162 867 3201 post
889 3160 954 3192 des.
975 3169 1044 3192 om.
1071 3162 1109 3192 G.
1131 3178 1164 3182 —
1192 3161 1448 3201 quadrigarium
1472 3159 1549 3191 cod.
1577 3158 1685 3191 Guelf.
1711 3168 1730 3191 a
1754 3167 1802 3190 m.
1828 3167 1901 3191 sec.
1928 3158 1963 3189 et

192 3209 437 3249 Pantagathus.
466 3227 500 3231 —
527 3211 580 3242 25.
607 3210 669 3241 DE
691 3209 893 3242 POSTVMII
914 3210 1172 3243 CRIJIINIBVS.
1198 3211 1260 3242 DE
1283 3210 1426 3241 SERVII
1446 3208 1778 3250 ADOLESCENTIS]
1804 3208 1853 3240 sic
1877 3207 1958 3247 Lag.

191 3257 223 3288 9.
248 3257 300 3289 24.
327 3259 380 3290 25.
406 3260 460 3291 26.
487 3259 557 3299 65„
584 3261 662 3291 Par.
688 3260 719 3290 11.
738 3258 770 3291 4.
798 3259 872 3300 (sed
897 3268 1021 3291 omnes
1041 3261 1205 3300 postumi,
1231 3260 1266 3290 et
1288 3257 1447 3299 plerique
1470 3259 1560 3290 serui
1581 3257 1754 3297 adulesc.):
1782 3256 1962 3297 depositum

190 3306 382 3340 criminibus
405 3310 443 3341 de
464 3310 553 3341 serui
575 3309 786 3341 adolescentis
809 3310 854 3347 G;
889 3310 927 3341 de
949 3310 1036 3341 serui
1059 3309 1268 3342 adolescentis
1290 3308 1445 3341 hactenus
1475 3309 1513 3340 de
1539 3308 1682 3348 postumi
1704 3307 1896 3340 criminibus
1917 3315 1958 3344 κη

192 3354 301 3389 verba
324 3356 358 3389 in
381 3357 472 3398 EM,
509 3359 548 3391 ut
571 3358 606 3390 in
630 3356 703 3390 aliis
727 3357 845 3398 codd„
883 3359 1013 3392 omissa
1038 3360 1119 3391 sunt
1142 3359 1176 3390 et
1200 3357 1357 3390 additum
1382 3358 1415 3390 in
1440 3365 1550 3398 marg.
1578 3356 1747 3398 «deficit».
1784 3356 1853 3391 Sed
1877 3353 1960 3389 nihil
