2143 3713
264 208 345 250 336
746 210 800 251 IN
828 209 1050 251 VERREM
1077 209 1238 250 ACTIO
1270 209 1511 252 SECUNDA

264 322 343 361 ista
372 321 626 374 intelligere,
666 326 803 361 tamen
834 322 970 361 mirari
1010 321 1194 361 solebam
1223 322 1347 362 istum
1377 323 1419 362 in
1449 322 1513 362 his
1544 323 1644 375 ipsis
1674 324 1798 364 rebus
1827 326 2008 380 aliquem

264 397 430 423 sensum
460 383 626 431 habere,
658 397 781 437 quem
804 384 950 423 scirem
972 383 1085 423 nulla
1104 383 1146 422 in
1167 397 1211 422 re
1234 384 1463 437 quidquam
1485 385 1620 424 simile
1640 384 1822 426 hominis
1842 387 2007 430 habere.

263 445 352 486 XV.
393 446 498 486 Tum
537 447 715 499 primum
754 446 940 485 intellexi
980 445 1032 485 ad
1075 458 1165 484 eam
1205 459 1289 484 rem
1321 446 1421 486 istos
1452 446 1596 486 fratres
1629 447 1839 501 Cibyratas
1868 450 2009 506 fuisse,

261 512 306 547 ut
335 508 412 548 iste
444 509 486 548 in
517 508 694 548 furando
726 508 914 547 manibus
936 508 1035 555 suis,
1068 507 1201 546 oculis
1224 507 1388 548 illorum
1410 514 1604 548 uteretur.
1650 510 1703 549 At
1724 510 1781 550 ita
1802 513 2010 553 studiosus

233 574 324 609 {sest
352 570 478 610 huius
509 571 743 623 praeclarae
776 570 1110 615 existimationis,
1142 574 1186 608 ut
1216 574 1384 622 putetur
1413 572 1454 610 in
1485 571 1599 610 hisce
1630 572 1754 612 rebus
1775 573 2011 627 intelligens

262 645 366 680 esse,
396 638 442 673 ut
461 645 595 686 nuper
615 654 669 661 —
690 631 828 671 videte
848 631 1028 671 hominis
1050 631 1294 671 amentiam!
1317 653 1371 661 —
1392 639 1663 687 posteaquam
1687 639 1750 674 est
1770 648 2011 689 comperen-

261 693 441 743 dinatus,
473 708 566 735 cum
598 695 678 734 iam
709 707 784 746 pro
818 694 1010 734 damnato
1043 698 1289 746 mortuoque
1321 700 1443 742 esset,
1475 695 1583 734 ludis
1608 696 1869 737 Circensibus
1891 711 2010 738 mane

260 758 370 811 apud
401 757 446 796 L.
480 757 718 803 Sisennam,
750 755 883 794 virum
915 756 1172 808 primarium,
1205 769 1298 795 cum
1330 762 1469 796 essent
1501 758 1680 797 triclinia
1712 764 1837 799 strata
1867 773 2012 812 argen-

260 824 434 872 tumque
476 818 709 871 expositum
751 817 792 855 in
834 817 1030 865 aedibus,
1073 832 1164 857 cum
1204 831 1278 870 pro
1320 817 1517 870 dignitate
1558 820 1602 859 L.
1635 820 1834 860 Sisennae
1865 822 2010 861 domus

211 889 247 918 10
261 887 370 921 esset
390 881 514 933 plena
533 880 749 919 hominum
770 878 1181 920 honestissimorum:
1213 880 1388 920 accessit
1408 881 1458 920 ad
1479 887 1709 934 argentum,
1741 883 2011 936 contemplari

260 943 578 996 unumquidque
611 942 744 981 otiose
777 946 817 980 et
848 942 1112 982 considerare
1146 942 1294 996 coepit.
1353 943 1491 983 Mirari
1524 945 1741 984 stultitiam
1772 945 1866 992 alii,
1898 944 2011 999 quod

259 1005 302 1044 in
332 1006 422 1057 ipso
456 1004 611 1043 iudicio
644 1004 733 1043 eius
763 1003 893 1056 ipsius
926 1004 1190 1056 cupiditatis,
1223 1005 1340 1044 cuius
1371 1004 1701 1054 insimularetur,
1732 1007 2012 1061 suspicionem

259 1071 452 1119 augeret3
483 1066 553 1105 alii
585 1066 821 1112 amentiam,
854 1065 918 1104 cui
952 1067 1332 1119 comperendinato,
1364 1080 1456 1106 cum
1487 1072 1569 1107 tam
1600 1069 1715 1108 multi
1738 1074 1862 1109 testes
1884 1069 2013 1109 dixis-

260 1133 363 1176 sent,
400 1128 629 1181 quidquam
660 1128 824 1167 illorum
855 1128 1015 1168 veniret
1034 1129 1075 1168 in
1096 1134 1299 1169 mentem:
1330 1130 1447 1182 pueri
1469 1136 1607 1170 autem
1629 1131 1843 1179 Sisennae,
1873 1131 2011 1177 credo,

211 1201 246 1230 45
261 1192 332 1246 qui
375 1190 614 1237 audissent,
659 1203 764 1243 quae
800 1191 842 1229 in
880 1190 1005 1230 istum
1036 1192 1273 1231 testimonia
1310 1196 1450 1231 essent
1490 1192 1622 1239 dicta,
1661 1193 1803 1232 oculos
1843 1193 1893 1232 de
1931 1193 2010 1232 isto

258 1267 467 1308 nusquam
506 1253 686 1293 deiicere
727 1266 863 1305 neque
901 1254 950 1292 ab
987 1258 1157 1306 argento
1198 1253 1369 1306 digitum
1411 1253 1637 1294 discedere.
1696 1251 1763 1293 34.
1802 1254 1877 1294 Est
1913 1254 2011 1294 boni

258 1316 410 1357 iudicis
441 1316 577 1369 parvis
610 1329 661 1354 ex
691 1315 815 1354 rebus
847 1316 1129 1355 coniecturam
1159 1315 1293 1355 facere
1324 1316 1448 1355 unius
1471 1317 1674 1369 cuiusque
1704 1316 1942 1369 cupiditatis
1973 1320 2013 1356 et

261 1379 556 1420 continentiae.
617 1379 697 1427 Qui
729 1392 847 1425 reus,
887 1383 928 1418 et
957 1392 1052 1418 reus
1093 1378 1183 1430 lege
1215 1377 1628 1431 comperendinatus,
1667 1393 1710 1418 re
1742 1383 1784 1418 et
1813 1378 2012 1431 opinione

258 1443 473 1483 hominum
511 1455 643 1495 paene
684 1441 929 1488 damnatus,
973 1445 1203 1493 temperare
1234 1454 1319 1479 non
1357 1440 1541 1493 potuerit
1580 1441 1760 1480 maximo
1791 1444 2012 1486 conventu,

210 1512 246 1544 20
261 1507 362 1560 quin
392 1506 436 1544 L.
470 1505 669 1545 Sisennae
701 1508 918 1556 argentum
949 1507 1141 1542 tractaret
1171 1507 1211 1541 et
1242 1503 1534 1549 consideraret,
1564 1502 1674 1543 hunc
1704 1508 1938 1556 praetorem
1968 1502 2011 1542 iu

259 1567 472 1622 provincia
503 1567 725 1620 quisquam
756 1565 919 1618 putabit
949 1578 973 1604 a
1004 1564 1233 1604 Siculorum
1264 1570 1434 1617 argento
1468 1564 1735 1617 cupiditatem
1765 1569 1835 1605 aut
1865 1578 2010 1605 manus

259 1631 465 1671 abstinere
495 1630 716 1682 potuisse?

370 1693 478 1732 XVI.
510 1690 577 1731 35.
609 1692 763 1731 Verum
794 1691 853 1730 uti
874 1689 1129 1742 Lilybaeum,
1153 1688 1263 1728 unde
1290 1689 1476 1742 digressa
1497 1693 1558 1728 est
1579 1688 1723 1735 oratio,
1744 1694 2011 1737 revertamur,

258 1755 423 1795 Diocles
465 1759 545 1802 est,
584 1752 787 1805 Pamphili
829 1765 954 1805 gener
989 1751 1122 1798 illius,
1162 1764 1185 1790 a
1218 1764 1301 1804 quo
1342 1750 1491 1804 hydria
1520 1750 1656 1790 ablata
1687 1755 1769 1798 est,
1808 1751 2011 1804 Popillius

208 1817 520 1871 25cognomine.
579 1815 640 1854 Ab
678 1815 758 1854 hoc
799 1814 914 1854 abaci
951 1826 1049 1854 vasa
1080 1813 1241 1860 omnia,
1284 1818 1330 1852 ut
1369 1813 1560 1865 exposita
1598 1812 1787 1860 fuerunt,
1827 1812 2009 1853 abstulit.

258 1880 378 1920 Dicat
406 1893 449 1919 se
480 1879 577 1918 licet
608 1878 780 1917 emisse:
822 1877 974 1916 etenim
1012 1875 1081 1914 hic
1120 1880 1290 1928 propter
1319 1874 1647 1927 magnitudinem
1677 1873 1775 1914 furti
1806 1880 1926 1923 sunt,
1964 1880 2012 1914 ut

258 1942 428 1995 opinor,
469 1941 629 1980 litterae
660 1940 804 1980 factae.
863 1939 987 1978 Iussit
1025 1937 1332 1977 Timarchidem
1373 1938 1590 1977 aestimare
1629 1941 1858 1990 argentum.
1917 1936 2010 1985 Quo

257 2003 411 2045 modo?
445 2016 529 2058 quo
555 2003 627 2056 qui
658 2014 856 2055 umquam
877 2000 1119 2041 tenuissime
1141 2001 1183 2039 in
1205 2000 1473 2040 donationem
1494 1999 1745 2039 histrionum
1767 1998 2009 2039 aestimavit.

258 2066 440 2106 Tametsi
471 2065 551 2105 iam
583 2064 739 2104 dudum
772 2076 848 2116 ego
880 2076 986 2109 erro,
1018 2062 1090 2115 qui
1122 2067 1202 2102 tam
1233 2062 1361 2102 multa
1392 2063 1442 2102 de
1473 2062 1551 2101 tuis
1584 2062 1863 2114 emptionibus
1886 2060 2012 2101 verba

207 2137 244 2168 30
257 2128 406 2169 faciam
437 2133 478 2168 et
508 2140 717 2181 quaeram,
747 2131 886 2165 utrum
918 2125 1068 2165 emeris
1098 2137 1250 2171 necne,
1284 2129 1324 2163 et
1354 2138 1437 2177 quo
1461 2124 1583 2163 modo
1615 2129 1655 2163 et
1675 2125 1818 2177 quanti
1841 2123 2010 2163 emeris:

259 2192 371 2246 quod
402 2191 527 2232 verbo
559 2191 785 2242 transigere
824 2201 1009 2242 possum.
1067 2187 1155 2227 Ede
1193 2186 1293 2226 mihi
1333 2187 1554 2239 scriptum,
1596 2186 1695 2239 quid
1737 2182 1927 2239 [argenti]
1966 2185 2011 2224 in

344 2333 374 2365 1.
401 2332 474 2374 ista]
498 2331 547 2364 ita
570 2332 671 2371 Lagg.
698 2330 783 2361 dett.
812 2347 846 2351 —-
872 2329 903 2360 Ξ.
929 2327 1050 2359 homini
1074 2329 1140 2367 Ga,
1168 2326 1227 2359 Ld.
1258 2345 1292 2350 —
1318 2326 1349 2359 li.
1376 2327 1518 2366 illorum]
1544 2335 1656 2358 eoram
1680 2327 1720 2357 Gt
1742 2327 1772 2358 2.
1802 2343 1836 2348 —
1863 2326 1893 2357 6.
1918 2325 2009 2357 video

257 2382 316 2423 R3,
342 2380 374 2415 λ.
395 2400 429 2405 —-
455 2381 748 2422 comperendinatus
771 2380 806 2411 R.
830 2397 864 2401 —-
883 2379 914 2410 8.
933 2379 1100 2409 sisannam
1117 2379 1153 2409 R.
1176 2395 1210 2399 —-
1230 2380 1488 2417 argentumquae
1505 2377 1530 2408 R
1546 2385 1598 2417 pr.
1618 2385 1664 2407 m.
1684 2376 1784 2408 etsie
1801 2376 1950 2417 saepius.
1972 2392 2006 2397 —-

259 2434 310 2466 40.
335 2434 541 2465 honestorum
565 2432 665 2471 Lagg.
695 2448 729 2452 —
756 2429 888 2461 accessit
911 2429 969 2467 Ra,
997 2429 1097 2468 Lagg.
1126 2426 1236 2468 (prob.
1263 2426 1447 2457 Matthiaeo
1472 2425 1515 2457 de
1540 2424 1745 2457 Anacoluth.
1771 2434 1805 2466 p.
1831 2425 1913 2464 20.):
1950 2434 2008 2456 ac-

256 2483 384 2515 cesserit
401 2484 440 2515 Ο.
461 2500 495 2504 -
517 2482 567 2513 11.
586 2480 828 2519 unumquicque
844 2479 881 2516 R,
908 2478 1014 2518 Lg‘292
1040 2478 1292 2517 unumquodque
1308 2475 1368 2515 Ld,
1394 2475 1466 2507 rell.
1486 2477 1603 2516 Lagg„
1630 2476 1667 2508 Ο.
1689 2493 1723 2498 -
1742 2474 1845 2514 coepit
1859 2472 1913 2506 vel
1927 2475 2009 2514 cepit

258 2533 359 2566 codd.
387 2533 473 2565 noti:
499 2530 639 2570 coeperit
655 2530 692 2561 O.
713 2546 747 2550 —-
768 2528 819 2559 ⁴2.
845 2528 1052 2567 suspitionem
1076 2528 1112 2559 R.
1135 2545 1170 2550 —
1190 2526 1241 2558 14.
1267 2526 1390 2557 veniret
1413 2526 1454 2556 R:
1480 2526 1614 2557 venisset
1637 2524 1696 2562 63,
1722 2522 1742 2555 λ
1766 2522 1887 2554 sonex
1904 2523 2006 2556 notis.

261 2600 295 2606 —
323 2583 375 2616 15.
401 2581 598 2614 audivissent
621 2580 722 2619 Lagg.
748 2578 888 2619 praeter
911 2577 969 2615 29,
996 2577 1032 2608 O.
1061 2594 1095 2598 -
1128 2579 1228 2608 essent
1252 2575 1338 2606 dicta
1361 2575 1399 2613 R,
1426 2574 1501 2612 Ld.‚
1527 2573 1599 2605 alii:
1626 2574 1712 2604 dicta
1735 2576 1836 2605 essent
1857 2573 1904 2604 Ga
1927 2575 1961 2604 et
1984 2573 2008 2604 L

259 2631 339 2673 [non
372 2633 457 2664 item
481 2629 589 2671 Lg29,
623 2630 660 2659 ut
684 2627 730 2659 ait
764 2625 933 2667 Zumpt.];
971 2626 1052 2656 data
1082 2628 1181 2656 essent
1211 2625 1269 2655 Gi.
1299 2642 1333 2646 —
1362 2624 1413 2655 16.
1440 2624 1562 2654 deicere
1586 2624 1626 2662 R,
1661 2625 1695 2654 ct
1724 2623 1774 2654 sic
1802 2630 1944 2663 semper
1974 2622 2007 2653 in

258 2682 459 2723 compositis
484 2678 583 2711 verbi
607 2677 724 2709 iacere.
754 2694 788 2698 —
817 2676 868 2706 17.
895 2675 1084 2714 cupiditatis
1107 2675 1143 2712 R,
1171 2674 1211 2704 Gt
1239 2674 1270 2711 ⁶2,
1296 2671 1334 2703 A:
1361 2676 1390 2704 ct
1413 2673 1521 2712 cupid.
1548 2672 1623 2710 Ld.‚
1650 2671 1732 2703 dett.
1759 2672 1795 2703 O.
1823 2687 1857 2692 -
1884 2673 1913 2702 et
1935 2679 2009 2701 con-

256 2731 411 2764 tinentiae
426 2731 465 2768 R,
485 2729 550 2760 G2:
578 2736 648 2760 om.
668 2725 747 2763 Ld.;
773 2728 802 2756 et
819 2734 886 2756 om.
906 2725 948 2756 Gi
967 2735 973 2762 ·,
1000 2728 1028 2756 ct
1044 2723 1294 2755 incontinentiae
1311 2721 1383 2754 rell.
1403 2723 1440 2759 O;
1467 2722 1654 2761 cupiditatis
1670 2725 1697 2753 et
1714 2721 1846 2753 inducit
1860 2719 2005 2759 Madvig.

257 2781 318 2822 Op.
339 2782 363 2813 1.
383 2789 417 2822 p.
436 2780 509 2812 358.
530 2795 564 2800 ——
585 2778 637 2809 18.
657 2780 686 2808 et
701 2784 776 2807 reus
791 2775 859 2815 leye
876 2774 940 2805 1t3:
960 2774 1038 2815 lege,
1059 2777 1087 2805 et
1102 2782 1177 2804 rcus
1194 2772 1276 2803 dett.
1297 2772 1333 2803 Ο,
1362 2771 1410 2803 Cf.
1430 2771 1541 2802 Madv.
1562 2780 1614 2811 cp,
1635 2780 1668 2811 p.
1687 2771 1740 2802 52.
1759 2770 1838 2802 Bak.
1858 2777 1891 2810 p.
1912 2768 2004 2799 ⁴8.—-

255 2836 308 2870 20.
331 2840 439 2877 praet.
465 2835 499 2866 in
519 2832 693 2874 provincia
716 2831 773 2869 G3,
799 2828 837 2861 λῑ
864 2820 951 2862 ΙΪῙί.
978 2830 1011 2860 in
1025 2828 1232 2868 provinciam
1255 2829 1298 2865 Β,
1325 2827 1358 2858 in
1371 2827 1578 2866 provinciam
1591 2835 1645 2866 pr.
1663 2835 1685 2864 ς
1702 2826 1761 2866 (Ῡ);
1788 2825 1822 2856 in
1832 2823 2007 2864 provincia

251 2889 359 2927 praet.
386 2887 488 2926 Lagg.
515 2885 552 2915 O.
575 2901 608 2905 —
628 2883 680 2913 21.
704 2881 834 2920 putavit
858 2880 958 2920 Lg29.
980 2897 1014 2900 a
1034 2880 1086 2911 23.
1112 2878 1297 2916 tillybaeum
1321 2877 1357 2907 R.
1381 2893 1414 2898 —
1435 2877 1585 2916 degressa
1609 2875 1669 2907 Ld.
1689 2876 1724 2907 O.
1748 2891 1782 2897 -
1802 2876 2008 2905 revertamur

257 2937 316 2976 G3,
343 2935 444 2968 codd.
471 2932 611 2971 Lambfi
637 2934 846 2963 revertantur
869 2931 912 2967 R}
940 2932 1124 2960 revertatur
1147 2928 1231 2959 dett.
1258 2927 1294 2958 Ο.
1324 2944 1357 2947 -ᾼ
1384 2926 1434 2958 21..
1461 2927 1602 2965 Popilius
1626 2927 1662 2957 R.
1684 2942 1719 2947 —
1738 2926 1789 2956 25.
1816 2923 1910 2955 abaci
1934 2931 2002 2953 om.

256 2986 358 3027 Lagg.
379 2985 519 3026 praeter
535 2983 587 3015 29.
610 3000 643 3004 —-
661 2982 794 3022 fuerant
816 2979 892 3018 Ld.,
919 2978 1007 3019 Lgsia
1032 2977 1093 3009 soli
1119 2987 1159 3009 ex
1176 2976 1277 3014 notis,
1295 2976 1332 3007 Ο.
1355 2993 1388 2996 —
1409 2975 1460 3006 ¹26.
1480 2975 1551 3006 licet
1567 2983 1636 3006 om.
1656 2973 1759 3010 dett.;
1775 2973 1846 3003 licet
1861 2979 1893 3003 se
1909 2971 1945 3003 O.
1967 2988 2002 2993 —-

255 3040 330 3067 sant
352 3039 388 3067 ut
411 3035 527 3075 opinor
549 3033 609 3063 litt.
634 3032 743 3072 factae
767 3031 804 3069 R,
831 3028 902 3061 alii:
929 3032 1002 3059 sunt
1025 3028 1046 3059 l.
1072 3031 1108 3059 ut
1124 3037 1176 3067 op.
1192 3027 1300 3067 sactae
1317 3024 1375 3055 G3.
1403 3025 1473 3064 (titt.
1491 3028 1527 3055 ut
1539 3033 1591 3063 op.
1609 3026 1683 3054 sunt
1696 3023 1806 3063 factae
1821 3023 1858 3052 ut
1872 3021 2005 3052 variam

255 3085 441 3117 lectionem
465 3082 563 3116 Nieb.
590 3082 622 3112 in
647 3081 803 3120 margine
827 3078 948 3117 habet,
985 3077 1048 3109 sed
1073 3076 1198 3108 oblitus
1222 3077 1275 3106 cst
1297 3083 1482 3106 numerum
1510 3073 1637 3106 codicis
1661 3071 1716 3104 vel
1739 3072 1897 3104 codicum
1922 3072 2002 3110 Lag.

257 3134 484 3174 adscribere.)
511 3150 546 3154 —
571 3131 624 3163 28.
659 3139 721 3169 qao
751 3129 817 3171 qai]
850 3137 913 3168 quo
945 3136 1013 3159 om.
1040 3127 1107 3165 n3,
1133 3126 1206 3158 alii:
1244 3135 1306 3165 quo
1328 3125 1423 3156 modo
1447 3125 1502 3164 qui
1527 3126 1561 3156 L.
1605 3125 1704 3164 [Cum
1733 3132 1794 3162 quo
1823 3123 1928 3154 ctiam
1959 3121 2002 3152 ab

257 3183 419 3215 omnibus
443 3184 544 3222 Lagg.
571 3179 662 3212 absit
684 3188 750 3211 1100
774 3180 807 3210 in
831 3177 900 3209 ullo
924 3177 1001 3209 cod.
1028 3178 1164 3209 exstare
1187 3174 1361 3212 videatur,
1389 3173 1543 3205 Lambini
1569 3172 1783 3210 emendatio,
1810 3172 1868 3212 qui
1892 3172 2002 3202 totum

257 3242 320 3272 quo
349 3234 445 3265 modo
473 3231 627 3272 repetiit,
668 3227 889 3260 verisimilior
917 3228 969 3259 est
1000 3235 1105 3267 quam
1140 3233 1229 3266 quae
1262 3225 1295 3256 in
1327 3223 1421 3254 editt.
1448 3223 1701 3255 circumfertur.
1739 3222 1859 3261 linia]
1897 3238 1932 3242 —-
1967 3220 2002 3251 in

258 3282 430 3314 donatione
445 3280 529 3312 dett.
548 3280 585 3311 O.
599 3296 633 3301 —
652 3278 705 3309 29.
723 3279 792 3309 iam
809 3278 930 3308 dadam
947 3285 1004 3316 eqo
1022 3277 1122 3316 Lagg.
1141 3292 1174 3298 —
1194 3274 1246 3306 30.
1264 3282 1363 3305 necne
1379 3281 1447 3304 0111.
1467 3273 1550 3304 dett.
1571 3272 1698 3313 (emeris
1713 3271 1811 3302 hocne
1826 3279 1890 3309 quo
1905 3269 2001 3301 modo

257 3331 372 3372 Lg29.)
393 3348 427 3354 —
446 3331 499 3364 31.
525 3329 611 3370 quod
631 3328 728 3362 verbo
743 3345 791 3352 --
807 3327 923 3368 quanti
943 3326 1058 3359 emeris
1080 3333 1149 3358 om.
1167 3324 1226 3357 R3.
1247 3340 1281 3346 —-
1301 3322 1431 3364 arqenti
1446 3329 1514 3353 om.
1533 3321 1635 3362 Lg29.
1661 3319 1885 3361 [Lectionem‚
1910 3326 1999 3360 quae
