2143 3713
301 219 382 261 '362
816 215 1014 257 ORATIO
1044 215 1147 257 PRO
1177 216 1224 256 A.
1255 216 1517 258 CLUENTIO

302 323 564 384 singularem.
612 329 748 382 Atque
777 328 903 376 haec,
943 327 1120 375 iudices,
1162 341 1267 381 quae
1296 340 1398 368 vera
1428 328 1620 367 dicuntur
1649 340 1674 366 a
1702 327 1820 367 nobis
1839 356 1849 373 ,
1878 326 2038 366 facilius

303 393 500 441 credetis,
532 393 566 432 si
595 404 687 431 cum
716 391 863 431 animis
894 390 1041 430 vestris
1072 390 1195 442 longo
1235 390 1452 430 intervallo
1483 389 1691 428 recordari
1724 389 1765 428 C.
1798 390 1951 428 Staieni
1981 390 2038 428 vi-

300 463 381 496 tam
413 460 453 495 et
481 459 668 494 naturam
698 453 925 494 volueritis.
971 454 1074 492 Nam
1104 452 1275 504 perinde
1304 457 1349 491 ut
1377 452 1520 505 opinio
1551 457 1613 490 est
1641 451 1691 489 de
1719 451 1924 504 cuiusque
1954 464 2040 490 mo-

298 519 437 565 ribus,
481 518 556 564 ita,
602 516 703 570 quid
744 516 794 555 ab
831 528 881 554 eo
919 514 1070 553 sactum
1108 518 1177 553 aut
1216 526 1298 552 non
1340 514 1491 554 sactum
1522 514 1596 560 sit,
1637 513 1863 553 existimari
1891 517 2039 565 potest.

268 581 450 620 5XXVI.
482 579 582 619 Cum
613 583 723 618 esset
752 591 899 630 egens,
939 580 1225 628 sumptuosus,
1268 576 1425 623 audax,
1463 576 1659 622 callidus,
1699 574 1964 628 perfidiosus,
2000 579 2040 612 et

299 657 390 683 cum
435 642 548 682 domi
592 653 690 680 suae
727 639 968 679 miserrimis
1005 638 1047 676 in
1087 638 1190 677 locis
1229 643 1269 677 et
1308 638 1557 677 inanissimis
1588 642 1746 676 tantum
1779 649 2039 676 nummorum

296 705 477 759 positum
506 703 689 749 videret,
731 701 782 741 ad
814 714 977 741 omnem
1008 699 1205 739 malitiam
1236 704 1276 739 et
1304 699 1488 739 fraudem
1520 712 1683 738 versare
1715 712 1830 738 suam
1860 702 2039 737 mentem

297 767 460 819 coepit:
490 766 578 817 Ego
609 765 702 804 dem
732 763 937 803 iudicibus
954 765 970 801 ἱ)
1018 762 1118 801 mihi
1150 761 1229 814 ipsi
1261 762 1384 814 igitur
1412 767 1577 815 praeter
1607 761 1837 814 periculum
1868 764 1908 799 et
1937 759 2041 799 insa-

296 829 420 868 miam
451 827 550 880 quid
582 826 835 880 quaeretur?
881 824 992 863 Nihil
1025 824 1278 875 excogitem,
1311 836 1434 876 quam
1466 824 1517 862 ob
1548 836 1632 862 rem
1665 822 1939 875 Oppianicum
1971 821 2040 859 da-

247 901 282 929 40
296 891 426 930 mnari
455 902 624 928 neccsse
655 888 741 926 sit?
774 886 887 934 Quid
919 885 1083 924 tandem
1113 908 1165 912 —
1197 885 1300 924 nihil
1331 887 1438 925 enim
1470 891 1552 932 est,
1585 886 1693 938 quod
1725 898 1808 924 non
1837 881 1922 922 lieri
1947 896 2041 935 pos-

295 952 349 992 sit
368 973 442 999 ——‚
474 950 507 990 si
540 950 633 1003 quis
664 962 758 988 eum
787 948 891 987 forte
923 961 1039 987 casus
1071 961 1123 986 ex
1152 947 1336 999 periculo
1365 948 1584 1000 eripuerit,
1616 961 1753 987 nonne
1783 945 2038 985 reddendum

295 1017 390 1055 est?
420 1012 763 1064 praecipitantem
784 1010 909 1061 igitur
928 1009 1211 1062 impellamus,
1243 1010 1400 1063 inquit,
1432 1015 1471 1049 et
1492 1009 1695 1063 perditum
1718 1014 2040 1062 prosternamus,

294 1073 360 1115 71.
394 1075 513 1127 Capit
541 1074 621 1113 hoc
652 1073 837 1119 consilii,
868 1076 914 1110 ut
943 1072 1160 1124 pecuniam
1190 1072 1437 1125 quibusdam
1468 1072 1671 1111 iudicibus
1703 1071 1923 1111 levissimis
1953 1069 2042 1122 pol-

294 1140 482 1184 liceatur,
514 1136 664 1175 deinde
696 1149 786 1174 eam
816 1139 962 1188 postea
993 1135 1245 1186 supprimat,
1278 1139 1344 1181 ut,
1377 1135 1571 1187 quoniam
1593 1146 1736 1186 graves
1756 1133 1948 1173 homines
1970 1144 2042 1171 sua

245 1210 281 1238 45
294 1205 439 1255 sponte
469 1211 612 1239 severe
642 1197 896 1237 iudicaturos
927 1197 1117 1248 putabat,
1158 1210 1250 1243 eos,
1293 1197 1363 1248 qui
1395 1196 1570 1236 leviores
1603 1201 1740 1242 erant,
1772 1195 2041 1234 destitutione

292 1266 418 1304 iratos
458 1260 689 1314 Oppianico
728 1259 932 1299 redderet.
992 1260 1154 1311 Itaque,
1196 1264 1241 1298 ut
1283 1264 1370 1297 erat
1405 1270 1566 1311 semper
1595 1263 1887 1310 praeposterus
1918 1263 2041 1309 atque

292 1337 534 1379 perversus,
564 1322 728 1362 initium
758 1321 856 1361 facit
886 1334 909 1360 a
930 1321 1061 1360 Bulbo
1084 1326 1124 1360 et
1155 1334 1268 1367 eum,
1306 1321 1419 1373 quod
1450 1321 1530 1359 iam
1553 1319 1623 1359 diu
1657 1320 1760 1359 nihil
1793 1320 2042 1373 quaesierat,

294 1389 454 1428 tristem
492 1380 616 1438 atque
647 1384 891 1424 oscitantem
934 1383 1078 1423 leviter
1107 1383 1297 1435 impellit.
1349 1383 1458 1430 Quid
1490 1384 1568 1421 tu?
1607 1382 1764 1434 inquit,
1797 1382 1948 1435 ecquid
1979 1394 2042 1420 me

294 1450 491 1495 adiuvas,
522 1446 676 1494 Bulhe,
707 1460 759 1486 ne
791 1446 916 1498 gratis
942 1446 1001 1485 rei
1023 1445 1214 1497 publicae
1237 1445 1498 1485 serviamus?
1532 1444 1603 1483 llle
1624 1458 1744 1491 vero,
1776 1444 1895 1484 simul
1919 1449 2042 1496 atque

244 1512 371 1553 aohoc
400 1511 559 1552 audivit
602 1522 677 1548 «ne
707 1509 883 1561 gratis»:
924 1507 1017 1555 Quo
1048 1507 1186 1554 voles,
1227 1507 1382 1560 inquit,
1422 1520 1583 1559 sequar.
1644 1507 1723 1545 Sed
1756 1505 1855 1559 quid
1886 1507 2043 1545 affers?

295 1576 399 1614 Tum
431 1573 468 1612 ei
498 1571 576 1611 HS
602 1570 876 1624 quadraginta
907 1570 1041 1616 milia,
1073 1570 1107 1609 si
1138 1574 1248 1609 esset
1279 1569 1492 1609 absolutus
1515 1568 1795 1620 Oppianicus,
1827 1568 2046 1621 pollicetur

295 1642 335 1677 et
373 1649 490 1682 eum,
530 1638 576 1673 ut
616 1638 772 1673 ceteros
813 1632 1014 1685 appellet,
1046 1632 1294 1685 quibuscum
1325 1631 1441 1683 loqui
1472 1634 1732 1676 consuesset,
1773 1635 1891 1683 rogat
1920 1636 2043 1683 atque

295 1699 417 1738 etiam
447 1698 536 1751 ipse
567 1696 757 1735 conditor
787 1695 916 1734 totius
947 1694 1103 1747 negotii
1133 1695 1297 1733 Guttam
1330 1692 1540 1745 adspergit
1560 1692 1655 1731 huic
1676 1692 1822 1731 Bulbo.
1868 1690 1933 1731 72.
1967 1693 2045 1731 lta-

296 1774 377 1814 que
408 1759 578 1800 minime
609 1770 774 1797 amarus
804 1757 851 1796 iis
883 1758 996 1796 visus
1028 1762 1113 1803 est,
1146 1757 1217 1809 qui
1248 1754 1408 1809 aliquid
1439 1768 1491 1793 ex
1521 1754 1610 1793 eius
1632 1766 1821 1793 sermone
1850 1754 2044 1806 speculae

245 1834 281 1863 25
296 1823 574 1875 degustarant.
635 1820 745 1859 Unus
778 1824 819 1859 et
848 1819 951 1858 alter
981 1819 1070 1858 dies
1103 1819 1411 1865 intercesserat,
1454 1830 1545 1856 cum
1576 1829 1640 1855 res
1670 1829 1817 1868 parum
1848 1820 1957 1855 certa
1987 1816 2045 1854 vi-

295 1884 493 1923 debatur:
525 1887 740 1936 sequester
770 1886 811 1921 et
840 1879 1102 1921 confirmator
1131 1881 1335 1933 pecuniae
1359 1879 1682 1919 desiderabatur.
1728 1879 1832 1917 Tum
1864 1877 2045 1930 appellat

293 1946 426 1987 hilaro
459 1946 574 1986 vultu
604 1944 813 1984 hominem
844 1943 1022 1990 Bulbus,
1059 1948 1105 1982 ut
1133 1942 1414 1996 placidissime
1446 1946 1608 1994 potest:
1648 1940 1759 1987 Quid
1790 1944 1856 1986 tu,
1896 1939 2045 1992 inquit,

294 2009 451 2048 Paete?
490 2030 544 2037 —
579 2008 658 2047 hoc
697 2007 807 2046 enim
848 2006 925 2045 sibi
966 2006 1160 2045 Staienus
1203 2018 1431 2057 cognomen
1462 2017 1513 2043 ex
1553 2002 1800 2054 imaginibus
1830 2001 2043 2041 Aeliorum

296 2070 527 2123 delegerat,
568 2083 642 2116 ne,
671 2069 706 2108 si
737 2082 780 2108 se
811 2069 1003 2120 Ligurem
1032 2067 1221 2115 fecisset,
1264 2066 1445 2106 nationis
1478 2066 1605 2117 magis
1637 2077 1760 2117 quam
1792 2063 1954 2116 generis
1987 2065 2044 2102 uti

246 2144 282 2173 30
297 2132 543 2184 cognomine
582 2132 792 2172 videretur
820 2153 874 2159 —
904 2144 987 2183 qua
1026 2130 1076 2169 de
1115 2144 1158 2169 re
1201 2143 1361 2169 mecum
1394 2128 1552 2167 locutus
1583 2140 1646 2174 es,
1680 2130 1886 2179 quaerunt
1915 2138 1939 2165 a
1967 2138 2045 2172 me,

298 2194 368 2232 ubi
401 2193 454 2233 sit
482 2194 671 2246 pecunia.
721 2194 798 2232 Hic
837 2193 906 2232 ille
945 2192 1094 2244 planus
1124 2191 1479 2244 improbissimus,
1521 2194 1695 2243 quaestu
1725 2187 1944 2228 iudiciario
1974 2200 2047 2240 pa-

298 2262 408 2303 stus,
440 2256 511 2308 qui
542 2255 604 2295 illi
633 2256 855 2309 pecuniae,
886 2268 1010 2307 quam
1040 2254 1303 2300 condiderat,
1335 2267 1408 2305 spe
1439 2252 1521 2291 iam
1552 2257 1676 2304 atque
1705 2250 1844 2290 animo
1876 2249 2047 2289 incuba-

385 2437 416 2468 4.
442 2444 522 2467 vera
546 2435 624 2465 ST:
649 2443 723 2466 vere
748 2435 812 2465 RA
828 2435 849 2465 L
865 2432 935 2465 530.
957 2451 991 2456 —
1018 2434 1047 2465 3.
1070 2434 1209 2473 proinde
1235 2434 1268 2464 l..
1291 2451 1325 2455 —
1352 2431 1383 2464 4.
1403 2435 1461 2463 aul
1484 2432 1560 2462 ST:
1587 2434 1615 2462 el
1639 2429 1827 2464 RALQO.
1850 2448 1884 2452 —
1911 2430 1941 2461 5.
1968 2429 2048 2461 Cum

299 2488 376 2516 essel
398 2487 706 2525 egens-*nentem
735 2493 828 2515 snam
856 2484 958 2522 coepit
991 2483 1095 2514 lulius
1119 2484 1326 2514 Sexcrianus
1350 2492 1383 2523 p.
1411 2482 1484 2513 339.
1511 2481 1565 2512 ed.
1594 2482 1700 2521 Capp.
1728 2499 1763 2503 —
1790 2481 1820 2511 6.
1846 2480 2047 2511 miserrimus

300 2536 332 2565 in.
355 2534 432 2565 locis
454 2537 483 2565 el
504 2534 703 2565 inanissimis
717 2534 760 2571 '1¹3
786 2534 988 2564 miserrimus
1011 2537 1039 2564 ct
1062 2533 1269 2564 inanissimus
1286 2533 1503 2570 Severianus,
1530 2533 1567 2562 A.
1589 2548 1622 2552 —-
1651 2532 1680 2562 7.
1699 2530 1752 2571 ad]
1778 2531 1809 2561 in
1825 2530 2043 2561 Severianus.

302 2602 335 2606 -
361 2593 456 2616 snam
478 2587 614 2615 mentem
638 2584 658 2613 S
672 2585 714 2614 T:
739 2587 876 2614 mentem
898 2592 992 2614 snam
1016 2584 1039 2614 R
1052 2585 1077 2614 A
1093 2584 1115 2614 L
1130 2582 1149 2616 ³3
1165 2586 1201 2613 t).
1231 2601 1266 2604 —
1299 2583 1328 2613 8.
1354 2583 1466 2624 coepit]
1491 2583 1568 2613 haec
1589 2589 1696 2612 secum
1717 2580 1865 2620 coyi'cans
1887 2578 1990 2618 coepit
2007 2579 2043 2609 L.

302 2652 336 2657 -
363 2636 445 2666 Dem
467 2632 650 2664 iudicibus?
672 2633 752 2665 Mihi
777 2634 878 2673 iyitw·
900 2633 978 2664 nihil
1002 2632 1201 2672 quaeretur?
1224 2631 1326 2663 Iulius
1351 2631 1550 2662 Rufinianus
1575 2631 1612 2661 cle
1628 2631 1684 2670 figy.
1703 2632 1780 2660 sene.
1801 2628 1830 2668 g.
1846 2627 1898 2659 20.
1927 2646 1962 2650 —
1989 2636 2047 2668 eyo

299 2684 370 2714 dem
386 2685 429 2715 T:
456 2692 492 2714 eo
515 2691 572 2723 090
596 2683 667 2713 dem
691 2681 815 2723 (deleto
839 2692 891 2723 pr.
911 2691 957 2713 m.
976 2684 1021 2721 co)
1047 2683 1087 2720 S:
1113 2683 1201 2714 deme
1217 2683 1239 2713 F
1253 2683 1302 2719 M:
1329 2681 1401 2712 dein
1422 2689 1461 2712 ne
1477 2683 1521 2719 A3
1549 2681 1659 2711 domne
1674 2681 1697 2710 L
1712 2678 1732 2712 53
1748 2680 1784 2709 O.
1808 2695 1843 2699 —
1861 2677 1924 2716 ipsi
1946 2677 2048 2717 iyilvur

300 2733 376 2764 ST:
401 2732 504 2773 igilur
525 2732 586 2771 ipsi
609 2732 673 2763 ΚΑ
688 2732 711 2762 L
727 2732 745 2764 ts
761 2733 797 2762 O.
828 2749 858 2755 -
890 2732 919 2762 9.
946 2734 1128 2770 quaeratur
1151 2732 1188 2762 A.
1218 2748 1252 2752 —
1280 2731 1496 2770 Oppianicum
1519 2731 1592 2768 ST,
1620 2738 1688 2766 mg.
1714 2728 1752 2761 53:
1780 2727 1958 2767 Oppianico
1982 2726 2047 2757 RA

302 2780 410 2816 LQO.
443 2782 701 2822 (nOppiauicunl
726 2782 829 2812 etiam
854 2783 972 2812 contra
1003 2780 1108 2811 libros
1133 2779 1318 2820 legendum
1344 2781 1428 2811 est.»
1455 2782 1533 2810 (mi.
1553 2780 1595 2817 ἓ.)
1624 2796 1657 2799 ᾔ
1694 2778 1744 2809 «10.
1771 2777 1848 2816 quid
1878 2775 1954 2807 ST:
1993 2774 2049 2814 qui

303 2832 323 2862 F
337 2832 408 2863 MA
422 2832 444 2862 L
458 2830 477 2863 §.²
492 2832 529 2862 O.
559 2849 593 2853 —
621 2832 676 2871 qui
698 2832 828 2862 landem
840 2831 856 2862 ζ)
887 2831 965 2861 nihil
986 2831 1072 2861 enim
1095 2833 1159 2867 cst,
1187 2830 1271 2868 quod
1293 2829 1316 2868 f.
1344 2839 1374 2860 n.
1396 2830 1509 2868 possit.
1547 2829 1582 2859 Si
1605 2829 1676 2867 quis
1698 2828 1722 2858 L
1736 2826 1758 2860 <3
1773 2828 1809 2859 Ο.
1844 2827 1949 2858 Recta
1971 2834 2049 2856 vcr-

302 2881 429 2913 borum
453 2881 625 2912 distinctio
651 2880 799 2911 debetur
823 2880 991 2920 Madvigio
1016 2880 1130 2918 Opuse.
1157 2879 1197 2909 Il.
1223 2887 1256 2918 p.
1283 2878 1343 2909 357
1369 2887 1420 2918 sq.
1450 2897 1484 2900 -
1518 2888 1580 2909 non
1604 2878 1677 2918 sieri
1700 2878 1773 2907 ST:
1799 2876 1872 2917 fieri
1893 2884 1958 2906 non
1980 2875 2048 2905 ΗΑ

303 2932 326 2961 L
340 2930 362 2964 Σὲ
376 2931 412 2962 O.
434 2947 468 2952 —
490 2934 596 2969 posset
621 2931 641 2961 κ’
656 2930 738 2961 MA.
759 2946 793 2951 —
822 2931 874 2961 Μ.
899 2930 1102 2960 reddundum
1125 2930 1144 2959 S
1159 2929 1195 2959 T.
1217 2945 1251 2949 -
1280 2927 1330 2959 13.
1356 2929 1479 2959 consilii
1503 2929 1617 2960 STL:
1648 2927 1815 2959 consilium
1838 2927 1862 2957 R
1876 2924 1937 2958 ΑΒ
1951 2925 1988 2956 Ο.
2010 2940 2045 2946 -

303 2978 355 3010 14.
373 2983 409 3011 αι
431 2986 500 3011 om.
520 2980 589 3009 ST.
611 2996 644 2999 —-
670 2979 785 3019 gyraiiis
801 2979 832 3009 S.
850 2996 884 2999 —
913 2980 963 3010 15.
983 2988 1034 3010 eos
1057 2980 1149 3010 STF
1163 2979 1195 3011 M
1208 2979 1253 3009 A:
1278 2978 1334 3008 lios
1358 2979 1380 3008 1.
1396 2978 1414 3011 ξ’
1430 2981 1466 3008 (ν,
1490 2996 1523 3000 —
1551 2978 1602 3009 48.
1621 2975 1744 3016 ecquid]
1768 2979 1797 3006 el
1820 2975 1897 3014 quid
1920 2975 1989 3006 ST.
2010 2990 2044 2995 -

302 3029 356 3061 ΞΟ.
375 3029 449 3070 quo]
475 3030 559 3068 quod
582 3030 651 3059 ST.
673 3046 708 3050 —
734 3029 786 3060 21.
805 3029 858 3059 IIS
881 3030 919 3059 S:
946 3038 1014 3060 om.
1041 3031 1065 3060 R
1081 3030 1105 3061 A
1120 3030 1143 3060 L
1157 3028 1177 3062 8
1192 3029 1228 3059 O.
1250 3045 1285 3050 -
1310 3028 1362 3059 23.
1382 3029 1515 3058 (Sullani
1538 3027 1681 3067 asperyil
1702 3026 1776 3056 huic
1799 3024 1890 3056 bulbo
1907 3024 2049 3056 Arusia-

303 3087 368 3110 nus
384 3079 529 3111 Mcssius
548 3088 580 3119 p.
595 3078 668 3110 263.
685 3078 739 3109 ed.
760 3078 915 3109 Lindem.
931 3096 965 3100 —-
985 3078 1036 3109 21.
1056 3087 1179 3109 avarus
1202 3079 1222 3107 S
1234 3078 1269 3108 T.
1288 3094 1322 3098 —
1342 3078 1380 3108 iis
1396 3095 1413 3099 -
1426 3095 1443 3100 -
1457 3079 1668 3117 ‹lefsztstarqnl
1685 3077 1705 3106 S
1718 3075 1760 3106 T:
1787 3074 1814 3105 is
1829 3093 1848 3098 -
1860 3090 1878 3096 -
1896 3074 2048 3113 (lequsla-

302 3132 356 3159 rat
381 3130 404 3160 R
418 3130 444 3159 A
458 3129 481 3159 L
494 3128 515 3162 Β
529 3128 566 3160 Ο.
594 3128 642 3159 Cf.
662 3128 869 3168 Madvigium
891 3128 1035 3168 Appencl.
1055 3129 1098 3159 ad
1121 3129 1201 3167 disp.
1220 3128 1256 3158 (Ie
1270 3127 1404 3158 Asconio
1428 3137 1461 3167 p.
1480 3128 1533 3158 5²3.
1554 3144 1590 3148 —
1614 3124 1760 3165 speculae
1783 3124 1804 3153 S
1817 3124 1878 3154 TL
1892 3120 1911 3154 Ε
1925 3122 1968 3153 O:
1994 3130 2049 3162 spe

302 3178 399 3216 gyzilac
422 3178 498 3209 ΗΛ.
528 3196 562 3200 -
589 3178 641 3208 27.
665 3178 771 3208 hilaro
795 3178 867 3208 ST:
893 3178 992 3208 hilari
1014 3179 1039 3209 R
1052 3179 1079 3209 A
1093 3179 1116 3209 L
1132 3178 1202 3211 80.
1230 3193 1266 3199 --
1288 3177 1505 3215 placidissime
1529 3176 1603 3207 ST:
1629 3172 1833 3204 blandissime
1856 3169 2045 3203 RALQO.

307 3243 341 3248 —-
368 3228 420 3258 28.
446 3228 517 3259 Pele
539 3228 614 3263 ST;
641 3228 753 3259 Pacete
776 3226 900 3265 MA&
926 3228 1040 3259 Facete
1064 3228 1097 3258 κ’.
1126 3245 1160 3249 -
1186 3226 1328 3257 aliorum
1352 3227 1420 3257 ST.
1510 3226 1562 3256 ⁶29.
1586 3223 1694 3264 secisse
1717 3223 1753 3253 T.
1776 3239 1810 3243 —
1834 3221 1941 3261 magis
1964 3220 1984 3251 S
1999 3219 2038 3250 T:

303 3277 410 3315 wnayz‘s
431 3285 509 3308 suae
532 3278 594 3308 ΒΛ
608 3276 717 3310 Lsst).
747 3295 781 3299 —
808 3276 860 3308 30.
886 3280 930 3308 est
954 3278 986 3308 S.
1007 3294 1040 3297 ——
1068 3275 1228 3315 quaesiuit
1250 3276 1319 3307 ST.
1349 3294 1382 3297 —-
1410 3275 1461 3306 31,
1486 3274 1617 3314 planius
1640 3273 1719 3311 ST;
1740 3271 1840 3312 plane
1863 3272 1897 3304 F.
1929 3269 1979 3302 Cf.
2004 3270 2042 3301 A.

307 3323 432 3356 Gellius
455 3326 538 3358 XVI.
565 3327 602 3367 7,
629 3327 680 3358 40.
708 3344 742 3350 -
769 3327 822 3359 327..
847 3335 902 3367 spe
924 3335 992 3358 om.
1019 3327 1054 3358 T.
