2143 3713
259 192 338 235 568
788 192 984 235 ORATIO
1015 192 1116 233 PRO
1147 192 1194 233 A.
1227 193 1487 234 CLUENTIO

262 320 385 361 quam
416 307 526 360 quod
555 319 629 346 vos
659 319 743 346 non
773 311 907 345 vestra
935 305 1013 345 hoc
1043 310 1188 358 sponte
1217 305 1399 353 faciatis,
1438 311 1637 359 petam'a
1665 308 1806 355 vobis,
1843 314 1888 348 ut
1917 323 1994 357 me,

259 370 355 409 dum
395 370 445 409 de
484 369 548 408 his
588 368 759 421 singulis
800 368 966 420 disputo
1010 367 1196 414 iudiciis,
1237 374 1389 408 attente
1424 368 1610 409 audiatis.
1669 370 1861 409 XXXIII.
1893 371 1997 411 Con-

260 432 477 471 demnatus
509 435 571 470 est
602 430 645 470 C.
677 430 840 475 Iunius,
872 430 943 483 qui
975 430 1012 468 ei
1044 431 1278 481 quaestioni
1309 431 1563 483 praefuerat3
1596 431 1701 471 adde
1727 432 1850 471 etiam
1880 432 1997 479 illud,

260 493 293 532 si
322 493 475 546 placet:
506 498 593 531 tum
625 497 686 532 est
707 493 1026 538 condemnatus,
1058 506 1149 531 cum
1171 498 1279 532 esset
1305 494 1429 532 iudex
1452 493 1717 546 quaestionis.
1761 494 1851 532 Non
1874 493 1997 533 modo

229 562 426 601 5causae‚
473 553 542 593 sed
580 568 632 593 ne
671 554 751 606 legi
791 554 957 606 quidem
997 553 1222 606 quidquam
1264 568 1337 607 per
1376 556 1583 595 tribunum
1614 555 1746 608 plebis
1776 555 1998 595 laxamenti

259 618 399 656 datum
430 622 504 656 est.
565 616 657 663 Quo
689 621 871 668 tempore
902 614 1016 653 illum
1049 628 1071 654 a
1103 618 1344 668 quaestione
1374 619 1424 657 ad
1455 618 1612 656 nullum
1635 616 1745 656 aliud
1778 618 1837 656 rei
1867 617 2001 670 publi-

259 692 329 718 cae
361 691 510 718 munus
541 677 688 717 abduci
720 677 889 722 licebat,
921 690 970 715 eo
1004 683 1185 729 tempore
1216 678 1266 717 ad
1288 680 1572 732 quaestionem
1604 680 1691 732 ipse
1713 679 1904 732 abreptus
1925 685 1999 719 est.

258 743 309 781 At
349 754 471 794 quam
513 741 827 794 quaestionem?
874 739 1018 778 Vultus
1060 739 1167 778 enim
1201 742 1343 787 vestri,
1388 741 1566 788 iudices,
1613 755 1676 780 me
1718 741 1912 789 invitant,
1956 747 2001 781 nt

260 817 366 857 quae
398 802 608 842 reticenda
637 808 821 855 putaram
854 801 978 840 libeat
1008 802 1084 840 iam
1117 802 1244 840 libere
1276 803 1423 842 dicere.
1469 802 1533 842 91).
1558 803 1665 851 Quid
1684 806 1701 842 ·?
1733 803 1804 842 illa
1835 804 1999 842 tandem

210 871 245 898 ⁴0
259 866 446 919 quaestio
477 870 547 904 aut
577 863 822 915 disceptatio
853 869 920 901 aut
950 863 1146 903 iudicium
1168 863 1276 903 suit?
1322 866 1474 905 Putabo
1500 866 1638 905 fuisse.
1684 867 1802 905 Dicat
1823 866 1892 919 qni
1916 866 2001 905 vult

257 927 382 967 hodie
414 927 464 965 de
494 926 565 966 illo
596 925 749 979 populo
781 925 1000 972 concitato,
1032 927 1096 964 cni
1131 933 1214 966 turn
1246 928 1399 980 populo
1432 942 1518 967 mos
1551 935 1689 981 gestus
1721 935 1800 974 est,
1838 941 1919 980 qua
1950 929 2000 967 de

257 1002 300 1028 re
343 988 484 1028 lunius
522 1001 687 1027 causam
727 987 890 1025 dixerit.
950 988 1263 1043 Quemcumque
1309 991 1538 1041 rogaveris,
1583 991 1661 1029 hoc
1707 990 1997 1044 respondebit:

259 1052 371 1106 quod
404 1052 621 1103 pecuniam
653 1050 877 1102 acceperit,
909 1050 1021 1103 quod
1051 1050 1309 1091 innocentem
1332 1053 1657 1092 circumvenerit.
1687 1054 1760 1092 Est
1788 1053 1889 1092 haec
1912 1054 2001 1106 opi-

258 1115 339 1154 nio.
376 1115 448 1159 At,
480 1113 513 1151 si
537 1113 592 1151 ita
614 1118 743 1158 esset,
774 1112 850 1151 hac
876 1113 965 1164 lege
987 1118 1224 1152 accusatum
1247 1116 1444 1166 oportuit,
1477 1130 1557 1168 qua
1580 1120 1794 1154 accusatur
1814 1115 1999 1154 Habitus.

208 1178 309 1216 ⁴5At
338 1177 424 1229 ipse
455 1188 502 1215 ea
534 1175 625 1227 lege
647 1175 883 1228 quaerebat.
921 1176 1078 1214 Paucos
1100 1174 1188 1214 dies
1211 1183 1492 1229 exspectasset
1514 1178 1745 1225 Quinctius.
1792 1179 1843 1216 At
1864 1190 2001 1230 neque

256 1239 440 1291 privatus
463 1250 658 1277 accusare
696 1250 772 1276 nec
803 1237 943 1276 sedata
968 1234 1079 1289 [iam]
1105 1238 1259 1277 invidia
1282 1239 1458 1278 volebat.
1490 1240 1649 1279 Videtis
1676 1240 1822 1291 igitur,
1854 1252 1939 1278 non
1960 1239 1999 1278 in

258 1312 399 1346 causa,
446 1299 516 1338 sed
561 1301 602 1339 in
649 1306 833 1352 tempore
879 1312 926 1338 ac
973 1305 1172 1352 potestate
1211 1315 1326 1353 spem
1368 1315 1528 1341 omnem
1572 1302 1821 1341 accusatoris
1860 1301 2001 1341 fuisse.

257 1359 322 1401 91.
354 1362 522 1402 Multam
562 1362 716 1415 petivit.
776 1362 866 1409 Qua
897 1361 1017 1413 lege?
1063 1362 1185 1410 Quod
1216 1364 1255 1402 in
1288 1363 1419 1416 legem
1452 1378 1532 1403 non
1564 1365 1758 1410 iurasset,
1801 1377 1906 1417 qnae
1937 1377 2002 1403 res

257 1424 412 1463 nemini
447 1438 641 1478 umquam
673 1423 807 1463 fraudi
839 1423 937 1469 fuit,
969 1429 1007 1462 et
1040 1424 1151 1476 quod
1186 1424 1226 1463 C.
1250 1426 1421 1472 Verres,
1454 1432 1616 1479 praetor
1645 1426 1847 1472 urbanus,
1879 1426 2001 1466 homo
2049 1438 2055 1441 ·

209 1491 244 1519 20
259 1493 424 1527 sanctus
456 1493 496 1527 et
527 1487 723 1539 diligens,
767 1486 1105 1525 subsortitionem
1139 1488 1224 1526 eius
1255 1488 1295 1526 in
1328 1502 1375 1526 eo
1408 1488 1550 1527 codice
1582 1502 1664 1527 non
1697 1488 1892 1534 haberet,
1932 1487 2002 1540 qui

258 1556 344 1590 tum
386 1550 592 1589 interlitus
634 1549 928 1602 proferebatur.
988 1548 1062 1586 His
1107 1548 1156 1587 de
1188 1550 1320 1588 causis
1353 1549 1394 1587 C.
1426 1550 1566 1588 lunius
1599 1550 1898 1589 condemnatus
1929 1555 2002 1596 est,

260 1612 440 1659 iudices,
472 1611 693 1651 levissimis
726 1616 765 1649 et
796 1610 1109 1655 infirmissimis,
1143 1625 1244 1664 quas
1275 1612 1442 1650 omnino
1476 1612 1513 1649 in
1547 1612 1739 1650 iudicium
1763 1612 1900 1650 afferri
1920 1625 2002 1651 non

259 1674 453 1728 oportuit.
512 1675 655 1727 Itaque
696 1686 917 1726 oppressus
959 1678 1019 1712 est
1062 1687 1142 1712 non
1175 1686 1319 1719 (ausa,
1358 1673 1427 1711 sed
1461 1679 1657 1726 tempore.
1716 1674 1906 1712 XXXIV.
1937 1670 2002 1712 92.

258 1737 345 1776 Hoc
378 1749 450 1776 vos
473 1735 664 1775 Cluentio
698 1735 893 1775 iudicium
915 1735 1067 1788 putatis
1091 1735 1236 1774 obesse
1258 1737 1477 1788 oportere?
1510 1735 1643 1782 Quam
1666 1735 1716 1773 ob
1738 1737 1928 1774 causam?
1962 1736 2003 1774 Si

209 1802 245 1831 ‘25
260 1813 311 1839 ex
341 1800 432 1851 lege
472 1799 721 1838 subsortitus
764 1811 847 1837 non
879 1802 965 1837 erat
995 1798 1138 1836 Iunius
1170 1803 1240 1837 aut
1271 1798 1303 1835 si
1337 1798 1375 1836 iu
1408 1797 1588 1849 aliquam
1620 1797 1750 1848 legem
1782 1797 2004 1850 aliquando

258 1875 343 1901 non
373 1862 599 1908 iuraverat,
630 1861 784 1900 idcirco
816 1860 925 1899 illius
957 1859 1221 1898 damnatione
1243 1858 1399 1912 aliquid
1432 1858 1482 1897 de
1506 1858 1695 1898 Cluentio
1721 1859 2004 1899 indicabatur?

256 1925 371 1971 Non,
402 1923 568 1977 inquit:
601 1923 673 1963 sed
705 1923 775 1961 ille
807 1922 961 1961 idcirco
992 1922 1074 1961 illis
1106 1922 1266 1973 legibus
1298 1922 1594 1960 condemnatus
1619 1928 1700 1968 est,
1733 1921 1843 1974 quod
1865 1928 2005 1960 contra

258 1987 380 2027 aliam
401 1987 533 2040 legem
552 1986 822 2025 commiserat.
855 1984 936 2032 Qui
959 1985 1036 2025 hoc
1059 1985 1321 2031 confitentur,
1349 1989 1523 2036 possunt
1545 1984 1667 2023 iidem
1688 1984 1789 2023 illud
1807 1984 2005 2024 iudicium

257 2049 385 2088 fuisse
417 2048 674 2088 defendere?
712 2048 845 2099 Ergo,
888 2047 1041 2099 inquit,
1081 2047 1233 2085 idcirco
1268 2046 1440 2086 infestus
1472 2053 1555 2086 tum
1587 2046 1767 2098 populus
1799 2047 2006 2086 Romanus

208 2111 337 2150 30fuit
369 2112 412 2150 C.
443 2111 586 2157 Iunio,
633 2109 745 2163 quod
775 2109 876 2148 illud
909 2109 1102 2148 indicium
1135 2115 1369 2161 corruptum
1402 2123 1473 2162 per
1503 2122 1595 2147 eum
1626 2108 1856 2161 putabatur.
1902 2109 2005 2148 Num

260 2173 385 2224 igitur
413 2172 492 2211 hoc
524 2178 709 2225 tempore
742 2184 862 2211 cansa
894 2175 1045 2209 mutata
1079 2173 1170 2209 est?
1204 2184 1299 2210 num
1331 2171 1411 2210 alia
1443 2184 1527 2217 rcs,
1559 2171 1638 2210 alia
1669 2171 1773 2210 ratio
1806 2170 1914 2210 illins
1945 2171 2007 2211 iu-

261 2234 381 2281 dicii,
413 2235 493 2273 alia
524 2238 669 2273 natura
701 2233 826 2272 totius
858 2232 1009 2285 negotii
1042 2246 1148 2271 nunc
1181 2238 1242 2271 est
1271 2246 1317 2271 ac,
1349 2238 1434 2271 tum
1465 2233 1570 2272 suit?
1601 2234 1689 2271 Non
1713 2233 1860 2284 opinor
1882 2246 1933 2272 ex
1955 2233 2005 2272 iis

262 2297 403 2343 rebus,
436 2309 541 2350 qnae
572 2300 710 2348 gestae
743 2300 858 2341 sunt,
891 2308 975 2334 rem
1007 2294 1133 2333 ullam
1165 2296 1348 2347 potuisse
1380 2295 1540 2333 mutari.
1591 2292 1657 2333 93.
1690 2294 1799 2342 Quid
1827 2307 1925 2346 ergo
1947 2301 2008 2335 est

263 2372 409 2398 causae
442 2358 554 2412 quod
585 2371 694 2397 nunc
724 2363 864 2396 nostra
895 2356 1082 2395 defensio
1115 2357 1304 2396 audiatur
1329 2363 1442 2396 tanto
1466 2357 1650 2403 silentio,
1684 2362 1769 2396 tum
1791 2356 1908 2396 Iunio
1934 2356 2004 2396 de-

213 2427 248 2455 35
262 2420 460 2461 fendendi
492 2420 554 2459 sui
586 2424 769 2473 potestas
801 2424 941 2471 erepta
983 2419 1067 2458 sit?
1119 2420 1225 2467 Quia
1256 2426 1342 2459 tum
1374 2420 1414 2458 111
1446 2432 1567 2459 causa
1598 2419 1699 2458 nihil
1730 2424 1816 2458 erat
1844 2424 2008 2471 praeter

263 2482 484 2529 invidiam,
517 2495 720 2528 errorem,
752 2482 1050 2535 suspicionem,
1083 2481 1295 2521 contiones
1322 2482 1605 2534 quotidianas,
1638 2480 1829 2520 seditiose
1861 2494 1907 2520 ac
1936 2495 2007 2535 po-

352 2606 382 2637 2.
409 2607 485 2636 dum,
509 2606 546 2636 de
568 2605 616 2635 Iu's
637 2605 772 2645 singulis
795 2605 921 2643 disputo
946 2604 1081 2644 iudiciis]
1107 2605 1219 2635 «Haec
1244 2605 1326 2635 mihi
1350 2607 1510 2645 suspecta
1535 2606 1587 2635 est
1604 2603 1793 2635 verborum
1819 2602 2005 2635 collocatio,

267 2655 476 2688 Facillimum
502 2657 554 2686 cst
577 2655 784 2695 transposita
811 2655 1025 2690 existimare,
1053 2656 1089 2683 ut
1113 2654 1233 2684 suerit:
1261 2655 1337 2684 (lum
1360 2656 1396 2685 (Ie
1419 2655 1466 2685 his
1487 2654 1622 2694 sinyulis
1645 2653 1770 2684 iudiciis
1794 2654 1931 2692 dispulo.
1967 2655 2009 2685 At

266 2706 369 2737 etiam
393 2704 500 2745 potuit
519 2712 614 2736 esse:
642 2705 718 2735 dum
734 2705 771 2735 de
791 2705 837 2735 his
859 2704 993 2743 singulis
1009 2704 1153 2742 disputo,
1181 2704 1298 2734 iudices
1316 2704 1366 2741 (ex
1385 2705 1507 2734 usitato
1526 2703 1732 2744 compendio
1752 2704 1852 2741 iud.)·›
1879 2706 1955 2733 GAu.
1974 2705 2003 2733 2³..

268 2773 302 2777 -
323 2756 352 2786 7.
371 2755 489 2785 adduci
506 2755 528 2785 F
542 2755 584 2785 M.
608 2772 641 2776 -—
668 2758 819 2793 arreptus
835 2755 882 2785 M:
909 2757 1057 2784 arrectus
1072 2755 1108 2784 A.
1132 2771 1165 2774 fl
1193 2754 1223 2784 S.
1249 2753 1298 2793 At]
1324 2754 1366 2784 ad
1387 2755 1454 2785 ΞΤ.
1483 2754 1568 2784 Fort.
1595 2757 1628 2783 at
1651 2754 1705 2783 ad.
1729 2771 1761 2774 ——
1789 2754 2007 2792 quaestionem

264 2804 417 2843 abreptus
432 2806 500 2835 est?
523 2804 632 2834 uultus
648 2805 680 2834 S.
699 2820 733 2824 —-
751 2804 855 2833 volfus
867 2804 891 2834 T
906 2804 948 2833 M.
967 2820 1000 2823 —
1028 2802 1057 2832 9.
1079 2805 1231 2840 putarem
1249 2804 1269 2833 S
1282 2804 1305 2834 T
1320 2803 1340 2833 F
1354 2804 1396 2834 M.
1419 2820 1450 2823 —
1471 2802 1577 2841 libeat]
1596 2802 1725 2833 iubeant
1741 2803 1804 2833 ST.
1826 2820 1860 2824 —
1881 2803 1931 2833 40.
1947 2811 2008 2842 pu-

265 2858 332 2885 Ιαιο
349 2854 371 2884 L
385 2852 418 2887 (ξ.
439 2871 473 2874 -
501 2853 566 2893 qui]
591 2853 668 2892 quid
683 2853 719 2883 T.
742 2871 776 2874 —
804 2854 854 2883 11.
874 2856 940 2883 lum
954 2852 1073 2891 populo
1090 2853 1160 2883 sT:
1187 2856 1254 2883 tum
1272 2854 1292 2883 Β
1308 2855 1332 2884 Α
1350 2854 1371 2883 l.
1387 2852 1404 2886 ξ’
1420 2854 1455 2883 O.
1480 2871 1511 2873 —
1540 2854 1589 2883 12.
1609 2861 1745 2891 cumque
1761 2861 1828 2883 om.
1849 2852 1869 2882 S
1886 2861 1937 2892 pr.
1957 2861 2003 2883 111.

270 2922 302 2925 —
322 2902 492 2943 roqareris
515 2904 535 2933 S
549 2904 591 2934 T:
618 2902 749 2942 rogaris
764 2903 821 2933 BA
834 2904 885 2935 Lt‘
898 2904 935 2933 ().
958 2920 991 2924 —
1023 2901 1069 2933 14.
1089 2906 1276 2933 accusatum
1295 2903 1314 2933 S
1328 2903 1368 2933 T:
1397 2906 1585 2933 accusatum
1600 2903 1696 2941 sui-<se
1715 2903 1734 2933 F
1746 2903 1792 2934 M:
1819 2905 2007 2932 accusatum

266 2962 330 2984 esse
353 2951 500 2986 ALQO.
530 2970 565 2974 —
592 2953 642 2983 15.
668 2952 736 2992 ἰ999
758 2960 827 2982 om.
851 2953 883 2983 S.
916 2970 951 2974 —
981 2952 1031 2982 16.
1058 2952 1123 2982 iam
1147 2961 1215 2982 om.
1242 2953 1310 2983 ST.
1340 2970 1372 2973 —-
1406 2952 1453 2983 18.
1480 2952 1626 2993 iurasset]
1653 2953 1727 2982 ιἰινα
1749 2955 1848 2982 essent
1871 2952 1940 2982 ΞΤ.
1970 2970 2003 2974 —

268 3004 318 3033 119.
339 3002 423 3040 quod
440 3002 473 3033 C.
498 3003 607 3032 l'crres
622 3019 669 3024 --
686 3010 749 3032 non
768 3001 896 3032 haberet
913 3001 1137 3039 Quintilianus
1156 3003 1238 3033 Vm.
1257 3002 1288 3036 6.
1307 3002 1358 3032 55
1378 3019 1410 3021 μ
1432 3002 1482 3031 25.
1502 3001 1690 3031 δαίμων-(11113
1706 3001 1841 3030 iudicem
1858 3010 1919 3031 non
1936 3004 2007 3032 crat

269 3060 335 3091 mg.
356 3051 388 3084 ΣΞ.
415 3050 464 3081 Cf.
485 3050 515 3090 5.
531 3051 582 3082 96.
603 3068 636 3073 -
655 3051 802 3090 aliquam
817 3054 838 3081 S
852 3052 892 3082 T:
913 3060 981 3082 om.
1002 3053 1057 3082 lm
1070 3051 1166 3085 [Ago.
1183 3069 1213 3073 -—
1234 3052 1284 3081 ΞΟ.
1306 3051 1433 3080 ...cutio
1451 3050 1759 3081 italicubalur--in
1775 3050 1883 3088 fausto
1899 3053 2006 3081 tamen

269 3102 310 3139 (5.
330 3100 393 3139 91.)
413 3099 517 3130 habet
536 3101 568 3131 P.
589 3118 623 3122 -
649 3101 701 3131 Ξῖ.
722 3101 782 3131 illis
798 3102 854 3131 ΡΞ
869 3102 911 3131 Τῖ
936 3101 983 3130 his
1004 3102 1060 3132 11Α
1077 3101 1173 3134 Leo,
1201 3100 1248 3131 (Is.
1270 3102 1300 3140 5.
1319 3101 1369 3130 96,
1389 3118 1420 3121 -
1444 3101 1492 3130 2⁸.
1513 3101 1626 3140 aliam]
1651 3100 1768 3130 aeliam
1790 3101 1822 3130 S.
1852 3118 1884 3122 —
1911 3101 2006 3131 iidem

269 3150 346 3179 illud
362 3151 386 3180 Α
401 3150 444 3179 O:
471 3150 554 3180 idem
579 3149 656 3179 illuc!
680 3150 792 3182 PST:
818 3150 896 3180 illud
920 3150 1002 3180 idem
1026 3150 1086 3180 111.
1100 3150 1133 3183 Ε.
1156 3168 1189 3171 -
1216 3150 1267 3180 29.
1286 3148 1392 3189 fuisse]
1411 3159 1471 3179 non
1495 3150 1593 3188 fuisse
1610 3151 1632 3180 l.
1646 3150 1678 3182 δέ.
1700 3167 1732 3170 —
1760 3150 1864 3188 iuquit
1885 3150 2008 3188 (inquid

269 3200 302 3233 P)
323 3199 440 3229 idcirco
457 3200 479 3230 P
493 3201 513 3229 S
527 3199 568 3229 T:
594 3199 714 3229 idcirco
732 3199 834 3236 inquit
856 3201 877 3230 R
893 3202 917 3230 Α
933 3200 955 3229 L
970 3199 989 3232 9
1005 3199 1041 3230 O.
1064 3216 1100 3221 —
1115 3199 1254 3238 populus
1269 3199 1357 3229 Rom.
1378 3200 1397 3227 S
1412 3199 1452 3229 T:
1480 3200 1538 3229 l’lt.
1560 3201 1582 3230 P
1597 3200 1636 3235 1³3
1660 3202 1795 3238 praetor
1812 3200 1841 3229 M
1856 3201 1880 3230 A
1896 3200 1918 3230 L
1932 3198 1953 3232 ἕ
1966 3200 2002 3230 Ο.

274 3265 306 3269 -
336 3248 386 3278 30.
412 3248 473 3287 fuit
497 3249 531 3279 C.
548 3248 641 3279 Iunio
665 3250 704 3279 P:
732 3249 823 3279 Iunio
844 3249 907 3287 fui!
933 3250 1012 3286 (om.
1033 3249 1079 3285 C.)
1098 3249 1263 3280 RAwso.
1282 3264 1316 3268 —
1336 3248 1387 3278 32.
1408 3252 1527 3278 nalum
1542 3257 1609 3279 oui.
1631 3249 1664 3279 Ρ.
1683 3265 1717 3269 -
1745 3248 1793 3278 his
1815 3249 1887 3284 ST;
1913 3249 1940 3278 is
1962 3249 2004 3279 M.

273 3313 305 3318 —-
328 3295 378 3328 322.
401 3301 469 3328 tum
492 3298 534 3330 T:
560 3307 635 3330 cum
655 3299 693 3336 S3
716 3301 792 3329 tunc
816 3297 980 3332 RALQO.
999 3314 1033 3320 —
1060 3299 1113 3330 36.
1136 3298 1303 3329 seditiones
1324 3298 1391 3329 ST:
1417 3299 1568 3330 seditione
1588 3297 1735 3329 Klotzins
1763 3297 1811 3328 Cf.
1834 3297 1863 3338 5.
1881 3297 1912 3328 2.
1932 3297 1983 3329 95.
