2143 3713
214 185 294 226 402
714 184 768 223 IN
798 181 1018 223 VERREM
1046 147 1206 223 AoTlo
1239 180 1476 222 SECUNDA

213 297 417 338 ralissime
448 294 869 348 commodissimeque
890 293 1167 333 adhiberetur.
1210 293 1401 333 xxvlll.
1428 287 1494 329 71.
1515 290 1679 328 Interea
1700 288 1961 342 Syracusani,

213 359 405 401 homines
442 357 565 412 periti
605 363 645 398 et
682 357 876 403 humani,
920 355 990 407 qui
1029 368 1114 394 non
1152 355 1273 395 modo
1305 368 1374 401 ea,
1421 366 1527 406 quae
1560 350 1780 403 perspicua
1809 355 1962 397 essent,

213 422 372 469 videre,
401 433 546 461 verum
577 419 702 459 etiam
732 418 892 459 occulta
922 416 1123 469 suspicari
1149 422 1336 468 possent,
1367 414 1578 455 habebant
1595 412 1799 452 rationem
1819 425 1962 451 omnes

215 483 401 538 quotidie
439 483 684 535 piratarum,
724 481 794 534 qui
826 479 961 520 securi
992 478 1237 518 ferirentur:
1286 492 1409 531 quam
1440 476 1591 516 multos
1622 487 1713 514 esse
1743 477 1963 526 oporteret,

182 551 268 586 hex
298 547 389 599 ipso
419 544 607 597 navigio,
639 544 754 596 quod
780 548 867 582 erat
898 547 1084 594 captum,
1116 545 1157 580 et
1178 554 1230 580 ex
1249 554 1455 580 remorum
1477 550 1650 578 numero
1673 535 1964 576 coniiciebant.

214 609 296 648 Iste
328 606 442 660 quod
473 619 642 653 omnes,
673 605 744 657 qui
775 601 939 644 artificii
969 601 1130 654 aliquid
1163 601 1391 642 habuerant
1421 607 1493 641 aut
1521 601 1692 646 formae,
1723 598 1965 644 abduxerat,

214 670 399 721 reliquos
430 668 486 716 si,
517 673 561 708 ut
590 666 850 707 consuetudo
882 670 964 711 est,
994 664 1210 704 universos
1241 665 1291 704 ad
1324 665 1461 717 palum
1482 664 1711 714 alligasset,
1744 659 1965 699 clamorem

214 731 359 785 populi
388 730 478 770 fore
510 729 821 782 suspicabatur,
853 741 945 767 cuin
977 732 1089 766 tanto
1122 726 1261 778 plures
1284 726 1451 766 abducti
1473 732 1633 771 essent,
1666 735 1790 776 quam
1819 720 1967 761 relicti.

213 795 388 846 Propter
421 792 529 832 hanc
568 804 757 837 causam,
802 803 895 829 cum
933 788 1181 828 instituisset
1216 788 1320 828 alios
1360 789 1441 828 alio
1489 794 1675 840 tempore
1717 784 1967 838 producere,

164 863 201 892 10
215 862 354 897 tamen
385 855 429 893 in
459 859 574 892 tanto
606 859 816 892 conventu
847 864 969 891 nemo
993 856 1092 897 erat,
1125 851 1226 902 quin
1247 851 1450 890 rationem
1472 860 1778 900 numerumque
1797 845 1970 885 haberet

215 924 257 959 et
297 917 485 970 reliquos
525 928 609 954 non
651 914 908 954 desideraret
947 913 1106 959 solum,
1148 912 1220 951 sed
1263 912 1385 951 etiam
1430 916 1622 964 posceret
1666 916 1707 949 et
1751 908 1968 961 flagitaret.

214 979 281 1020 7¹2.
324 979 425 1018 Cum
457 990 631 1029 magnus
662 989 861 1016 numerus
898 975 1081 1020 deesset,
1126 980 1212 1013 tuin
1252 974 1328 1013 iste
1366 975 1491 1014 hoino
1524 973 1709 1013 nefarius
1750 971 1793 1010 in
1825 982 1969 1010 eorum

214 1043 366 1087 locum,
397 1051 504 1091 quos
534 1038 706 1077 domum
738 1051 854 1077 suam
885 1038 934 1076 de
956 1037 1102 1089 piratis
1125 1035 1366 1083 abduxerat,
1398 1036 1648 1075 substituere
1671 1039 1712 1073 et
1732 1044 1969 1086 supponere

215 1105 355 1157 eoepit
384 1102 496 1142 cives
527 1101 750 1146 Romanos,
782 1113 888 1152 quos
920 1100 963 1137 in
994 1111 1200 1138 carcerem
1232 1103 1353 1138 antea
1373 1099 1630 1138 coniecerat:
1663 1109 1844 1150 quorum
1863 1094 1969 1135 alios

164 1174 200 1202 45
215 1165 478 1207 Sertorianos
509 1162 661 1202 milites
692 1161 821 1202 fuisse
854 1161 1122 1201 insimulabat
1161 1165 1201 1199 et
1231 1172 1284 1199 cx
1314 1160 1514 1212 Hispania
1543 1159 1752 1212 fugientes
1784 1158 1835 1197 ad
1867 1157 1970 1196 Sici-

213 1229 312 1268 liam
342 1224 542 1279 appulsos
574 1237 666 1264 esse
695 1224 884 1272 dicebat;
925 1224 1052 1271 aiios,
1092 1224 1166 1276 qui
1197 1236 1219 1262 a
1250 1222 1531 1275 praedonibus
1563 1226 1680 1260 erant
1710 1220 1843 1273 capti,
1875 1233 1970 1259 cum

214 1294 467 1330 mercaturas
496 1285 683 1327 facerent
712 1291 783 1325 aut
813 1286 996 1338 aliquam
1036 1285 1088 1324 ob
1129 1298 1296 1324 causam
1338 1284 1597 1336 navigarent,
1641 1295 1716 1322 sua
1756 1282 1971 1322 voluntate

215 1366 308 1392 cum
338 1350 485 1404 piratis
514 1349 644 1389 fuisse
666 1348 878 1400 arguebat.
922 1348 1069 1400 ltaque
1090 1347 1159 1386 alii
1183 1347 1293 1386 cives
1315 1346 1503 1393 Romani,
1533 1358 1585 1384 ne
1609 1348 1972 1397 cognoscerentur,

215 1414 423 1468 capitibus
454 1410 664 1452 obvolutis
697 1423 718 1450 e
750 1423 914 1449 carcere
945 1410 997 1449 ad
1018 1409 1159 1461 palum
1180 1414 1307 1461 atque
1328 1408 1379 1448 ad
1403 1421 1548 1447 necem
1569 1407 1859 1460 rapiebantur;
1889 1405 1973 1451 alii,

164 1487 201 1515 20
216 1491 311 1518 cum
341 1490 366 1517 a
395 1474 537 1514 multis
568 1472 728 1513 civibus
759 1472 956 1511 Romanis
989 1478 1362 1523 cognoscerentur,
1394 1471 1444 1510 ab
1477 1470 1670 1509 omnibus
1702 1468 1975 1508 defenderen-

214 1546 295 1587 tur,
327 1537 464 1579 securi
494 1535 761 1576 feriebantur.
804 1534 993 1581 Quorum
1025 1547 1100 1585 ego
1133 1533 1183 1572 de
1214 1532 1480 1572 acerbissima
1512 1536 1643 1571 morte
1666 1530 1975 1570 crudelissimo·-

216 1616 297 1656 que
329 1600 516 1641 cruciatu
546 1598 695 1645 dicam,
727 1610 821 1636 cum
851 1593 945 1635 euin
975 1594 1114 1634 locum
1146 1599 1322 1633 tractare
1353 1606 1546 1645 coepero,
1578 1598 1617 1632 et
1647 1593 1704 1632 ita
1735 1593 1886 1640 dicam,
1917 1597 1975 1639 ut,

216 1665 250 1703 si
281 1677 345 1704 me
376 1663 418 1702 in
450 1674 498 1701 ea
535 1659 819 1712 querimonia,
866 1670 991 1709 quam
1031 1670 1122 1696 sum
1157 1656 1377 1695 habiturus
1409 1656 1459 1694 de
1490 1655 1612 1694 istius
1651 1654 1897 1694 crudelitate
1937 1659 1976 1693 et

217 1725 268 1765 de
299 1725 453 1765 civium
477 1723 761 1761 Romanorum
787 1718 1078 1771 indignissima
1100 1724 1245 1765 morte,
1276 1732 1361 1757 non
1384 1717 1509 1757 modo
1531 1716 1654 1763 vires,
1686 1730 1830 1756 verum
1852 1717 1975 1756 etiam

166 1798 203 1828 25
216 1789 302 1829 vita
331 1785 522 1831 deficiat,
564 1783 607 1823 id
638 1781 739 1821 mihi
771 1781 1032 1834 praeclarum
1063 1785 1104 1820 et
1133 1780 1361 1819 iucundum
1392 1784 1545 1832 putem.
1607 1776 1672 1817 73.
1710 1778 1824 1818 Haec
1852 1778 1978 1831 igitur

218 1855 282 1890 est
311 1854 428 1902 gesta
457 1860 546 1894 res,
587 1845 691 1885 haec
723 1843 899 1884 victoria
940 1843 1178 1895 praeclara:
1226 1854 1483 1895 myoparone
1524 1840 1698 1893 piratico
1740 1845 1862 1893 capto
1893 1839 1979 1879 dux

218 1913 438 1958 liberatus,
476 1907 765 1961 symphoniaci
797 1907 969 1945 Romam
1012 1905 1161 1945 missiz‘
1192 1904 1365 1944 formosi
1396 1903 1587 1943 homines
1619 1907 1660 1941 et
1689 1901 1978 1942 adolescentes

219 1981 260 2015 et
299 1971 478 2014 artifices
521 1971 691 2010 domum
728 1968 921 2009 abducti:
963 1969 1006 2007 in
1048 1981 1191 2007 eorum
1232 1967 1371 2006 locuni
1412 1971 1452 2004 et
1482 1965 1532 2004 ad
1574 1977 1719 2004 eorum
1759 1976 1980 2003 numerum

219 2038 331 2077 cives
352 2033 529 2074 Romani
559 2032 757 2073 hostilem
787 2032 829 2070 in
862 2031 1034 2070 modum
1066 2029 1239 2069 cruciati
1271 2033 1312 2068 et
1332 2028 1492 2067 necati:
1525 2027 1660 2067 omnis
1680 2026 1809 2067 vestis
1830 2025 1981 2072 ablata,

168 2109 205 2138 30
220 2112 343 2138 omne
382 2109 530 2137 aurum
570 2100 612 2135 et
652 2099 870 2147 argentum
908 2093 1091 2133 ablatum
1133 2098 1174 2132 et
1213 2104 1417 2131 aversum.
1484 2090 1638 2129 XXIX.
1683 2091 1737 2130 At
1766 2101 1892 2142 quem
1931 2087 1981 2128 ad

221 2161 392 2201 modum
424 2159 515 2212 ipse
547 2171 591 2198 se
630 2157 764 2197 induit
800 2156 939 2208 priore
971 2154 1159 2195 actione!
1221 2153 1304 2201 Qui
1336 2158 1396 2193 tot
1425 2152 1514 2192 dies
1545 2151 1765 2200 tacuisset,
1808 2156 1982 2204 repente

314 2353 343 2382 1.
370 2350 578 2381 adhiberetur
604 2346 703 2379 1132:
739 2347 898 2378 habeatur
924 2345 986 2384 {vol
1012 2345 1217 2384 adhibeatur)
1243 2344 1327 2375 «leti.
1355 2344 1397 2380 O'.
1424 2343 1597 2374 haberetur
1621 2343 1721 2381 Lgeo.
1751 2359 1785 2364 —
1812 2342 1843 2374 4.
1870 2343 1985 2374 cotidie

225 2404 261 2434 R.
291 2419 322 2422 -»-
361 2401 392 2431 5.
418 2403 552 2439 captum
583 2401 613 2429 et
635 2406 678 2428 ea>
702 2398 725 2427 R
744 2395 779 2427 2:
816 2397 942 2435 sactum
965 2404 1022 2426 seu:
1047 2394 1130 2425 dett.
1166 2393 1239 2432 {sed
1265 2392 1354 2433 Lg29
1386 2396 1414 2423 e!
1436 2392 1524 2432 seae);
1563 2392 1595 2422 in
1621 2392 1667 2422 (33
1692 2394 1761 2424 est:
1798 2396 1933 2432 captum
1956 2397 1985 2425 et

225 2456 460 2484 extremorum.
491 2466 526 2471 —
553 2447 729 2479 coiciebant
757 2448 779 2477 lt
805 2455 857 2486 pr.
884 2454 931 2476 in.
961 2445 1072 2484 (conio.
1101 2444 1204 2482 corr.)
1225 2460 1257 2463 ψ
1279 2442 1308 2473 6.
1335 2441 1439 2471 onmes
1463 2441 1519 2479 qui
1542 2440 1661 2481 artifici
1686 2441 1722 2472 R.
1744 2459 1779 2462 —-
1799 2442 1985 2474 abducerat

227 2502 292 2532 113:
316 2502 502 2532 removerat
525 2502 624 2536 atque
647 2496 832 2527 abdicaverat
863 2495 946 2525 dett.
975 2495 1011 2525 O.
1041 2513 1075 2517 —
1103 2496 1133 2526 7.
1160 2495 1203 2532 si,
1235 2493 1281 2532 ul]
1307 2492 1388 2522 sicut
1414 2492 1458 2522 Rs
1483 2491 1584 2529 Lg29.
1623 2490 1712 2530 [sort.
1740 2500 1802 2523 ex:
1839 2493 1867 2524 si
1889 2494 1982 2524 sicut.

226 2551 347 2590 Hau]
375 2567 408 2571 —
436 2550 468 2581 8.
495 2549 599 2580 altero
623 2550 714 2578 tanto
739 2545 816 2577 cod.
845 2546 917 2577 Urs.
946 2544 982 2583 (3³)
1011 2562 1046 2565 ψ
1074 2544 1204 2575 abducti
1228 2543 1293 2580 (lt,
1320 2540 1391 2572 alii:
1423 2540 1555 2571 adducti
1579 2540 1603 2571 R
1629 2540 1676 2571 G2
1700 2540 1761 2572 Ld.
1787 2542 1891 2582 Lgao.
1933 2541 1983 2573 Cf.

226 2600 271 2631 ad
304 2600 359 2632 lV.
386 2599 416 2639 g.
444 2600 495 2630 11⁶3.
524 2616 557 2620 ψ
586 2598 616 2628 9.
645 2593 1082 2636 propter--crudelissimo
1106 2602 1137 2624 v.
1164 2594 1216 2624 2¹.
1254 2590 1361 2623 habet
1389 2590 1427 2620 V.
1450 2607 1485 2611 ——-
1515 2590 1567 2620 40.
1598 2589 1677 2627 quin
1706 2590 1733 2621 R
1756 2591 1800 2621 V:
1838 2591 1894 2630 qui
1920 2599 1987 2622 non

228 2651 269 2681 Gt
292 2650 323 2682 Ξ.
351 2648 448 2681 Falso
465 2649 497 2680 in
516 2649 540 2679 R
558 2647 693 2687 quinon
711 2654 787 2677 esse
806 2643 906 2675 tradit
927 2644 981 2674 Or.
1002 2644 1031 2674 ἱ).
1055 2661 1089 2664 —
1110 2643 1160 2673 sti.
1187 2645 1215 2674 et
1237 2641 1405 2682 flammi-et
1428 2648 1497 2670 om.
1524 2639 1562 2669 V.
1592 2656 1626 2660 —
1655 2639 1705 2669 42.
1731 2649 1872 2681 magnus
1895 2639 1942 2672 R3
1966 2638 1987 2670 λ

227 2701 272 2731 V:
305 2701 475 2731 vitavimus
499 2698 583 2729 dett.
611 2698 647 2728 Ο.
690 2694 983 2735 Frequentissima
1009 2694 1059 2724 est
1085 2692 1173 2723 hacc
1197 2690 1331 2732 positivi
1364 2691 1397 2720 et
1419 2687 1618 2728 superlativi
1643 2688 1800 2721 confusio
1824 2691 1859 2722 in
1883 2689 1984 2721 codd.

229 2750 272 2781 cs.
299 2750 353 2780 IV.
381 2749 412 2789 g.
439 2748 491 2779 42.
517 2747 570 2778 37.
597 2747 649 2778 82.
682 2746 750 2776 iit.
777 2744 868 2775 alibi.
898 2761 932 2765 —
960 2742 1081 2773 adesset
1106 2740 1195 2780 1429
1212 2740 1264 2772 li—fil.
1292 2740 1345 2779 [ex
1369 2737 1515 2776 abesset]
1536 2756 1570 2760 —
1589 2737 1712 2778 eorum]
1734 2740 1846 2780 forum
1868 2739 1928 2778 113,
1954 2739 1989 2769 et

229 2800 278 2830 sic
304 2800 334 2839 g.
352 2799 404 2830 73.
423 2807 457 2828 v,
476 2796 530 2828 28.
552 2813 586 2818 —
606 2796 658 2827 43.
685 2804 764 2834 quos
789 2795 844 2825 isle
868 2795 1000 2825 (lonium
1024 2792 1125 2833 ngo.
1148 2810 1181 2813 —
1200 2791 1387 2822 adduxerat.
1411 2789 1515 2820 idem.
1539 2807 1571 2811 —
1591 2789 1681 2829 subp.
1707 2789 1746 2820 V.
1768 2807 1803 2812 —
1823 2788 1874 2821 ⁴4.
1897 2788 1986 2828 quos]

229 2857 309 2887 quos
331 2856 445 2879 ceruos
468 2846 514 2881 V;
541 2853 620 2883 quos
643 2847 747 2875 certos
770 2844 858 2875 coni.
886 2843 962 2874 Mai.
992 2858 1025 2864 -
1053 2842 1212 2872 coiecerat
1235 2841 1271 2871 R.
1300 2857 1332 2860 ——
1360 2839 1480 2870 alteros
1504 2838 1542 2868 V.
1566 2856 1599 2859 —-
1621 2840 1676 2870 45.
1698 2839 1867 2870 insimulat
1888 2838 1928 2869 V.
1950 2855 1985 2859 —

226 2897 381 2937 fugientis
406 2897 429 2927 R
445 2895 485 2926 V.
507 2911 541 2915 —
562 2894 613 2924 46,
641 2893 794 2932 adpulsos
818 2894 841 2923 R
859 2892 898 2922 V.
922 2909 955 2913 —-
975 2901 996 2922 a
1016 2890 1224 2930 praetoribus
1250 2890 1284 2920 [t.
1306 2907 1340 2911 ——
1359 2888 1447 2927 caplt'
1469 2891 1565 2919 erant
1581 2888 1620 2919 V.
1642 2906 1677 2910 —-
1697 2889 1749 2921 47.
1767 2891 1826 2920 aut
1840 2887 1990 2928 aliquam

231 2947 268 2977 ob
293 2948 317 2978 R
335 2947 382 2978 G‘..)
400 2945 481 2977 Ld.:
518 2947 553 2974 ut
576 2944 723 2981 aliquam
748 2943 785 2974 ob
809 2943 932 2981 Lagg.;
969 2944 1026 2971 aut
1051 2941 1088 2971 ob
1112 2940 1262 2979 aliquam
1286 2939 1350 2975 tii3
1389 2938 1470 2968 alios
1493 2947 1593 2976 quani
1617 2937 1655 2968 ob
1678 2938 1723 2973 V;
1759 2940 1819 2968 aut
1840 2936 1990 2976 aliquam

230 2996 333 3026 aliam
356 2994 394 3026 ob
418 2993 495 3025 cod.
522 2993 661 3025 nomm.
689 2994 725 3032 (τ’)
750 2993 849 3023 Jann.
879 3009 912 3013 —
941 2992 1168 3022 voluiiicateme
1190 2998 1265 3020 cum
1297 2988 1332 3018 V.
1368 2988 1445 3027 (1312)
1474 3005 1507 3009 -—
1541 2988 1587 3018 ¹8.
1614 2988 1724 3026 itaque
1753 2996 1827 3018 cum
1851 2987 1926 3018 aliis
1947 2987 1987 3018 V.

231 3045 321 3085 [l'ort.
349 3053 409 3076 ex:
435 3044 547 3082 itaque
569 3046 638 3073 tum
661 3042 745 3083 alii}
767 3060 801 3064 —-
821 3051 848 3072 c.
875 3051 902 3072 r.
932 3042 1001 3080 (sic)
1029 3039 1180 3071 involutis
1202 3047 1218 3069 c
1239 3046 1371 3069 carcerc
1394 3037 1553 3076 capitibus
1574 3037 1614 3067 V.
1642 3037 1706 3076 (est
1728 3035 1888 3075 capitibus
1909 3044 1987 3076 sup.

231 3093 288 3125 lin.
316 3102 346 3125 a.
373 3102 419 3125 m.
448 3093 478 3123 4.
505 3095 593 3124 teste
618 3094 686 3131 ΒΓ.)
709 3110 743 3114 -
772 3093 822 3123 siti.
849 3092 1059 3131 reptebantur
1082 3090 1121 3121 V.
1150 3105 1184 3110 —
1212 3088 1265 3119 ⁶20.
1292 3087 1455 3128 Romanis]
1482 3087 1626 3118 amcom's
1648 3086 1688 3117 V.
1709 3103 1744 3108 —
1762 3094 1990 3127 cognosceren-

232 3147 287 3174 tur
309 3144 335 3175 R
351 3143 379 3173 V
395 3141 416 3173 λ
432 3143 539 3182 Lg‘ZO:
567 3151 636 3174 om.
664 3143 731 3177 G23
757 3144 1064 3182 recognoscerentur
1087 3140 1146 3176 (ii,
1173 3138 1256 3169 dett.
1283 3138 1320 3169 O.
1343 3155 1376 3159 -
1396 3137 1621 3176 defenderetur
1642 3135 1681 3167 V.
1703 3153 1737 3156 -
1757 3137 1810 3167 21.
1836 3145 1894 3177 090
1918 3143 1987 3167 om.

234 3192 335 3231 Lgeo.
365 3210 400 3214 -
426 3191 478 3224 24.
504 3192 744 3232 ‘iitdigyitisstmta
775 3192 815 3227 R;
849 3190 1059 3221 acerbissima
1089 3188 1192 3228 Lg29.
1222 3205 1254 3210 —
1282 3187 1334 3217 26.
1363 3187 1487 3225 praest.
1518 3186 1658 3217 victoria
1688 3185 1791 3225 Lg29.
1820 3204 1855 3208 —
1881 3186 1934 3217 29.
1961 3188 1990 3216 et

233 3242 341 3272 *necati
364 3249 433 3272 om.
460 3241 526 3279 R3,
560 3242 580 3272 ⁴2
606 3241 708 3273 codd.
738 3239 860 3279 Lainb.
888 3256 922 3261 —
951 3240 1003 3271 30.
1030 3247 1104 3280 ary.
1136 3241 1166 3269 ec
1194 3237 1341 3269 ablatum.
1367 3237 1469 3276 Lagg.
1503 3237 1642 3277 praeter
1664 3234 1717 3266 29.
1747 3253 1776 3259 -
1808 3235 1863 3267 34.
1887 3243 1919 3267 se
1942 3233 1989 3267 113

236 3288 274 3320 λι
300 3297 365 3324 sese
388 3290 472 3322 dett.
498 3290 536 3322 Ο.
