2143 3713
665 225 760 265 οη.
790 224 992 264 Χ-ΧΠ,
1030 221 1103 276 35.
1133 219 1324 262 24-30.
1788 212 1868 256 6¹7

134 343 174 382 in
207 341 360 381 tertio?
391 341 524 392 Atque
554 337 620 377 hic
649 335 912 389 perspicuum
944 339 1024 382 est,
1056 333 1156 387 quid
1188 333 1286 372 iuris
1316 345 1339 371 a
1361 331 1581 371 maioribus
1611 330 1869 384 acceperitis,

134 404 230 456 quid
270 403 320 442 ab
359 402 436 441 hoc
467 399 631 439 tribuno
666 397 796 450 plebis
828 398 940 437 vobis
971 397 1242 449 relinquatur.
1303 394 1372 433 XI.
1404 394 1581 433 Maiores
1612 393 1662 432 de
1694 392 1868 445 singulis

134 463 434 517 magistratibus
472 461 534 500 bis
576 473 648 499 vos
687 460 931 498 sententiam
972 458 1077 498 serre
1109 457 1340 497 voluerunt.
1390 456 1491 494 Nam
1523 468 1616 494 cum
1646 455 1870 494 centuriata

134 526 199 565 lex
229 525 469 565 censoribus
499 522 724 567 ferebatur,
756 534 846 559 cum
875 521 1031 560 curiata
1052 519 1198 559 ceteris
1220 517 1402 571 patriciis
1425 516 1752 569 magistratibus,
1784 521 1869 555 tum

134 588 280 626 iterum
311 586 361 625 de
392 584 544 624 eisdem
575 581 853 629 iudicabatur,
894 588 939 621 ut
979 587 1087 621 esset
1124 578 1457 633 reprehendendi
1489 583 1695 630 potestas,
1736 577 1770 617 si
1799 588 1902 629 po-5

133 649 275 701 pulum
305 643 492 687 beneficii
522 643 584 683 sui
619 643 864 694 poeniteret.
923 641 989 682 27.
1019 644 1158 689 Nunc,
1201 641 1407 689 Quirites,
1448 640 1517 679 illa
1547 639 1678 692 prima
1709 639 1873 678 comitia

134 710 303 756 tenetis,
335 706 559 748 centuriata
590 710 629 744 et
666 705 838 744 tributa:
871 705 1026 744 curiata
1064 709 1222 744 tantum
1254 703 1531 755 auspiciorum
1563 714 1685 741 causa
1713 714 1875 740 reman-

134 775 285 810 serunt.
342 769 416 808 Hic
452 772 587 806 autem
626 766 813 805 tribunus
854 766 1010 819 plebis,
1051 766 1148 818 quia
1189 764 1355 804 videbat
1386 768 1630 817 potestatem
1667 763 1874 802 neminem

133 833 287 871 iniussu
325 828 466 882 populi
495 832 566 867 aut
595 827 726 880 plebis
757 841 878 881 posse
908 827 1085 874 habere,
1116 826 1285 866 curiatis
1317 838 1405 866 eam
1437 825 1632 872 comitiis,
1663 837 1770 878 quae
1800 836 1874 863 vos

134 906 216 933 non
247 892 378 937 initis,
410 887 684 928 confirmavit:
731 890 903 937 tributa,
947 902 1053 943 quae
1083 894 1219 929 vestra
1251 894 1384 935 erant,
1423 887 1601 927 sustulit.
1659 887 1742 934 Ita,
1782 898 1923 926 cumlo

135 954 306 993 maiores
341 951 448 991 binis
487 951 663 991 comitiis
693 951 900 991 voluerint
930 965 1001 991 vos
1040 951 1090 991 de
1131 950 1304 1003 singulis
1344 950 1648 1002 magistratibus
1678 948 1875 995 iudicare,

133 1016 198 1055 hic
227 1014 350 1053 homo
380 1012 590 1066 popularis
621 1025 672 1051 ne
704 1026 827 1052 unam
850 1013 1016 1067 quidem
1048 1013 1203 1066 populo
1235 1012 1493 1052 comitiorum
1515 1016 1761 1064 potestatem
1782 1010 1877 1050 reli-

133 1075 234 1129 quit.
269 1071 335 1113 ⁶28.
358 1074 438 1113 Sed
463 1075 594 1114 videte
624 1074 804 1115 hominis
834 1075 1080 1128 religionem
1113 1080 1153 1114 et
1183 1074 1452 1127 diligentiam.
1498 1073 1611 1113 Vidit
1641 1079 1681 1114 et
1711 1085 1876 1127 perspe-

131 1138 192 1177 xit
221 1137 310 1177 sine
346 1138 501 1176 curiata
530 1136 620 1189 lege
649 1137 903 1176 decemviros
936 1142 1180 1190 potestatem
1210 1136 1362 1176 habere
1393 1149 1475 1175 non
1501 1149 1641 1188 posse,
1679 1136 1876 1189 quoniam

130 1212 205 1251 per
242 1211 332 1238 vim
372 1199 500 1238 tribus
539 1203 677 1238 essent
717 1199 940 1238 constituti.
999 1199 1118 1238 Iubet
1156 1198 1264 1239 ferre
1305 1198 1438 1250 legem
1481 1198 1531 1237 de
1560 1198 1625 1238 his
1656 1198 1925 1244 curiatam,45

130 1260 308 1314 praetori
349 1261 533 1313 imperat.
583 1260 716 1308 Quam
758 1261 797 1299 id
836 1261 969 1313 ipsum
1006 1260 1203 1308 absurde,
1248 1261 1350 1299 nihil
1381 1261 1432 1299 ad
1464 1273 1528 1299 me
1554 1261 1710 1300 attinet.
1759 1260 1879 1298 Iubet

132 1323 262 1369 enim,
302 1322 374 1374 qui
415 1323 568 1374 primus
609 1323 660 1361 sit
690 1328 857 1375 praetor
894 1322 1046 1370 factus,
1091 1336 1184 1362 eum
1215 1323 1348 1375 legem
1379 1323 1577 1362 curiatam
1607 1322 1734 1370 ferre3
1778 1322 1811 1361 si
1843 1322 1877 1361 is

130 1384 235 1424 ferre
256 1397 340 1423 non
371 1386 521 1437 possit,
552 1384 623 1437 qui
648 1389 883 1436 postremus
906 1384 980 1424 sit:
1012 1390 1057 1424 ut
1079 1390 1149 1424 aut
1170 1385 1320 1424 lusisse
1343 1384 1384 1424 in
1406 1384 1530 1424 tantis
1551 1384 1673 1424 rebus
1694 1389 1763 1423 aut
1783 1396 1879 1436 pro-

130 1446 236 1486 fecto
267 1446 408 1485 nescio
440 1445 539 1499 quid
570 1451 777 1499 spectasse
807 1446 1009 1486 videatur.
1062 1447 1216 1486 Verum
1246 1447 1347 1494 hoc,
1381 1446 1494 1500 quod
1527 1452 1589 1486 est
1608 1452 1680 1486 aut
1699 1447 1756 1486 ita
1785 1459 1877 1499 per-

131 1522 318 1555 versum,
349 1513 393 1548 ut
413 1508 630 1547 ridiculum
646 1539 656 1556 ‚
688 1515 757 1548 aut
778 1509 835 1548 ita
855 1509 1127 1556 malitiosum,
1157 1515 1203 1548 ut
1225 1509 1446 1549 obscurum
1468 1509 1541 1556 sit,
1572 1510 1872 1562 relinquamus:
1891 1519 1929 1549 20

132 1571 183 1610 ad
212 1571 455 1623 religionem
486 1570 666 1610 hominis
698 1576 962 1610 revertamur.
1008 1571 1132 1611 Videt
1161 1571 1250 1611 sine
1282 1571 1372 1624 lege
1404 1572 1561 1611 curiata
1592 1571 1696 1611 nihil
1717 1571 1782 1623 agi
1804 1584 1879 1623 per

134 1633 391 1673 decemviros
422 1645 557 1685 posse.
608 1631 673 1671 29.
707 1632 819 1681 Quid
850 1638 1020 1686 postea,
1051 1634 1085 1673 si
1118 1647 1165 1673 ea
1194 1633 1277 1673 lata
1307 1646 1391 1673 non
1422 1634 1532 1674 erit?
1576 1632 1786 1673 Attendite
1816 1632 1879 1670 in-

133 1694 311 1747 genium.
358 1695 450 1733 Tvir
493 1706 523 1733 11
568 1707 814 1743 nEcffirvim,
858 1696 1017 1748 inquit,
1062 1709 1203 1735 EODEM
1244 1709 1336 1736 ΗΒΕ
1376 1709 1464 1736 sur
1505 1708 1583 1742 Qvo
1625 1708 1694 1742 Qvi
1724 1706 1880 1734 OPTIMA

133 1769 254 1797 LEGE.
316 1756 359 1796 Si
387 1757 466 1796 hoc
497 1756 587 1796 fieri
619 1763 777 1810 potest,
809 1763 853 1797 ut
884 1759 924 1797 in
954 1757 1030 1797 hac
1058 1758 1240 1806 civitate,
1272 1771 1378 1812 quae
1409 1758 1532 1811 longe
1563 1759 1651 1798 iure
1680 1757 1879 1797 libertatis

135 1818 283 1859 ceteris
314 1818 549 1858 civitatibus
580 1819 808 1866 antecellit,
840 1821 1060 1873 quisquam
1091 1820 1216 1860 nullis
1247 1821 1424 1860 comitiis
1455 1821 1676 1874 imperium
1705 1826 1776 1860 aut
1805 1829 1928 1873 po·25

133 1885 321 1922 testatem
361 1880 528 1933 assequi
559 1882 713 1934 possit,
756 1882 856 1935 quid
887 1883 1032 1922 attinet
1062 1883 1184 1923 tertio
1216 1883 1348 1936 capite
1379 1883 1514 1936 legem
1544 1884 1741 1923 curiatam
1770 1881 1879 1923 ferre

134 1944 298 1990 iubere,
331 1956 422 1982 cum
454 1949 600 1996 quarto
632 1943 869 1996 permittas,
915 1950 960 1983 ut
989 1945 1076 1985 sine
1108 1945 1197 1998 lege
1229 1945 1386 1985 curiata
1416 1945 1526 1985 idem
1557 1946 1657 1986 iuris
1687 1945 1879 1991 habeant,

133 2005 246 2058 quod
285 2004 501 2051 haberent,
541 2005 574 2043 si
616 2005 771 2057 optima
800 2006 890 2058 lege
933 2019 955 2045 a
993 2007 1150 2060 populo
1193 2013 1332 2047 essent
1362 2008 1521 2047 creati?
1567 2008 1697 2060 Reges
1729 2007 1881 2047 consti-

133 2073 325 2113 tuuntur,
355 2079 439 2106 non
472 2067 716 2114 decemviri,
750 2067 952 2116 Quirites,
982 2069 1122 2122 itaque
1153 2069 1202 2108 ab
1232 2069 1294 2109 his
1324 2070 1451 2109 initiis
1485 2065 1877 2123 [fundamentisque]

134 2135 382 2175 nascuntur,
413 2134 460 2168 ut
489 2142 571 2169 non
593 2130 715 2169 modo
739 2144 829 2169 cum
852 2143 993 2183 gerere
1015 2132 1247 2185 coeperint,
1279 2132 1350 2172 sed
1372 2132 1493 2171 etiarn
1517 2146 1607 2171 cum
1628 2133 1881 2171 constituen-
1893 2140 1930 2170 30

135 2197 221 2239 tur,
253 2204 373 2231 omne
404 2197 586 2230 vestrum
616 2192 701 2239 ius,
732 2197 915 2244 potestas
948 2193 1200 2246 libertasque
1232 2194 1413 2234 tollatur.
1458 2195 1549 2233 XII.
1571 2192 1638 2234 30.
1658 2196 1712 2233 At
1730 2194 1880 2239 videte,

136 2266 260 2307 quam
300 2252 521 2306 diligenter
562 2254 739 2294 retineat
777 2256 839 2294 ius
884 2255 1129 2296 tribuniciae
1171 2258 1401 2309 potestatis.
1454 2256 1702 2296 Consulibus
1746 2256 1880 2309 legem

136 2315 331 2355 curiatam
370 2315 597 2355 ferentibus
639 2330 661 2356 a
691 2317 866 2356 tribunis
897 2317 1029 2371 plebis
1061 2331 1184 2371 saepe
1217 2324 1280 2359 est
1309 2319 1598 2358 intercessum:
1642 2317 1792 2372 (neque
1822 2324 1882 2358 ta-

218 2519 250 2550 ⁶2.
274 2519 409 2560 singulis
431 2520 455 2551 13
471 2520 528 2551 FG
545 2521 623 2552 PT:
652 2522 796 2553 omnibus
818 2522 966 2556 ALQO.
1003 2523 1051 2554 Cf.
1077 2532 1108 2554 v.
1130 2524 1181 2554 ll.
1204 2539 1238 2545 —
1265 2523 1296 2554 3.
1322 2532 1396 2553 cum
1420 2532 1488 2554 om.
1514 2520 1586 2555 ΑΕ.
1615 2540 1650 2545 -
1677 2522 1709 2555 4.
1735 2524 1879 2554 censori-

134 2568 201 2609 bus]
226 2568 407 2599 oonsulibus
424 2570 458 2600 L.
479 2587 513 2590 —
540 2579 613 2601 cmn
631 2579 699 2602 om.
720 2572 752 2602 F.
775 2588 808 2593 —
836 2573 866 2603 5.
886 2572 1052 2603 iudicabat
1068 2573 1104 2604 E.
1127 2590 1161 2595 —
1189 2572 1378 2612 reprehendi
1402 2573 1426 2604 E
1441 2573 1474 2604 F.
1497 2590 1530 2594 —
1551 2574 1581 2604 6.
1600 2573 1706 2610 Nunc,
1727 2573 1878 2612 Quiriles,

134 2618 191 2648 illa
211 2618 322 2656 prima
339 2627 421 2650 nos:
446 2619 533 2650 Nam
550 2620 628 2658 quia
651 2620 707 2651 illa
725 2622 839 2660 prima
856 2622 898 2658 133
924 2631 1010 2653 nunc
1029 2623 1141 2662 prima
1163 2623 1222 2653 illa
1241 2623 1278 2658 F3
1306 2632 1391 2653 nunc
1415 2623 1494 2661 qnia
1514 2622 1627 2661 prima
1644 2623 1701 2653 illa
1718 2625 1744 2654 A
1759 2624 1782 2654 L
1798 2620 1817 2655 Q
1832 2623 1874 2659 O;

135 2676 220 2698 nunc
240 2676 308 2698 una
330 2668 387 2698 illa
406 2669 518 2707 prima
542 2670 711 2709 Madvigio
736 2673 876 2703 auctore
900 2673 1031 2712 Ussing.
1058 2673 1106 2704 Cf.
1131 2681 1202 2703 var.
1228 2671 1306 2703 lect.
1334 2672 1364 2712 g.
1385 2673 1413 2703 1.
1436 2671 1487 2704 14.
1506 2672 1559 2703 ⁶29.
1579 2672 1630 2703 32.
1652 2689 1688 2695 —
1715 2673 1745 2703 7.
1772 2673 1881 2712 auspi-

134 2725 247 2747 corum
271 2717 294 2747 E
308 2717 342 2748 F.
370 2735 405 2739 —
431 2716 462 2748 8.
483 2721 675 2756 potestatem
699 2720 821 2751 iniussu
842 2730 875 2760 p.
894 2725 951 2752 aut
970 2722 1016 2760 pl.
1039 2731 1130 2761 posse
1152 2722 1270 2753 habere
1292 2722 1451 2753 neminem
1475 2723 1509 2753 L.
1531 2740 1566 2744 —
1593 2722 1624 2753 9.
1643 2731 1715 2754 cam
1731 2741 1778 2747 --
1797 2724 1882 2754 initis

135 2765 378 2797 Lauredanus:
411 2775 450 2797 ea
466 2784 513 2790 --
529 2768 632 2798 sinitis
655 2768 678 2799 E
694 2769 715 2799 F
728 2771 752 2800 A
768 2768 805 2803 ⁸3:
838 2779 875 2801 ea
892 2788 909 2792 -
921 2788 938 2793 -
954 2771 1041 2802 sciris
1063 2771 1118 2802 ed.
1145 2773 1295 2803 Iuntina:
1327 2781 1366 2803 ea-
1382 2789 1399 2794 -
1411 2790 1430 2796 -
1446 2773 1558 2803 tenetis
1581 2772 1623 2808 L3
1658 2781 1697 2803 ea
1713 2790 1730 2795 -
1744 2791 1762 2796 -
1778 2773 1881 2804 scistis

135 2815 172 2846 Ο.
199 2815 248 2847 Cf.
266 2815 400 2855 Madvig
422 2816 455 2846 in
471 2817 579 2847 philol.
598 2818 795 2851 Schneidew.
816 2821 853 2851 11.
873 2829 905 2861 p.
930 2820 1047 2852 l-lL—
1075 2822 1126 2852 ll.
1152 2822 1321 2852 voluerunt
1345 2821 1368 2852 E
1384 2821 1404 2852 F
1419 2822 1442 2852 P
1456 2823 1493 2852 A.
1520 2821 1725 2852 Emendavit
1743 2823 1879 2861 Nauge-

136 2865 205 2896 rius
228 2865 262 2896 in
286 2864 341 2896 ed.
366 2863 498 2896 Aldina.
526 2866 639 2916 224.
662 2871 851 2916 leatetiz
873 2870 990 2901 habere
1013 2871 1037 2901 E
1052 2871 1206 2903 FPTA:
1231 2870 1346 2902 habere
1367 2873 1556 2910 potestatem
1581 2878 1661 2901 cum
1686 2870 1740 2901 ed.
1759 2870 1880 2902 Aldina

137 2919 245 2954 LssO.
273 2937 306 2941 —
342 2921 508 2962 quoniam]
534 2931 586 2961 qm
610 2923 652 2960 1⁴23
681 2932 744 2962 quo
769 2924 802 2954 F.
836 2924 923 2954 Fert.
950 2933 1034 2955 cum.
1062 2924 1110 2956 Cf.
1138 2934 1170 2955 v.
1190 2925 1241 2956 Y.
1264 2943 1297 2948 —
1325 2927 1376 2957 1¹5.
1402 2926 1483 2965 ferri
1508 2925 1745 2957 Lauredanus.
1774 2944 1809 2948 —
1836 2926 1882 2957 Ie-

136 2978 206 3010 =qem
240 2970 277 3001 de
309 2970 357 3001 his
390 2971 433 3002 E:
470 2972 507 3002 de
537 2972 585 3002 his
617 2973 716 3013 leqern
752 2971 934 3005 FALQO.
972 2974 1047 3012 (hiis
1069 2975 1116 3013 F.)
1155 2992 1190 2996 —
1226 2975 1401 3016 curiatam]
1438 2976 1657 3006 ccnlurz'acam
1691 2975 1878 3006 EFGPA.

138 3019 339 3051 Emendavit
364 3021 564 3060 Hem-agius.
591 3038 624 3044 -
666 3023 716 3053 47.
742 3023 768 3053 si
800 3024 825 3052 is
850 3023 872 3053 E
888 3024 925 3053 1³:
962 3023 1027 3054 suis
1058 3025 1098 3061 P}
1130 3024 1180 3054 sin
1208 3025 1234 3055 is
1264 3024 1410 3057 ALQO.
1445 3044 1479 3047 -
1518 3025 1569 3056 1¹8.
1597 3028 1702 3064 posset
1731 3025 1879 3055 EFPA.

139 3069 342 3101 Emendavit
365 3072 400 3102 P.
427 3071 608 3101 Manutius.
627 3089 661 3093 —
687 3075 721 3102 u!
744 3073 878 3103 illusisse
902 3073 942 3109 1-‘;
968 3076 1002 3103 ut
1026 3073 1181 3104 adlusisse
1204 3075 1238 3104 P.
1261 3091 1294 3095 —
1324 3074 1374 3105 1¹9.
1397 3082 1591 3113 pernorsunz
1619 3074 1643 3105 F.
1658 3075 1691 3105 P.
1716 3091 1749 3095 —
1778 3073 1829 3104 ³20.
1847 3077 1883 3104 ut

138 3117 214 3158 rid]
241 3122 299 3150 auc
319 3120 383 3151 rid.
411 3121 480 3151 FP.
508 3137 542 3141 -—
569 3120 620 3151 23.
648 3120 681 3162 ii]
707 3123 734 3152 ei
760 3123 828 3153 FP.
857 3139 890 3143 -
918 3122 972 3160 (lui
996 3130 1064 3153 om.
1093 3123 1125 3153 F.
1156 3140 1187 3145 —
1217 3127 1349 3161 optuma
1373 3124 1443 3154 FP.
1465 3141 1499 3145 -—
1528 3124 1579 3155 26.
1602 3127 1707 3163 posset
1729 3123 1877 3154 EFPA.

139 3173 341 3206 Emendavit
364 3176 436 3206 Nic.
463 3174 634 3215 Angelius.
660 3194 694 3198 —
721 3177 771 3209 26.
796 3177 863 3218 lesse
887 3177 923 3208 E.
944 3195 978 3198 —
1008 3177 1058 3208 ΞΤ.
1084 3178 1167 3217 curn]
1188 3169 1310 3217 quE:
1337 3170 1456 3218 flu—01³?
1484 3180 1638 3218 quoniam
1654 3182 1679 3211 Α
1694 3178 1728 3212 ἓ.
1754 3179 1882 3210 Emen-

140 3221 233 3253 davit
265 3224 465 3257 Lambinus.
503 3225 551 3256 Cf.
578 3233 611 3256 v.
636 3225 687 3257 14.
718 3244 752 3248 -
790 3227 919 3267 quarto]
959 3227 1043 3257 .IIII.
1076 3227 1112 3257 E.
1144 3245 1178 3248 —
1216 3228 1267 3259 29.
1296 3229 1445 3268 Quirites]
1471 3230 1549 3268 quia
1574 3230 1606 3260 F.
1628 3247 1662 3250 —
1690 3230 1798 3268 itaque
1820 3229 1881 3260 EF

140 3272 294 3303 GPTA:
332 3274 416 3314 iique
445 3283 524 3306 cum
555 3275 608 3306 ed.
642 3276 775 3308 Iuntina
810 3274 848 3314 23
879 3276 973 3316 hique
996 3277 1031 3307 L.
1062 3294 1095 3299 ——
1133 3276 1191 3319 his]
1222 3278 1283 3308 hiis
1313 3278 1352 3315 1³3
1384 3278 1423 3308 iis
1453 3279 1488 3310 L.
1525 3297 1567 3301 ——
1600 3278 1882 3319 fundamentisque

139 3329 207 3352 om.
233 3321 269 3355 E.
