2143 3713
285 182 366 226 622
775 187 844 227 DE
873 186 1011 227 LEGE
1041 186 1274 229 AGRARIA
1303 189 1459 230 LIBER
1487 190 1538 230 II.

283 311 367 337 non
396 302 639 351 potuerunt,
669 311 778 337 nunc
808 299 947 338 taetris
978 299 1159 339 tenebris
1189 305 1231 340 et
1260 301 1434 354 caligine
1462 314 1505 341 se
1526 300 1818 342 Alexandriam
1847 316 2020 356 perven-

284 364 395 399 turos
426 359 607 399 arbitrati
638 362 765 400 sunt?
814 358 880 399 45.
910 361 1044 414 Atque
1075 361 1177 401 illud
1209 362 1508 416 circumspicite
1530 363 1678 403 vestris
1699 364 1902 404 mentibus
1922 380 2018 413 una,

284 421 476 469 Quirites.
525 421 702 474 Legatos
732 428 915 470 nostros,
944 422 1136 462 homines
1166 426 1407 465 auctoritate
1438 425 1575 472 tenui,
1623 425 1694 478 qui
1723 439 1858 465 rerum
1888 428 2019 480 priva-

281 488 411 522 tarum
442 495 567 523 causa
595 483 823 536 legationes
853 485 1001 524 liberas
1032 485 1205 532 obeunt,
1237 491 1373 526 tamen
1405 493 1568 526 exterae
1599 487 1788 527 nationes
1818 488 1924 528 ferre
1948 490 2018 528 vix

248 550 466 597 5possunt.
515 544 647 584 Grave
677 551 739 586 est
769 547 877 586 enim
908 560 1060 586 nomen
1090 547 1253 600 imperii
1283 554 1408 602 atque
1439 549 1480 588 id
1509 550 1631 589 etiam
1662 549 1703 589 in
1734 549 1814 588 levi
1843 563 2020 602 persona

276 607 595 659 pertimescitur,
627 614 844 661 propterea
875 609 987 662 quod
1018 614 1176 656 vestm,
1207 623 1290 649 non
1312 624 1386 651 suo
1414 612 1602 658 nomine,
1634 625 1724 651 cum
1746 611 1842 651 hinc
1863 612 2016 664 egressi

276 673 391 716 sunt,
431 668 666 710 abutuntur.
717 669 825 718 Quid
856 671 1056 718 censetis,
1095 684 1185 710 cum
1220 671 1286 711 isti
1317 671 1537 713 decemviri
1568 687 1659 713 cum
1690 674 1884 725 imperio,
1925 687 2015 713 cum

274 729 475 777 fascibus,
506 743 599 770 cum
630 731 700 770 illa
730 732 889 772 delecta
917 733 1127 772 finitorum
1158 732 1370 774 iuventute
1401 749 1474 788 per
1506 741 1637 775 totum
1659 736 1800 775 orbem
1821 740 2016 774 terrarum

273 793 562 845 vagabuntur?
594 806 676 846 quo
709 795 872 833 tandem
902 796 1060 842 animo,
1091 808 1174 848 quo
1196 800 1328 843 metu,
1360 810 1442 850 quo
1472 797 1658 850 periculo
1690 798 1859 837 miseras
1886 797 2017 836 natio-

225 862 260 891 110
273 868 346 894 nes
375 854 566 894 futuras?
610 851 675 893 46.
705 855 779 894 Est
807 856 851 894 in
880 856 1052 910 imperio
1084 862 1238 896 terror:
1269 857 1495 910 patientur;
1528 864 1590 899 est
1622 859 1663 898 in
1696 859 1875 899 adventu
1907 871 2016 898 sum-

273 921 395 970 ptus:
439 917 595 964 ferent3
627 916 899 969 imperabitur
929 918 1085 971 aliquid
1117 919 1318 959 muneris:
1348 933 1431 960 non
1460 922 1721 961 recusabunt.
1779 920 1887 960 lllud
1916 933 2016 960 vero

273 984 473 1032 quantum
514 983 594 1026 est,
641 978 846 1027 Quirites,
890 993 981 1019 cum
1022 980 1055 1019 is
1094 979 1322 1029 decemvir,
1367 983 1438 1036 qui
1478 984 1659 1036 aliquam
1700 984 1742 1023 in
1771 983 1917 1023 urbem
1945 987 2016 1022 aut

272 1046 535 1095 exspectatus
574 1045 618 1080 ut
646 1040 798 1094 hospes
828 1046 899 1081 aut
927 1046 1096 1095 repente
1127 1046 1173 1081 ut
1203 1043 1391 1084 dominus
1422 1046 1602 1092 venerit,
1644 1045 1762 1085 illum
1792 1046 1923 1098 ipsum
1955 1045 2015 1083 lo-

272 1118 362 1143 cum
377 1134 388 1150 ,
420 1117 503 1157 quo
532 1103 715 1149 venerit,
746 1103 859 1143 illam
880 1104 1012 1156 ipsam
1034 1104 1174 1143 sedem
1193 1104 1460 1159 hospitalem,
1492 1108 1533 1146 in
1556 1120 1679 1161 quam
1701 1108 1777 1146 erit
1798 1107 2014 1152 deductus,

222 1173 257 1201 ⁴5
270 1165 477 1218 publicam
507 1165 648 1218 populi
678 1166 851 1205 Romani
883 1179 973 1206 esse
1005 1165 1145 1206 dicet?
1177 1172 1331 1220 quanta
1352 1168 1558 1208 calamitas
1580 1169 1747 1222 populi,
1779 1168 1813 1208 si
1834 1168 2013 1207 dixerit?

271 1231 451 1280 quantus
472 1226 550 1281 ipsi
573 1232 785 1280 quaestus,
818 1228 851 1267 si
871 1228 1031 1281 negarit
1046 1230 1064 1267 ⁶?
1094 1229 1230 1281 Atque
1252 1229 1396 1277 iidem,
1428 1231 1499 1283 qui
1519 1230 1621 1270 haee
1643 1234 1864 1283 appetunt,
1896 1230 2013 1283 queri

269 1302 583 1343 nonnumquam
613 1289 772 1337 solent,
803 1285 945 1330 omnes
975 1295 1104 1330 terras
1137 1290 1208 1330 Cn.
1239 1292 1434 1345 Pompeio
1465 1298 1589 1346 atque
1621 1293 1757 1333 omnia
1776 1292 1903 1332 maria
1923 1304 2013 1331 esse

268 1351 483 1404 permissa.
542 1352 684 1392 Simile
724 1365 821 1392 vero
863 1357 925 1392 est
962 1352 1091 1392 multa
1121 1353 1320 1393 committi
1353 1359 1393 1394 et
1423 1354 1649 1395 condonari
1678 1354 1843 1395 omnia?
1883 1353 2011 1394 labori

270 1419 310 1454 et
339 1414 506 1467 negotio
537 1415 734 1468 praeponi
765 1427 817 1454 an
848 1415 1026 1468 praedae
1057 1420 1095 1455 et
1127 1416 1351 1469 quaestui?
1392 1417 1494 1456 mitti
1526 1417 1577 1456 ad
1610 1418 1746 1458 socios
1776 1416 2012 1457 liberandos

218 1483 254 1513 20
268 1489 320 1516 an
351 1476 402 1516 ad
433 1477 762 1529 opprimendos?
806 1477 1019 1530 Denique,
1061 1478 1094 1517 si
1124 1478 1195 1531 qui
1228 1483 1290 1518 est
1318 1478 1451 1519 honos
1483 1479 1722 1532 singularis,
1761 1480 1919 1520 nihilne
1950 1480 2012 1518 in-

268 1543 415 1586 terest,
444 1544 582 1578 utrum
603 1538 780 1592 populus
801 1539 1010 1579 Romanus
1033 1554 1147 1588 eum,
1179 1541 1245 1579 cui
1270 1540 1386 1588 velit,
1415 1540 1591 1589 deferat,
1621 1555 1672 1581 an
1694 1542 1728 1582 is
1750 1541 2010 1595 imprudente

266 1601 422 1655 populo
453 1602 638 1641 Romano
669 1614 744 1654 per
773 1601 877 1654 legis
906 1601 1092 1642 fraudem
1123 1602 1403 1655 surripiatur?

377 1664 525 1703 XVIII.
556 1660 622 1702 47.
660 1663 953 1711 Intellexistis,
992 1670 1093 1717 quot
1130 1678 1196 1704 res
1235 1669 1274 1704 et
1311 1669 1486 1717 quantas
1524 1664 1744 1704 decemviri
1780 1665 1884 1718 legis
1919 1678 2011 1718 per—

266 1727 395 1766 missu
425 1726 633 1766 vendituri
665 1726 758 1765 sint.
807 1726 898 1765 Non
930 1732 1000 1766 est>
1021 1726 1132 1766 satis.
1183 1727 1285 1766 Cum
1316 1740 1359 1765 se
1390 1727 1623 1774 sociorum,
1655 1740 1747 1767 cum
1778 1733 2008 1768 exterarum

216 1789 500 1836 95nationum,
541 1802 634 1828 cum
674 1801 817 1841 regum
856 1789 1058 1841 sanguine
1096 1789 1326 1842 implerint,
1366 1788 1550 1828 incidant
1579 1803 1728 1830 nervos
1758 1790 1900 1844 populi
1930 1792 2010 1830 Ro-

264 1852 400 1899 mani,
431 1851 654 1891 adhibeant
684 1864 829 1890 manus
857 1851 1124 1904 vectigalibus
1157 1851 1314 1898 vestris,
1345 1851 1574 1904 irrumpant
1606 1852 1648 1890 in
1675 1852 1891 1892 aerarium.
1938 1854 2010 1892 Se-

264 1915 404 1968 quitur
434 1914 544 1953 enim
571 1917 714 1967 eaput,
746 1927 827 1966 quo
849 1914 981 1966 eapite
1003 1927 1054 1953 ne
1076 1914 1273 1966 permittit
1292 1913 1481 1966 quidem,
1512 1914 1547 1953 si
1568 1913 1673 1953 forte
1695 1914 1802 1954 desit
1820 1915 2008 1967 pecunia,

264 1989 370 2030 quae
398 1980 509 2016 tanta
531 1989 583 2016 ex
604 1975 887 2028 superioribus
908 1976 1036 2029 recipi
1057 1980 1211 2028 potest,
1243 1980 1288 2015 ut
1310 1975 1454 2015 deesse
1482 1989 1566 2015 non
1588 1976 1757 2023 debeat,
1788 1976 1861 2016 sed
1885 1976 2007 2030 plane

263 2040 381 2093 quasi
413 2052 461 2079 ea
491 2052 557 2079 res
578 2038 694 2079 vohis
726 2038 848 2077 saluti
877 2037 1014 2077 futura
1035 2038 1109 2085 sit,
1141 2038 1196 2077 ita
1218 2038 1326 2090 cogit
1348 2042 1471 2091 atque
1494 2038 1688 2090 imperat,
1719 2043 1765 2078 ut
1786 2038 2004 2078 decemviri

211 2106 249 2135 30
262 2106 398 2142 vestra
426 2101 646 2154 vectigalia
665 2099 848 2140 vendant
876 2100 1134 2140 nominatim.
1193 2097 1258 2138 48.
1283 2099 1417 2148 Quam
1448 2105 1491 2139 tu
1521 2099 1621 2139 mihi
1644 2114 1696 2140 ex
1717 2100 1861 2140 ordine
1880 2100 2006 2139 recita

262 2164 313 2203 de
343 2164 446 2216 legis
477 2164 631 2216 scripto
662 2162 807 2216 populi
837 2163 1009 2202 Romani
1039 2163 1295 2209 auctionem,
1334 2174 1459 2215 quam
1490 2175 1555 2201 me
1582 2162 1750 2202 hercule
1781 2175 1858 2215 ego
1887 2174 2006 2215 prae-

261 2226 355 2265 coni
386 2225 481 2265 huic
510 2225 590 2278 ipsi
621 2225 851 2265 luctuosam
875 2229 917 2264 et
946 2224 1135 2264 acerbam
1165 2224 1512 2278 praedicationem
1533 2224 1712 2264 futuram
1737 2230 1852 2278 puto.
1873 2245 1927 2253 -
1957 2223 2007 2263 Ut

260 2287 303 2326 in
335 2287 420 2327 suis
451 2287 599 2334 rebus,
640 2287 697 2326 ita
726 2287 769 2326 in
800 2299 843 2325 re
882 2287 1046 2339 publica
1076 2287 1313 2326 luxuriosus
1345 2291 1407 2325 est
1438 2299 1593 2339 nepos,
1631 2287 1704 2340 qui
1735 2286 1849 2339 prius
1879 2286 2004 2326 silvas

259 2350 412 2389 vendat
449 2362 572 2403 quam
614 2349 769 2389 vineas.
824 2349 982 2388 Italiam
1012 2348 1307 2402 percensuisti:
1355 2361 1480 2400 perge
1510 2348 1553 2388 in
1585 2348 1779 2387 Siciliam.
1809 2369 1863 2377 —
1892 2347 2003 2387 Nihil

207 2417 243 2445 35
259 2416 321 2452 est
360 2412 404 2451 in
441 2411 518 2452 hac
556 2411 791 2464 provincia,
833 2411 945 2465 quod
985 2415 1055 2451 aut
1087 2411 1130 2450 in
1160 2409 1326 2464 oppidis
1357 2415 1427 2451 aut
1456 2411 1498 2450 in
1527 2410 1634 2463 agris
1665 2410 1841 2450 maiores
1871 2409 2001 2449 nostri

342 2654 372 2684 ’1.
398 2653 511 2684 taetris
533 2651 648 2686 Eme:
676 2652 765 2684 tetris
788 2652 901 2684 FAO.
923 2670 957 2675 —
984 2653 1015 2684 2.
1041 2661 1128 2691 una,
1156 2653 1295 2692 Quirites
1320 2651 1518 2684 Turnebus:
1544 2659 1674 2690 unaque
1697 2651 1780 2689 EA,
1808 2659 1888 2683 cum
1911 2649 2001 2683 lacu*

254 2711 318 2734 nae
343 2703 440 2743 signo
458 2704 480 2734 L
497 2704 528 2741 (ἐ,
554 2711 636 2734 Cum
660 2701 760 2733 obelo
778 2703 820 2739 03
847 2706 944 2742 atque
968 2704 1004 2741 F;
1039 2703 1221 2742 auirnisque
1236 2702 1516 2734 Lauredanus.—
1536 2701 1566 2733 li.
1585 2701 1712 2742 liberas]
1737 2702 1861 2732 litteras
1883 2701 1907 2733 E
1922 2702 1997 2732 F.—

253 2753 283 2783 7.
310 2753 442 2783 censetis
464 2760 534 2783 om.
560 2753 594 2783 F.
624 2770 658 2774 —
691 2752 722 2784 8.
749 2752 871 2783 delecta
894 2761 964 2784 om.
991 2754 1028 2783 G.
1058 2769 1092 2775 -
1127 2756 1229 2784 letum
1256 2753 1280 2784 E
1294 2753 1368 2784 FP:
1402 2760 1470 2783 om.
1496 2753 1521 2782 A
1537 2750 1643 2785 Lsso.
1672 2751 1720 2782 Cf.
1747 2753 1777 2790 g.
1804 2751 1856 2783 64.
1884 2768 1918 2773 —
1946 2751 1997 2781 40.

248 2803 411 2841 patientia
436 2802 472 2833 E.
502 2820 535 2824 ——
564 2801 615 2834 44.
641 2802 675 2833 in
699 2811 765 2841 qua
789 2803 813 2834 Ε
829 2803 860 2833 F.
889 2820 925 2825 —
953 2803 1003 2834 1¹7.
1030 2803 1134 2834 omnis
1156 2803 1180 2834 E
1196 2804 1229 2833 F.
1250 2819 1284 2824 —
1313 2803 1364 2833 48.
1390 2801 1545 2832 committi
1568 2810 1611 2831 an¹
1635 2801 1814 2832 condonari
1838 2808 1918 2832 cum
1941 2799 1997 2830 ed.

255 2853 387 2883 Iuntina
413 2853 435 2883 1.
450 2851 482 2885 53.
504 2869 538 2874 —-
565 2851 682 2893 labori]
706 2852 756 2883 vel
778 2852 884 2883 labori
906 2853 944 2883 A.
966 2870 999 2874 —
1026 2854 1079 2884 20.
1106 2854 1161 2892 qui
1178 2853 1252 2884 EF:
1280 2853 1351 2891 quis
1373 2853 1396 2882 Α
1415 2853 1435 2882 1.
1450 2850 1471 2885 Q
1486 2852 1522 2883 Ο.
1544 2868 1579 2872 —
1606 2860 1646 2882 oze
1663 2860 1732 2882 om.
1751 2850 1786 2881 E.
1809 2868 1843 2872 —
1869 2850 1922 2881 2⁴.
1940 2849 1998 2880 im-

247 2903 406 2941 prudente
430 2901 671 2934 Laureuanus:
708 2902 911 2941 impudenter
940 2903 1056 2933 ceteri.
1095 2902 1144 2933 Cf.
1171 2901 1388 2941 Wesenberg
1412 2900 1454 2931 ad
1480 2910 1529 2931 or.
1556 2908 1618 2941 pro
1643 2900 1753 2932 Sestio
1776 2908 1811 2940 p.
1837 2898 1855 2930 6
1879 2907 1931 2938 sq.
1961 2917 1995 2922 —-

250 2951 303 2984 24.
329 2961 361 2984 se
383 2952 462 2983 EF:
494 2960 559 2983 sese
583 2954 607 2983 A
623 2951 737 2989 1.80;
769 2960 836 2983 om.
864 2953 900 2983 P.
930 2970 964 2974 —-
998 2952 1048 2982 25.
1075 2952 1279 2991 impleuerint
1302 2952 1335 2981 F.
1364 2967 1398 2973 —
1428 2950 1564 2981 incident
1580 2967 1627 2972 --
1643 2948 1834 2980 adhibebunt
1856 2949 1997 2979 auctore

250 3002 407 3033 Schiitzio
431 3003 467 3033 Ο.
489 3020 523 3023 -
547 3002 668 3041 populo
692 3003 727 3033 R.
756 3003 792 3033 G.
815 3020 850 3024 —
875 3002 928 3033 26.
953 3002 1136 3041 irrumpent
1159 3002 1234 3033 EO.
1254 3018 1288 3022 —
1316 3000 1367 3031 27.
1393 2999 1444 3040 ne]
1467 3010 1531 3030 mm
1556 3008 1634 3031 cum
1660 2998 1715 3029 ed.
1732 2996 1852 3029 Aldina
1870 2995 1940 3030 Lss.
1960 3014 1994 3018 —a

250 3052 302 3083 28.
328 3052 441 3093 recipi]
465 3053 554 3093 refici
578 3053 613 3083 L.
644 3070 677 3074 —-
705 3052 804 3091 plane
826 3051 931 3092 quasi]
958 3051 1006 3082 Cs.
1033 3050 1156 3082 Handii
1180 3051 1276 3082 Turs.
1303 3050 1356 3080 lv.
1382 3058 1416 3089 p.
1444 3049 1516 3080 471.
1546 3066 1579 3070 —-
1608 3049 1660 3079 29.
1684 3046 1772 3078 vobis
1795 3047 1871 3077 EF:
1908 3046 1998 3077 nobis

250 3102 274 3132 Α
291 3102 324 3132 L.
342 3118 376 3123 —-
401 3102 525 3142 cogitat
544 3104 642 3139 atque
665 3101 724 3132 EF
738 3102 776 3132 Λ.
807 3100 1012 3132 Emendavit
1035 3101 1109 3132 Nic.
1124 3099 1296 3140 Angelius.
1325 3117 1358 3120 ff
1385 3100 1436 3130 30.
1464 3100 1515 3130 34.
1542 3099 1638 3131 Prius
1662 3105 1760 3137 quam
1783 3096 1911 3128 delevit
1934 3098 1998 3130 Us-

250 3151 342 3190 sing-3
369 3149 516 3182 alterum
540 3148 728 3182 delendum
753 3151 871 3181 censet
889 3151 1199 3182 Mommsenius.-
1226 3149 1277 3181 32.
1302 3150 1409 3189 ipsam
1432 3149 1492 3180 EF
1506 3150 1530 3180 P
1543 3151 1580 3180 Α.
1607 3147 1811 3180 Emendavit
1834 3147 1905 3178 Nic.
1929 3148 1996 3178 An-

250 3199 368 3238 gelius.
384 3217 416 3223 —
441 3202 532 3239 puto.
557 3199 717 3231 AUCTIO.
739 3200 776 3231 Ut
800 3208 881 3231 cuni
905 3200 1097 3232 Palanutio
1122 3198 1236 3231 Lss.—
1264 3199 1316 3231 33.
1343 3202 1386 3230 est
1409 3207 1476 3230 Om.
1496 3199 1520 3230 Ε
1536 3199 1557 3229 F
1569 3200 1608 3230 A.
1633 3196 1771 3229 Addidit
1795 3195 1992 3228 Lambinus.

254 3265 288 3270 -
306 3247 357 3280 34.
370 3249 528 3281 Siciliam.
554 3248 774 3280 AUCTIONIS
795 3249 898 3281 PARS
912 3249 980 3288 EA,
1006 3250 1117 3289 QUAE
1131 3250 1188 3284 AD
1205 3248 1389 3281 SICILIAM
1406 3247 1621 3281 PERTINET.
1646 3246 1735 3279 Nihil
1749 3246 1864 3280 Lss.—
1890 3245 1942 3277 35.
1960 3246 1995 3276 in

251 3297 330 3329 ante
347 3305 381 3329 v.
399 3298 491 3340 agris
505 3306 575 3331 om.
591 3298 627 3332 ,Ε
641 3298 675 3332 F.
696 3315 731 3322 --
755 3299 870 3341 nostri]
892 3299 991 3333 vestri
1013 3300 1040 3331 G
1053 3299 1091 3331 O.
