<?xml version="1.0" encoding="UTF-8"?>
<!DOCTYPE html PUBLIC "-//W3C//DTD XHTML 1.0 Transitional//EN"
    "http://www.w3.org/TR/xhtml1/DTD/xhtml1-transitional.dtd">
<html xmlns="http://www.w3.org/1999/xhtml" xml:lang="en" lang="en">
 <head>
  <title>
</title>
<meta http-equiv="Content-Type" content="text/html;charset=utf-8" />
  <meta name='ocr-system' content='tesseract 3.04.00' />
  <meta name='ocr-capabilities' content='ocr_page ocr_carea ocr_par ocr_line ocrx_word'/>
</head>
<body>
  <div class='ocr_page' id='page_1' title='image "./p1operaquaesupersu02ciceuoft_0356.png"; bbox 0 0 2143 3713; ppageno 0'>
   <div class='ocr_carea' id='block_1_1' title="bbox 258 194 1508 237">
    <p class='ocr_par' dir='ltr' id='par_1_1' title="bbox 258 194 1508 237">
     <span class='ocr_line' id='line_1_1' title="bbox 258 194 1508 237; baseline -0.001 -1"><span class='ocrx_word' id='word_1_1' title='bbox 258 194 338 236; x_wconf 73' lang='lat'>340</span> <span class='ocrx_word' id='word_1_2' title='bbox 746 197 800 236; x_wconf 88' lang='lat' dir='ltr'>IN</span> <span class='ocrx_word' id='word_1_3' title='bbox 830 196 1047 237; x_wconf 86' lang='lat' dir='ltr'>VERREM</span> <span class='ocrx_word' id='word_1_4' title='bbox 1075 194 1234 236; x_wconf 94' lang='lat' dir='ltr'>ACTIO</span> <span class='ocrx_word' id='word_1_5' title='bbox 1267 194 1508 236; x_wconf 86' lang='lat' dir='ltr'>SECUNDA</span> 
     </span>
    </p>
   </div>
   <div class='ocr_carea' id='block_1_2' title="bbox 193 306 2005 2350">
    <p class='ocr_par' dir='ltr' id='par_1_2' title="bbox 193 306 2005 2350">
     <span class='ocr_line' id='line_1_2' title="bbox 257 306 2000 359; baseline -0.002 -11"><span class='ocrx_word' id='word_1_6' title='bbox 257 313 392 356; x_wconf 90' lang='lat' dir='ltr'>retur,</span> <span class='ocrx_word' id='word_1_7' title='bbox 433 308 505 348; x_wconf 88' lang='lat' dir='ltr'>abs</span> <span class='ocrx_word' id='word_1_8' title='bbox 544 312 584 347; x_wconf 92' lang='lat' dir='ltr'>te</span> <span class='ocrx_word' id='word_1_9' title='bbox 616 308 706 348; x_wconf 94' lang='lat' dir='ltr'>solo</span> <span class='ocrx_word' id='word_1_10' title='bbox 738 309 794 347; x_wconf 91' lang='lat' dir='ltr'>ita</span> <span class='ocrx_word' id='word_1_11' title='bbox 825 321 914 348; x_wconf 88' lang='lat' dir='ltr'>esse</span> <span class='ocrx_word' id='word_1_12' title='bbox 946 312 1247 359; x_wconf 88' lang='lat' dir='ltr'>contemptum,</span> <span class='ocrx_word' id='word_1_13' title='bbox 1287 307 1345 346; x_wconf 90' lang='lat' dir='ltr'>ita</span> <span class='ocrx_word' id='word_1_14' title='bbox 1375 306 1642 358; x_wconf 87' lang='lat' dir='ltr'>despectum,</span> <span class='ocrx_word' id='word_1_15' title='bbox 1680 310 1727 345; x_wconf 88' lang='lat' dir='ltr'>ut</span> <span class='ocrx_word' id='word_1_16' title='bbox 1763 306 1885 345; x_wconf 90' lang='lat' dir='ltr'>etiam</span> <span class='ocrx_word' id='word_1_17' title='bbox 1915 317 2000 345; x_wconf 88' lang='lat' dir='ltr'>una</span> 
     </span>
     <span class='ocr_line' id='line_1_3' title="bbox 256 366 1999 423; baseline -0.002 -14"><span class='ocrx_word' id='word_1_18' title='bbox 256 383 349 409; x_wconf 87' lang='lat' dir='ltr'>cum</span> <span class='ocrx_word' id='word_1_19' title='bbox 380 370 528 410; x_wconf 91' lang='lat' dir='ltr'>ceteris</span> <span class='ocrx_word' id='word_1_20' title='bbox 557 369 706 410; x_wconf 87' lang='lat' dir='ltr'><strong>Siculis</strong></span> <span class='ocrx_word' id='word_1_21' title='bbox 738 370 1068 423; x_wconf 73' lang='lat' dir='ltr'>despoliaretur?</span> <span class='ocrx_word' id='word_1_22' title='bbox 1110 369 1151 408; x_wconf 90' lang='lat' dir='ltr'>Si</span> <span class='ocrx_word' id='word_1_23' title='bbox 1183 382 1360 416; x_wconf 87' lang='lat' dir='ltr'>emeras,</span> <span class='ocrx_word' id='word_1_24' title='bbox 1393 367 1493 422; x_wconf 93' lang='lat' dir='ltr'>quid</span> <span class='ocrx_word' id='word_1_25' title='bbox 1524 372 1611 406; x_wconf 88' lang='lat' dir='ltr'>erat</span> <span class='ocrx_word' id='word_1_26' title='bbox 1640 366 1752 420; x_wconf 93' lang='lat' dir='ltr'>quod</span> <span class='ocrx_word' id='word_1_27' title='bbox 1783 367 1999 408; x_wconf 87' lang='lat' dir='ltr'>confirma-</span> 
     </span>
     <span class='ocr_line' id='line_1_4' title="bbox 253 429 1999 484; baseline -0.002 -13"><span class='ocrx_word' id='word_1_28' title='bbox 253 433 323 472; x_wconf 91' lang='lat' dir='ltr'>bat</span> <span class='ocrx_word' id='word_1_29' title='bbox 353 447 396 473; x_wconf 92' lang='lat' dir='ltr'>se</span> <span class='ocrx_word' id='word_1_30' title='bbox 427 433 499 473; x_wconf 85' lang='lat' dir='ltr'>ahs</span> <span class='ocrx_word' id='word_1_31' title='bbox 529 437 569 472; x_wconf 90' lang='lat' dir='ltr'>te</span> <span class='ocrx_word' id='word_1_32' title='bbox 599 437 814 484; x_wconf 86' lang='lat' dir='ltr'>argentum</span> <span class='ocrx_word' id='word_1_33' title='bbox 846 445 935 471; x_wconf 89' lang='lat' dir='ltr'>esse</span> <span class='ocrx_word' id='word_1_34' title='bbox 967 431 1252 484; x_wconf 86' lang='lat' dir='ltr'>repetiturum,</span> <span class='ocrx_word' id='word_1_35' title='bbox 1285 432 1318 470; x_wconf 90' lang='lat' dir='ltr'>si</span> <span class='ocrx_word' id='word_1_36' title='bbox 1348 431 1389 470; x_wconf 92' lang='lat' dir='ltr'>id</span> <span class='ocrx_word' id='word_1_37' title='bbox 1422 430 1494 470; x_wconf 88' lang='lat' dir='ltr'>tihi</span> <span class='ocrx_word' id='word_1_38' title='bbox 1525 442 1599 469; x_wconf 89' lang='lat' dir='ltr'>sua</span> <span class='ocrx_word' id='word_1_39' title='bbox 1623 429 1837 469; x_wconf 82' lang='lat' dir='ltr'>voluntate</span> <span class='ocrx_word' id='word_1_40' title='bbox 1857 430 1999 469; x_wconf 81' lang='lat' dir='ltr'>vendi-</span> 
     </span>
     <span class='ocr_line' id='line_1_5' title="bbox 253 491 1998 547; baseline -0.002 -14"><span class='ocrx_word' id='word_1_41' title='bbox 253 494 397 535; x_wconf 84' lang='lat' dir='ltr'>derat?</span> <span class='ocrx_word' id='word_1_42' title='bbox 447 496 508 534; x_wconf 94' lang='lat' dir='ltr'>Tu</span> <span class='ocrx_word' id='word_1_43' title='bbox 538 508 662 547; x_wconf 89' lang='lat' dir='ltr'>porro</span> <span class='ocrx_word' id='word_1_44' title='bbox 694 508 837 547; x_wconf 89' lang='lat' dir='ltr'>posses</span> <span class='ocrx_word' id='word_1_45' title='bbox 868 494 1018 539; x_wconf 87' lang='lat' dir='ltr'>facere,</span> <span class='ocrx_word' id='word_1_46' title='bbox 1050 498 1095 531; x_wconf 90' lang='lat' dir='ltr'>ut</span> <span class='ocrx_word' id='word_1_47' title='bbox 1117 492 1188 531; x_wconf 87' lang='lat' dir='ltr'>Cn.</span> <span class='ocrx_word' id='word_1_48' title='bbox 1212 492 1369 532; x_wconf 87' lang='lat' dir='ltr'>Calidio</span> <span class='ocrx_word' id='word_1_49' title='bbox 1401 506 1484 531; x_wconf 91' lang='lat' dir='ltr'>non</span> <span class='ocrx_word' id='word_1_50' title='bbox 1517 491 1726 538; x_wconf 87' lang='lat' dir='ltr'>redderes,</span> <span class='ocrx_word' id='word_1_51' title='bbox 1757 491 1998 543; x_wconf 90' lang='lat' dir='ltr'>praesertim</span> 
     </span>
     <span class='ocr_line' id='line_1_6' title="bbox 222 554 1998 603; baseline -0.001 -9"><span class='ocrx_word' id='word_1_52' title='bbox 222 565 346 596; x_wconf 87' lang='lat' dir='ltr'>5cum</span> <span class='ocrx_word' id='word_1_53' title='bbox 386 557 420 597; x_wconf 92' lang='lat' dir='ltr'>is</span> <span class='ocrx_word' id='word_1_54' title='bbox 458 558 503 596; x_wconf 92' lang='lat' dir='ltr'>L.</span> <span class='ocrx_word' id='word_1_55' title='bbox 546 558 740 603; x_wconf 85' lang='lat' dir='ltr'>Sisenna,</span> <span class='ocrx_word' id='word_1_56' title='bbox 781 557 998 596; x_wconf 87' lang='lat' dir='ltr'>defensore</span> <span class='ocrx_word' id='word_1_57' title='bbox 1039 561 1132 601; x_wconf 89' lang='lat' dir='ltr'>tuo,</span> <span class='ocrx_word' id='word_1_58' title='bbox 1171 560 1253 594; x_wconf 87' lang='lat' dir='ltr'>tam</span> <span class='ocrx_word' id='word_1_59' title='bbox 1282 554 1542 594; x_wconf 83' lang='lat' dir='ltr'>familiariter</span> <span class='ocrx_word' id='word_1_60' title='bbox 1571 558 1778 600; x_wconf 89' lang='lat' dir='ltr'>uteretur,</span> <span class='ocrx_word' id='word_1_61' title='bbox 1825 558 1866 593; x_wconf 92' lang='lat' dir='ltr'>et</span> <span class='ocrx_word' id='word_1_62' title='bbox 1907 567 1998 593; x_wconf 91' lang='lat' dir='ltr'>cum</span> 
     </span>
     <span class='ocr_line' id='line_1_7' title="bbox 253 614 2000 669; baseline -0.001 -12"><span class='ocrx_word' id='word_1_63' title='bbox 253 619 401 658; x_wconf 88' lang='lat' dir='ltr'>ceteris</span> <span class='ocrx_word' id='word_1_64' title='bbox 430 618 704 659; x_wconf 88' lang='lat' dir='ltr'>familiaribus</span> <span class='ocrx_word' id='word_1_65' title='bbox 728 619 928 658; x_wconf 85' lang='lat' dir='ltr'>Sisennae</span> <span class='ocrx_word' id='word_1_66' title='bbox 958 617 1238 657; x_wconf 75' lang='lat' dir='ltr'>reddidisses?</span> <span class='ocrx_word' id='word_1_67' title='bbox 1284 614 1348 655; x_wconf 73' lang='lat'>44.</span> <span class='ocrx_word' id='word_1_68' title='bbox 1380 617 1569 669; x_wconf 82' lang='lat' dir='ltr'>Denique</span> <span class='ocrx_word' id='word_1_69' title='bbox 1600 628 1684 654; x_wconf 92' lang='lat' dir='ltr'>non</span> <span class='ocrx_word' id='word_1_70' title='bbox 1706 617 1856 668; x_wconf 87' lang='lat' dir='ltr'>opinor</span> <span class='ocrx_word' id='word_1_71' title='bbox 1876 629 2000 669; x_wconf 87' lang='lat' dir='ltr'>nega-</span> 
     </span>
     <span class='ocr_line' id='line_1_8' title="bbox 252 677 2000 732; baseline -0.001 -14"><span class='ocrx_word' id='word_1_72' title='bbox 252 684 390 720; x_wconf 90' lang='lat' dir='ltr'>turum</span> <span class='ocrx_word' id='word_1_73' title='bbox 422 694 512 721; x_wconf 90' lang='lat' dir='ltr'>esse</span> <span class='ocrx_word' id='word_1_74' title='bbox 543 686 583 720; x_wconf 91' lang='lat' dir='ltr'>te</span> <span class='ocrx_word' id='word_1_75' title='bbox 620 681 777 720; x_wconf 90' lang='lat' dir='ltr'>homini</span> <span class='ocrx_word' id='word_1_76' title='bbox 809 681 1008 727; x_wconf 88' lang='lat' dir='ltr'>honesto,</span> <span class='ocrx_word' id='word_1_77' title='bbox 1049 679 1121 719; x_wconf 87' lang='lat' dir='ltr'>sed</span> <span class='ocrx_word' id='word_1_78' title='bbox 1153 692 1237 717; x_wconf 91' lang='lat' dir='ltr'>non</span> <span class='ocrx_word' id='word_1_79' title='bbox 1268 679 1525 731; x_wconf 80' lang='lat' dir='ltr'>gratiosiori,</span> <span class='ocrx_word' id='word_1_80' title='bbox 1556 691 1679 732; x_wconf 87' lang='lat' dir='ltr'>quam</span> <span class='ocrx_word' id='word_1_81' title='bbox 1713 678 1784 717; x_wconf 89' lang='lat' dir='ltr'>Cn.</span> <span class='ocrx_word' id='word_1_82' title='bbox 1818 677 2000 718; x_wconf 89' lang='lat' dir='ltr'>Calidius</span> 
     </span>
     <span class='ocr_line' id='line_1_9' title="bbox 252 739 2000 795; baseline -0.002 -13"><span class='ocrx_word' id='word_1_83' title='bbox 252 747 326 789; x_wconf 86' lang='lat' dir='ltr'>est,</span> <span class='ocrx_word' id='word_1_84' title='bbox 356 743 402 781; x_wconf 94' lang='lat' dir='ltr'>L.</span> <span class='ocrx_word' id='word_1_85' title='bbox 437 742 603 782; x_wconf 91' lang='lat' dir='ltr'>Curidio</span> <span class='ocrx_word' id='word_1_86' title='bbox 637 749 675 782; x_wconf 89' lang='lat' dir='ltr'>te</span> <span class='ocrx_word' id='word_1_87' title='bbox 707 747 922 795; x_wconf 82' lang='lat' dir='ltr'>argentum</span> <span class='ocrx_word' id='word_1_88' title='bbox 953 756 1027 795; x_wconf 90' lang='lat' dir='ltr'>per</span> <span class='ocrx_word' id='word_1_89' title='bbox 1057 743 1342 788; x_wconf 80' lang='lat' dir='ltr'>Potamonem,</span> <span class='ocrx_word' id='word_1_90' title='bbox 1376 742 1552 780; x_wconf 90' lang='lat' dir='ltr'>amicum</span> <span class='ocrx_word' id='word_1_91' title='bbox 1585 746 1713 786; x_wconf 88' lang='lat' dir='ltr'>tuum,</span> <span class='ocrx_word' id='word_1_92' title='bbox 1744 739 2000 780; x_wconf 87' lang='lat' dir='ltr'>reddidisse:</span> 
     </span>
     <span class='ocr_line' id='line_1_10' title="bbox 253 802 2002 857; baseline -0.001 -14"><span class='ocrx_word' id='word_1_93' title='bbox 253 804 324 857; x_wconf 92' lang='lat' dir='ltr'>qui</span> <span class='ocrx_word' id='word_1_94' title='bbox 357 804 527 857; x_wconf 92' lang='lat' dir='ltr'>quidem</span> <span class='ocrx_word' id='word_1_95' title='bbox 558 810 788 844; x_wconf 88' lang='lat' dir='ltr'>ceterorum</span> <span class='ocrx_word' id='word_1_96' title='bbox 822 817 987 843; x_wconf 89' lang='lat' dir='ltr'>causam</span> <span class='ocrx_word' id='word_1_97' title='bbox 1019 803 1128 856; x_wconf 91' lang='lat' dir='ltr'>apud</span> <span class='ocrx_word' id='word_1_98' title='bbox 1160 809 1199 842; x_wconf 87' lang='lat' dir='ltr'>te</span> <span class='ocrx_word' id='word_1_99' title='bbox 1231 802 1505 842; x_wconf 85' lang='lat' dir='ltr'>difficiliorem</span> <span class='ocrx_word' id='word_1_100' title='bbox 1536 803 1645 842; x_wconf 79' lang='lat' dir='ltr'>fecit.</span> <span class='ocrx_word' id='word_1_101' title='bbox 1703 803 1806 841; x_wconf 76' lang='lat' dir='ltr'>Nam</span> <span class='ocrx_word' id='word_1_102' title='bbox 1838 816 1930 842; x_wconf 91' lang='lat' dir='ltr'>cum</span> <span class='ocrx_word' id='word_1_103' title='bbox 1961 806 2002 841; x_wconf 88' lang='lat' dir='ltr'>te</span> 
     </span>
     <span class='ocr_line' id='line_1_11' title="bbox 201 864 2000 918; baseline -0.001 -13"><span class='ocrx_word' id='word_1_104' title='bbox 201 878 235 906; x_wconf 69' lang='lat'>⁴0</span> <span class='ocrx_word' id='word_1_105' title='bbox 251 866 533 918; x_wconf 88' lang='lat' dir='ltr'>compluribus</span> <span class='ocrx_word' id='word_1_106' title='bbox 556 864 843 905; x_wconf 79' lang='lat' dir='ltr'>confirmasses</span> <span class='ocrx_word' id='word_1_107' title='bbox 863 866 1134 911; x_wconf 86' lang='lat' dir='ltr'>redditurum,</span> <span class='ocrx_word' id='word_1_108' title='bbox 1157 870 1430 918; x_wconf 81' lang='lat' dir='ltr'>posteaquam</span> <span class='ocrx_word' id='word_1_109' title='bbox 1453 866 1643 905; x_wconf 90' lang='lat' dir='ltr'>Curidius</span> <span class='ocrx_word' id='word_1_110' title='bbox 1664 878 1738 918; x_wconf 92' lang='lat' dir='ltr'>pro</span> <span class='ocrx_word' id='word_1_111' title='bbox 1762 864 2000 904; x_wconf 85' lang='lat' dir='ltr'>testimonio</span> 
     </span>
     <span class='ocr_line' id='line_1_12' title="bbox 250 925 2001 980; baseline -0.001 -13"><span class='ocrx_word' id='word_1_112' title='bbox 250 928 357 967; x_wconf 78' lang='lat' dir='ltr'>dixit</span> <span class='ocrx_word' id='word_1_113' title='bbox 387 933 427 966; x_wconf 90' lang='lat' dir='ltr'>te</span> <span class='ocrx_word' id='word_1_114' title='bbox 458 928 535 967; x_wconf 90' lang='lat' dir='ltr'>sibi</span> <span class='ocrx_word' id='word_1_115' title='bbox 566 927 819 974; x_wconf 87' lang='lat' dir='ltr'>reddidisse,</span> <span class='ocrx_word' id='word_1_116' title='bbox 850 927 976 967; x_wconf 85' lang='lat' dir='ltr'>finem</span> <span class='ocrx_word' id='word_1_117' title='bbox 1007 926 1208 967; x_wconf 87' lang='lat' dir='ltr'>reddendi</span> <span class='ocrx_word' id='word_1_118' title='bbox 1239 926 1395 974; x_wconf 81' lang='lat' dir='ltr'>fecisti,</span> <span class='ocrx_word' id='word_1_119' title='bbox 1428 928 1541 980; x_wconf 86' lang='lat' dir='ltr'>quod</span> <span class='ocrx_word' id='word_1_120' title='bbox 1572 927 1816 967; x_wconf 79' lang='lat' dir='ltr'>intellexisti</span> <span class='ocrx_word' id='word_1_121' title='bbox 1847 925 2001 979; x_wconf 83' lang='lat' dir='ltr'>praeda</span> 
     </span>
     <span class='ocr_line' id='line_1_13' title="bbox 250 989 2000 1042; baseline -0.001 -13"><span class='ocrx_word' id='word_1_122' title='bbox 250 996 288 1029; x_wconf 87' lang='lat' dir='ltr'>te</span> <span class='ocrx_word' id='word_1_123' title='bbox 319 990 370 1030; x_wconf 90' lang='lat' dir='ltr'>de</span> <span class='ocrx_word' id='word_1_124' title='bbox 400 991 591 1029; x_wconf 89' lang='lat' dir='ltr'>manibus</span> <span class='ocrx_word' id='word_1_125' title='bbox 613 989 764 1028; x_wconf 86' lang='lat' dir='ltr'>emissa</span> <span class='ocrx_word' id='word_1_126' title='bbox 788 990 1070 1029; x_wconf 85' lang='lat' dir='ltr'>testimonium</span> <span class='ocrx_word' id='word_1_127' title='bbox 1095 995 1230 1028; x_wconf 83' lang='lat' dir='ltr'>tamen</span> <span class='ocrx_word' id='word_1_128' title='bbox 1252 990 1433 1041; x_wconf 83' lang='lat' dir='ltr'>effugere</span> <span class='ocrx_word' id='word_1_129' title='bbox 1454 1003 1538 1028; x_wconf 89' lang='lat' dir='ltr'>non</span> <span class='ocrx_word' id='word_1_130' title='bbox 1559 1003 1695 1042; x_wconf 89' lang='lat' dir='ltr'>posse.</span> <span class='ocrx_word' id='word_1_131' title='bbox 1729 990 1801 1029; x_wconf 88' lang='lat' dir='ltr'>Cn.</span> <span class='ocrx_word' id='word_1_132' title='bbox 1825 989 2000 1035; x_wconf 90' lang='lat' dir='ltr'>Calidio,</span> 
     </span>
     <span class='ocr_line' id='line_1_14' title="bbox 249 1051 2000 1106; baseline -0.001 -14"><span class='ocrx_word' id='word_1_133' title='bbox 249 1053 380 1106; x_wconf 88' lang='lat' dir='ltr'>equiti</span> <span class='ocrx_word' id='word_1_134' title='bbox 410 1053 620 1099; x_wconf 87' lang='lat' dir='ltr'>Romano,</span> <span class='ocrx_word' id='word_1_135' title='bbox 660 1065 735 1104; x_wconf 91' lang='lat' dir='ltr'>per</span> <span class='ocrx_word' id='word_1_136' title='bbox 765 1064 909 1091; x_wconf 89' lang='lat' dir='ltr'>omnes</span> <span class='ocrx_word' id='word_1_137' title='bbox 941 1052 1045 1091; x_wconf 88' lang='lat' dir='ltr'>alios</span> <span class='ocrx_word' id='word_1_138' title='bbox 1076 1056 1289 1104; x_wconf 86' lang='lat' dir='ltr'>praetores</span> <span class='ocrx_word' id='word_1_139' title='bbox 1320 1051 1437 1090; x_wconf 86' lang='lat' dir='ltr'>licuit</span> <span class='ocrx_word' id='word_1_140' title='bbox 1466 1052 1619 1091; x_wconf 88' lang='lat' dir='ltr'>habere</span> <span class='ocrx_word' id='word_1_141' title='bbox 1649 1057 1865 1105; x_wconf 90' lang='lat' dir='ltr'>argentum</span> <span class='ocrx_word' id='word_1_142' title='bbox 1894 1051 2000 1090; x_wconf 90' lang='lat' dir='ltr'>bene</span> 
     </span>
     <span class='ocr_line' id='line_1_15' title="bbox 247 1113 2000 1167; baseline -0.002 -12"><span class='ocrx_word' id='word_1_143' title='bbox 247 1115 426 1163; x_wconf 80' lang='lat' dir='ltr'>factum3</span> <span class='ocrx_word' id='word_1_144' title='bbox 467 1115 582 1153; x_wconf 88' lang='lat' dir='ltr'>licuit</span> <span class='ocrx_word' id='word_1_145' title='bbox 620 1127 743 1166; x_wconf 91' lang='lat' dir='ltr'>posse</span> <span class='ocrx_word' id='word_1_146' title='bbox 787 1114 1027 1153; x_wconf 82' lang='lat' dir='ltr'>domesticis</span> <span class='ocrx_word' id='word_1_147' title='bbox 1067 1113 1220 1165; x_wconf 84' lang='lat' dir='ltr'>copiis,</span> <span class='ocrx_word' id='word_1_148' title='bbox 1262 1127 1355 1153; x_wconf 83' lang='lat' dir='ltr'>cum</span> <span class='ocrx_word' id='word_1_149' title='bbox 1396 1115 1677 1166; x_wconf 86' lang='lat' dir='ltr'>magistratum</span> <span class='ocrx_word' id='word_1_150' title='bbox 1718 1119 1789 1153; x_wconf 90' lang='lat' dir='ltr'>aut</span> <span class='ocrx_word' id='word_1_151' title='bbox 1818 1113 2000 1167; x_wconf 85' lang='lat' dir='ltr'>aliquem</span> 
     </span>
     <span class='ocr_line' id='line_1_16' title="bbox 196 1175 1999 1230; baseline -0.002 -13"><span class='ocrx_word' id='word_1_152' title='bbox 196 1187 231 1217; x_wconf 75' lang='lat'>⁴5</span> <span class='ocrx_word' id='word_1_153' title='bbox 248 1178 505 1230; x_wconf 87' lang='lat' dir='ltr'>superiorem</span> <span class='ocrx_word' id='word_1_154' title='bbox 547 1176 784 1223; x_wconf 82' lang='lat' dir='ltr'>invitasset,</span> <span class='ocrx_word' id='word_1_155' title='bbox 826 1189 972 1215; x_wconf 91' lang='lat' dir='ltr'>ornare</span> <span class='ocrx_word' id='word_1_156' title='bbox 1012 1182 1053 1215; x_wconf 88' lang='lat' dir='ltr'>et</span> <span class='ocrx_word' id='word_1_157' title='bbox 1094 1189 1295 1228; x_wconf 86' lang='lat' dir='ltr'>apparare</span> <span class='ocrx_word' id='word_1_158' title='bbox 1328 1177 1577 1215; x_wconf 69' lang='lat' dir='ltr'>convivium.</span> <span class='ocrx_word' id='word_1_159' title='bbox 1636 1175 1754 1215; x_wconf 86' lang='lat' dir='ltr'>Multi</span> <span class='ocrx_word' id='word_1_160' title='bbox 1785 1175 1896 1215; x_wconf 90' lang='lat' dir='ltr'>domi</span> <span class='ocrx_word' id='word_1_161' title='bbox 1928 1175 1999 1215; x_wconf 91' lang='lat' dir='ltr'>Cn.</span> 
     </span>
     <span class='ocr_line' id='line_1_17' title="bbox 249 1238 2000 1292; baseline -0.001 -14"><span class='ocrx_word' id='word_1_162' title='bbox 249 1238 396 1278; x_wconf 90' lang='lat' dir='ltr'>Calidii</span> <span class='ocrx_word' id='word_1_163' title='bbox 437 1252 529 1277; x_wconf 88' lang='lat' dir='ltr'>cum</span> <span class='ocrx_word' id='word_1_164' title='bbox 566 1242 770 1291; x_wconf 77' lang='lat' dir='ltr'>potestate</span> <span class='ocrx_word' id='word_1_165' title='bbox 812 1243 938 1292; x_wconf 86' lang='lat' dir='ltr'>atque</span> <span class='ocrx_word' id='word_1_166' title='bbox 984 1239 1158 1291; x_wconf 86' lang='lat' dir='ltr'>imperio</span> <span class='ocrx_word' id='word_1_167' title='bbox 1189 1238 1378 1278; x_wconf 86' lang='lat' dir='ltr'>fuerunt:</span> <span class='ocrx_word' id='word_1_168' title='bbox 1419 1252 1540 1278; x_wconf 89' lang='lat' dir='ltr'>nemo</span> <span class='ocrx_word' id='word_1_169' title='bbox 1582 1239 1773 1278; x_wconf 84' lang='lat' dir='ltr'>inventus</span> <span class='ocrx_word' id='word_1_170' title='bbox 1817 1242 1879 1277; x_wconf 90' lang='lat' dir='ltr'>est</span> <span class='ocrx_word' id='word_1_171' title='bbox 1919 1243 2000 1277; x_wconf 88' lang='lat' dir='ltr'>tam</span> 
     </span>
     <span class='ocr_line' id='line_1_18' title="bbox 246 1300 2000 1354; baseline -0.002 -13"><span class='ocrx_word' id='word_1_172' title='bbox 246 1314 401 1348; x_wconf 88' lang='lat' dir='ltr'>amens,</span> <span class='ocrx_word' id='word_1_173' title='bbox 433 1301 505 1354; x_wconf 91' lang='lat' dir='ltr'>qui</span> <span class='ocrx_word' id='word_1_174' title='bbox 535 1300 640 1339; x_wconf 92' lang='lat' dir='ltr'>illud</span> <span class='ocrx_word' id='word_1_175' title='bbox 670 1307 886 1353; x_wconf 86' lang='lat' dir='ltr'>argentum</span> <span class='ocrx_word' id='word_1_176' title='bbox 918 1306 999 1340; x_wconf 88' lang='lat' dir='ltr'>tam</span> <span class='ocrx_word' id='word_1_177' title='bbox 1032 1301 1291 1353; x_wconf 68' lang='lat' dir='ltr'>praet-larum</span> <span class='ocrx_word' id='word_1_178' title='bbox 1318 1314 1365 1340; x_wconf 85' lang='lat' dir='ltr'>ac</span> <span class='ocrx_word' id='word_1_179' title='bbox 1389 1306 1469 1340; x_wconf 79' lang='lat' dir='ltr'>tani</span> <span class='ocrx_word' id='word_1_180' title='bbox 1492 1300 1631 1339; x_wconf 88' lang='lat' dir='ltr'>nobile</span> <span class='ocrx_word' id='word_1_181' title='bbox 1654 1300 1846 1352; x_wconf 87' lang='lat' dir='ltr'>eriperet,</span> <span class='ocrx_word' id='word_1_182' title='bbox 1876 1312 2000 1339; x_wconf 88' lang='lat' dir='ltr'>nemo</span> 
     </span>
     <span class='ocr_line' id='line_1_19' title="bbox 246 1362 2002 1416; baseline -0.002 -12"><span class='ocrx_word' id='word_1_183' title='bbox 246 1369 329 1404; x_wconf 90' lang='lat' dir='ltr'>tam</span> <span class='ocrx_word' id='word_1_184' title='bbox 359 1363 518 1410; x_wconf 83' lang='lat' dir='ltr'>audax,</span> <span class='ocrx_word' id='word_1_185' title='bbox 551 1363 622 1416; x_wconf 94' lang='lat' dir='ltr'>qui</span> <span class='ocrx_word' id='word_1_186' title='bbox 653 1368 864 1416; x_wconf 88' lang='lat' dir='ltr'>posceret,</span> <span class='ocrx_word' id='word_1_187' title='bbox 896 1376 1019 1402; x_wconf 90' lang='lat' dir='ltr'>nemo</span> <span class='ocrx_word' id='word_1_188' title='bbox 1054 1368 1134 1402; x_wconf 89' lang='lat' dir='ltr'>tam</span> <span class='ocrx_word' id='word_1_189' title='bbox 1166 1363 1407 1415; x_wconf 89' lang='lat' dir='ltr'>impudens,</span> <span class='ocrx_word' id='word_1_190' title='bbox 1447 1363 1518 1416; x_wconf 89' lang='lat' dir='ltr'>qui</span> <span class='ocrx_word' id='word_1_191' title='bbox 1550 1362 1783 1415; x_wconf 91' lang='lat' dir='ltr'>postularet</span> <span class='ocrx_word' id='word_1_192' title='bbox 1820 1366 1867 1402; x_wconf 94' lang='lat' dir='ltr'>ut</span> <span class='ocrx_word' id='word_1_193' title='bbox 1902 1375 2002 1401; x_wconf 87' lang='lat' dir='ltr'>ven-</span> 
     </span>
     <span class='ocr_line' id='line_1_20' title="bbox 246 1422 2001 1477; baseline -0.001 -13"><span class='ocrx_word' id='word_1_194' title='bbox 246 1425 375 1466; x_wconf 90' lang='lat' dir='ltr'>deret.</span> <span class='ocrx_word' id='word_1_195' title='bbox 434 1422 500 1464; x_wconf 77' lang='lat'>45.</span> <span class='ocrx_word' id='word_1_196' title='bbox 543 1425 777 1477; x_wconf 89' lang='lat' dir='ltr'>Superbum</span> <span class='ocrx_word' id='word_1_197' title='bbox 809 1430 871 1464; x_wconf 85' lang='lat' dir='ltr'>est</span> <span class='ocrx_word' id='word_1_198' title='bbox 901 1425 1032 1472; x_wconf 90' lang='lat' dir='ltr'>enim,</span> <span class='ocrx_word' id='word_1_199' title='bbox 1063 1425 1244 1473; x_wconf 87' lang='lat' dir='ltr'>iudices,</span> <span class='ocrx_word' id='word_1_200' title='bbox 1277 1431 1318 1465; x_wconf 90' lang='lat' dir='ltr'>et</span> <span class='ocrx_word' id='word_1_201' title='bbox 1348 1439 1430 1465; x_wconf 90' lang='lat' dir='ltr'>non</span> <span class='ocrx_word' id='word_1_202' title='bbox 1462 1425 1681 1465; x_wconf 66' lang='lat' dir='ltr'>ferendum</span> <span class='ocrx_word' id='word_1_203' title='bbox 1713 1424 1851 1464; x_wconf 88' lang='lat' dir='ltr'>dicere</span> <span class='ocrx_word' id='word_1_204' title='bbox 1882 1437 2001 1477; x_wconf 91' lang='lat' dir='ltr'>prae-</span> 
     </span>
     <span class='ocr_line' id='line_1_21' title="bbox 195 1485 2001 1541; baseline -0.003 -11"><span class='ocrx_word' id='word_1_205' title='bbox 195 1501 231 1530; x_wconf 77' lang='lat'>20</span> <span class='ocrx_word' id='word_1_206' title='bbox 246 1494 377 1528; x_wconf 92' lang='lat' dir='ltr'>torem</span> <span class='ocrx_word' id='word_1_207' title='bbox 406 1488 449 1527; x_wconf 91' lang='lat' dir='ltr'>in</span> <span class='ocrx_word' id='word_1_208' title='bbox 478 1487 696 1541; x_wconf 88' lang='lat' dir='ltr'>provincia</span> <span class='ocrx_word' id='word_1_209' title='bbox 724 1487 881 1526; x_wconf 91' lang='lat' dir='ltr'>homini</span> <span class='ocrx_word' id='word_1_210' title='bbox 912 1487 1110 1534; x_wconf 87' lang='lat' dir='ltr'>honesto,</span> <span class='ocrx_word' id='word_1_211' title='bbox 1149 1487 1372 1540; x_wconf 83' lang='lat' dir='ltr'>locupleti,</span> <span class='ocrx_word' id='word_1_212' title='bbox 1414 1487 1657 1540; x_wconf 87' lang='lat' dir='ltr'>splendido:</span> <span class='ocrx_word' id='word_1_213' title='bbox 1707 1485 1870 1526; x_wconf 80' lang='lat' dir='ltr'>«vende</span> <span class='ocrx_word' id='word_1_214' title='bbox 1901 1485 2001 1525; x_wconf 89' lang='lat' dir='ltr'>mihi</span> 
     </span>
     <span class='ocr_line' id='line_1_22' title="bbox 244 1549 2002 1603; baseline -0.002 -14"><span class='ocrx_word' id='word_1_215' title='bbox 244 1563 343 1590; x_wconf 88' lang='lat' dir='ltr'>vasa</span> <span class='ocrx_word' id='word_1_216' title='bbox 373 1549 567 1589; x_wconf 79' lang='lat' dir='ltr'>caelata.»</span> <span class='ocrx_word' id='word_1_217' title='bbox 616 1549 705 1589; x_wconf 84' lang='lat' dir='ltr'>Hoc</span> <span class='ocrx_word' id='word_1_218' title='bbox 738 1554 799 1589; x_wconf 90' lang='lat' dir='ltr'>est</span> <span class='ocrx_word' id='word_1_219' title='bbox 820 1550 929 1589; x_wconf 89' lang='lat' dir='ltr'>enim</span> <span class='ocrx_word' id='word_1_220' title='bbox 952 1550 1108 1589; x_wconf 86' lang='lat' dir='ltr'>dicere:</span> <span class='ocrx_word' id='word_1_221' title='bbox 1144 1563 1251 1589; x_wconf 79' lang='lat' dir='ltr'>«non</span> <span class='ocrx_word' id='word_1_222' title='bbox 1278 1564 1320 1589; x_wconf 89' lang='lat' dir='ltr'>es</span> <span class='ocrx_word' id='word_1_223' title='bbox 1343 1551 1492 1602; x_wconf 86' lang='lat' dir='ltr'>dignus</span> <span class='ocrx_word' id='word_1_224' title='bbox 1518 1555 1574 1597; x_wconf 86' lang='lat' dir='ltr'>tu,</span> <span class='ocrx_word' id='word_1_225' title='bbox 1608 1549 1679 1603; x_wconf 90' lang='lat' dir='ltr'>qui</span> <span class='ocrx_word' id='word_1_226' title='bbox 1710 1549 1864 1589; x_wconf 88' lang='lat' dir='ltr'>habeas</span> <span class='ocrx_word' id='word_1_227' title='bbox 1896 1560 2002 1602; x_wconf 89' lang='lat' dir='ltr'>quae</span> 
     </span>
     <span class='ocr_line' id='line_1_23' title="bbox 245 1611 2002 1664; baseline -0.001 -13"><span class='ocrx_word' id='word_1_228' title='bbox 245 1618 327 1652; x_wconf 90' lang='lat' dir='ltr'>tam</span> <span class='ocrx_word' id='word_1_229' title='bbox 356 1612 462 1651; x_wconf 89' lang='lat' dir='ltr'>bene</span> <span class='ocrx_word' id='word_1_230' title='bbox 492 1611 602 1651; x_wconf 86' lang='lat' dir='ltr'>facta</span> <span class='ocrx_word' id='word_1_231' title='bbox 632 1617 750 1651; x_wconf 89' lang='lat' dir='ltr'>sunt:</span> <span class='ocrx_word' id='word_1_232' title='bbox 791 1625 905 1651; x_wconf 88' lang='lat' dir='ltr'>meae</span> <span class='ocrx_word' id='word_1_233' title='bbox 945 1611 1157 1663; x_wconf 86' lang='lat' dir='ltr'>dignitatis</span> <span class='ocrx_word' id='word_1_234' title='bbox 1198 1612 1277 1651; x_wconf 86' lang='lat' dir='ltr'>ista</span> <span class='ocrx_word' id='word_1_235' title='bbox 1314 1618 1447 1651; x_wconf 77' lang='lat' dir='ltr'>sunt.»</span> <span class='ocrx_word' id='word_1_236' title='bbox 1511 1614 1572 1651; x_wconf 94' lang='lat' dir='ltr'>Tu</span> <span class='ocrx_word' id='word_1_237' title='bbox 1612 1612 1798 1664; x_wconf 85' lang='lat' dir='ltr'>dignior,</span> <span class='ocrx_word' id='word_1_238' title='bbox 1839 1611 2002 1657; x_wconf 84' lang='lat' dir='ltr'>VerreS,</span> 
     </span>
     <span class='ocr_line' id='line_1_24' title="bbox 245 1673 2000 1728; baseline -0.003 -13"><span class='ocrx_word' id='word_1_239' title='bbox 245 1688 371 1728; x_wconf 92' lang='lat' dir='ltr'>quam</span> <span class='ocrx_word' id='word_1_240' title='bbox 403 1674 616 1714; x_wconf 77' lang='lat' dir='ltr'>Calidius?</span> <span class='ocrx_word' id='word_1_241' title='bbox 649 1675 734 1727; x_wconf 92' lang='lat' dir='ltr'>qui,</span> <span class='ocrx_word' id='word_1_242' title='bbox 765 1680 810 1714; x_wconf 91' lang='lat' dir='ltr'>ut</span> <span class='ocrx_word' id='word_1_243' title='bbox 840 1687 925 1713; x_wconf 89' lang='lat' dir='ltr'>non</span> <span class='ocrx_word' id='word_1_244' title='bbox 957 1674 1167 1713; x_wconf 85' lang='lat' dir='ltr'>conferam</span> <span class='ocrx_word' id='word_1_245' title='bbox 1198 1675 1324 1713; x_wconf 75' lang='lat' dir='ltr'>vitam</span> <span class='ocrx_word' id='word_1_246' title='bbox 1357 1687 1493 1727; x_wconf 90' lang='lat' dir='ltr'>neque</span> <span class='ocrx_word' id='word_1_247' title='bbox 1516 1673 1865 1713; x_wconf 76' lang='lat' dir='ltr'>existimationem</span> <span class='ocrx_word' id='word_1_248' title='bbox 1889 1678 2000 1712; x_wconf 89' lang='lat' dir='ltr'>tuam</span> 
     </span>
     <span class='ocr_line' id='line_1_25' title="bbox 244 1734 2001 1789; baseline -0.001 -14"><span class='ocrx_word' id='word_1_249' title='bbox 244 1751 337 1776; x_wconf 91' lang='lat' dir='ltr'>cum</span> <span class='ocrx_word' id='word_1_250' title='bbox 367 1737 481 1776; x_wconf 91' lang='lat' dir='ltr'>illius</span> <span class='ocrx_word' id='word_1_251' title='bbox 511 1758 565 1764; x_wconf 89' lang='lat'>—</span> <span class='ocrx_word' id='word_1_252' title='bbox 596 1750 735 1789; x_wconf 89' lang='lat' dir='ltr'>neque</span> <span class='ocrx_word' id='word_1_253' title='bbox 767 1736 877 1776; x_wconf 91' lang='lat' dir='ltr'>enim</span> <span class='ocrx_word' id='word_1_254' title='bbox 910 1741 973 1775; x_wconf 91' lang='lat' dir='ltr'>est</span> <span class='ocrx_word' id='word_1_255' title='bbox 1003 1735 1255 1775; x_wconf 85' lang='lat' dir='ltr'>conferenda</span> <span class='ocrx_word' id='word_1_256' title='bbox 1285 1758 1351 1783; x_wconf 92' lang='lat'>—,</span> <span class='ocrx_word' id='word_1_257' title='bbox 1382 1736 1461 1775; x_wconf 88' lang='lat' dir='ltr'>hoc</span> <span class='ocrx_word' id='word_1_258' title='bbox 1494 1736 1630 1788; x_wconf 91' lang='lat' dir='ltr'>ipsum</span> <span class='ocrx_word' id='word_1_259' title='bbox 1662 1734 1886 1781; x_wconf 87' lang='lat' dir='ltr'>conferam,</span> <span class='ocrx_word' id='word_1_260' title='bbox 1919 1747 2001 1787; x_wconf 92' lang='lat' dir='ltr'>quo</span> 
     </span>
     <span class='ocr_line' id='line_1_26' title="bbox 194 1796 2003 1851; baseline -0.001 -13"><span class='ocrx_word' id='word_1_261' title='bbox 194 1813 231 1843; x_wconf 79' lang='lat'>25</span> <span class='ocrx_word' id='word_1_262' title='bbox 245 1803 290 1838; x_wconf 93' lang='lat' dir='ltr'>tu</span> <span class='ocrx_word' id='word_1_263' title='bbox 320 1803 360 1838; x_wconf 85' lang='lat' dir='ltr'>te</span> <span class='ocrx_word' id='word_1_264' title='bbox 391 1798 648 1851; x_wconf 89' lang='lat' dir='ltr'>superiorem</span> <span class='ocrx_word' id='word_1_265' title='bbox 679 1798 814 1851; x_wconf 85' lang='lat' dir='ltr'>fingis,</span> <span class='ocrx_word' id='word_1_266' title='bbox 848 1798 962 1851; x_wconf 87' lang='lat' dir='ltr'>quod</span> <span class='ocrx_word' id='word_1_267' title='bbox 994 1801 1070 1839; x_wconf 31' lang='lat'>11⁷5</span> <span class='ocrx_word' id='word_1_268' title='bbox 1105 1799 1186 1840; x_wconf 58' lang='lat' dir='ltr'>(Tm</span> <span class='ocrx_word' id='word_1_269' title='bbox 1220 1799 1487 1845; x_wconf 85' lang='lat' dir='ltr'>divisoribus,</span> <span class='ocrx_word' id='word_1_270' title='bbox 1519 1803 1564 1837; x_wconf 91' lang='lat' dir='ltr'>ut</span> <span class='ocrx_word' id='word_1_271' title='bbox 1594 1803 1760 1851; x_wconf 89' lang='lat' dir='ltr'>praetor</span> <span class='ocrx_word' id='word_1_272' title='bbox 1790 1796 2003 1836; x_wconf 85' lang='lat' dir='ltr'>renuntia-</span> 
     </span>
     <span class='ocr_line' id='line_1_27' title="bbox 244 1860 2004 1912; baseline -0.001 -12"><span class='ocrx_word' id='word_1_273' title='bbox 244 1874 354 1908; x_wconf 87' lang='lat' dir='ltr'>rere,</span> <span class='ocrx_word' id='word_1_274' title='bbox 394 1861 565 1909; x_wconf 82' lang='lat' dir='ltr'>dedisti3</span> <span class='ocrx_word' id='word_1_275' title='bbox 606 1860 636 1912; x_wconf 65' lang='grc' dir='ltr'>’ἶ-</span> <span class='ocrx_word' id='word_1_276' title='bbox 669 1865 853 1900; x_wconf 89' lang='lat' dir='ltr'>trecenta</span> <span class='ocrx_word' id='word_1_277' title='bbox 893 1861 1148 1908; x_wconf 84' lang='lat' dir='ltr'>accusatori,</span> <span class='ocrx_word' id='word_1_278' title='bbox 1187 1875 1240 1901; x_wconf 87' lang='lat' dir='ltr'>ne</span> <span class='ocrx_word' id='word_1_279' title='bbox 1270 1861 1345 1900; x_wconf 88' lang='lat' dir='ltr'>tibi</span> <span class='ocrx_word' id='word_1_280' title='bbox 1377 1862 1547 1901; x_wconf 92' lang='lat' dir='ltr'>odiosus</span> <span class='ocrx_word' id='word_1_281' title='bbox 1579 1866 1709 1900; x_wconf 88' lang='lat' dir='ltr'>esset:</span> <span class='ocrx_word' id='word_1_282' title='bbox 1751 1872 1799 1899; x_wconf 87' lang='lat' dir='ltr'>ea</span> <span class='ocrx_word' id='word_1_283' title='bbox 1829 1872 1874 1898; x_wconf 89' lang='lat' dir='ltr'>re</span> <span class='ocrx_word' id='word_1_284' title='bbox 1905 1872 2004 1898; x_wconf 90' lang='lat' dir='ltr'>con-</span> 
     </span>
     <span class='ocr_line' id='line_1_28' title="bbox 244 1922 2004 1977; baseline -0.001 -15"><span class='ocrx_word' id='word_1_285' title='bbox 244 1923 394 1964; x_wconf 90' lang='lat' dir='ltr'>temnis</span> <span class='ocrx_word' id='word_1_286' title='bbox 426 1928 663 1977; x_wconf 84' lang='lat' dir='ltr'>equestrem</span> <span class='ocrx_word' id='word_1_287' title='bbox 694 1922 885 1962; x_wconf 89' lang='lat' dir='ltr'>ordinem</span> <span class='ocrx_word' id='word_1_288' title='bbox 916 1929 955 1962; x_wconf 92' lang='lat' dir='ltr'>et</span> <span class='ocrx_word' id='word_1_289' title='bbox 986 1923 1194 1975; x_wconf 79' lang='lat' dir='ltr'>despicis?</span> <span class='ocrx_word' id='word_1_290' title='bbox 1239 1937 1288 1963; x_wconf 89' lang='lat' dir='ltr'>ea</span> <span class='ocrx_word' id='word_1_291' title='bbox 1318 1937 1361 1963; x_wconf 93' lang='lat' dir='ltr'>re</span> <span class='ocrx_word' id='word_1_292' title='bbox 1392 1924 1466 1963; x_wconf 86' lang='lat' dir='ltr'>tibi</span> <span class='ocrx_word' id='word_1_293' title='bbox 1509 1923 1725 1976; x_wconf 87' lang='lat' dir='ltr'>indignum</span> <span class='ocrx_word' id='word_1_294' title='bbox 1765 1922 1900 1961; x_wconf 79' lang='lat' dir='ltr'>visum</span> <span class='ocrx_word' id='word_1_295' title='bbox 1942 1929 2004 1961; x_wconf 86' lang='lat' dir='ltr'>est</span> 
     </span>
     <span class='ocr_line' id='line_1_29' title="bbox 245 1984 2002 2039; baseline -0.002 -14"><span class='ocrx_word' id='word_1_296' title='bbox 245 1986 498 2039; x_wconf 91' lang='lat' dir='ltr'>quidquam,</span> <span class='ocrx_word' id='word_1_297' title='bbox 531 1985 646 2039; x_wconf 91' lang='lat' dir='ltr'>quod</span> <span class='ocrx_word' id='word_1_298' title='bbox 676 1986 751 2024; x_wconf 92' lang='lat' dir='ltr'>tibi</span> <span class='ocrx_word' id='word_1_299' title='bbox 784 1985 980 2038; x_wconf 90' lang='lat' dir='ltr'>placeret,</span> <span class='ocrx_word' id='word_1_300' title='bbox 1013 1985 1218 2025; x_wconf 87' lang='lat' dir='ltr'>Calidium</span> <span class='ocrx_word' id='word_1_301' title='bbox 1250 1987 1388 2038; x_wconf 90' lang='lat' dir='ltr'>potius</span> <span class='ocrx_word' id='word_1_302' title='bbox 1421 1986 1573 2026; x_wconf 89' lang='lat' dir='ltr'>habere</span> <span class='ocrx_word' id='word_1_303' title='bbox 1605 1999 1730 2039; x_wconf 88' lang='lat' dir='ltr'>quam</span> <span class='ocrx_word' id='word_1_304' title='bbox 1760 1986 1829 2024; x_wconf 82' lang='lat' dir='ltr'>te?</span> <span class='ocrx_word' id='word_1_305' title='bbox 1888 1984 2002 2023; x_wconf 86' lang='lat' dir='ltr'>XXI.</span> 
     </span>
     <span class='ocr_line' id='line_1_30' title="bbox 243 2046 2003 2088; baseline -0.001 -1"><span class='ocrx_word' id='word_1_306' title='bbox 243 2046 309 2088; x_wconf 81' lang='lat'>46.</span> <span class='ocrx_word' id='word_1_307' title='bbox 340 2049 470 2088; x_wconf 87' lang='lat' dir='ltr'>Iactat</span> <span class='ocrx_word' id='word_1_308' title='bbox 499 2061 543 2088; x_wconf 91' lang='lat' dir='ltr'>se</span> <span class='ocrx_word' id='word_1_309' title='bbox 574 2048 656 2087; x_wconf 90' lang='lat' dir='ltr'>iam</span> <span class='ocrx_word' id='word_1_310' title='bbox 688 2048 847 2087; x_wconf 90' lang='lat' dir='ltr'>dudum</span> <span class='ocrx_word' id='word_1_311' title='bbox 878 2048 928 2087; x_wconf 92' lang='lat' dir='ltr'>de</span> <span class='ocrx_word' id='word_1_312' title='bbox 970 2048 1153 2088; x_wconf 84' lang='lat' dir='ltr'>Calidio:</span> <span class='ocrx_word' id='word_1_313' title='bbox 1193 2054 1332 2088; x_wconf 89' lang='lat' dir='ltr'>narrat</span> <span class='ocrx_word' id='word_1_314' title='bbox 1369 2049 1560 2088; x_wconf 89' lang='lat' dir='ltr'>omnibus</span> <span class='ocrx_word' id='word_1_315' title='bbox 1599 2048 1748 2087; x_wconf 89' lang='lat' dir='ltr'>emisse</span> <span class='ocrx_word' id='word_1_316' title='bbox 1779 2060 1836 2087; x_wconf 91' lang='lat' dir='ltr'>se.</span> <span class='ocrx_word' id='word_1_317' title='bbox 1896 2048 2003 2086; x_wconf 89' lang='lat' dir='ltr'>Num</span> 
     </span>
     <span class='ocr_line' id='line_1_31' title="bbox 193 2110 2002 2163; baseline -0.001 -13"><span class='ocrx_word' id='word_1_318' title='bbox 193 2127 229 2156; x_wconf 84' lang='lat'>30</span> <span class='ocrx_word' id='word_1_319' title='bbox 243 2111 368 2150; x_wconf 87' lang='lat' dir='ltr'>etiam</span> <span class='ocrx_word' id='word_1_320' title='bbox 400 2111 450 2151; x_wconf 92' lang='lat' dir='ltr'>de</span> <span class='ocrx_word' id='word_1_321' title='bbox 481 2111 527 2149; x_wconf 91' lang='lat' dir='ltr'>L.</span> <span class='ocrx_word' id='word_1_322' title='bbox 558 2111 744 2163; x_wconf 88' lang='lat' dir='ltr'>Papinio,</span> <span class='ocrx_word' id='word_1_323' title='bbox 775 2111 864 2151; x_wconf 68' lang='lat' dir='ltr'>viro</span> <span class='ocrx_word' id='word_1_324' title='bbox 896 2111 1107 2163; x_wconf 88' lang='lat' dir='ltr'>primario,</span> <span class='ocrx_word' id='word_1_325' title='bbox 1138 2111 1339 2163; x_wconf 83' lang='lat' dir='ltr'>locupleti</span> <span class='ocrx_word' id='word_1_326' title='bbox 1366 2111 1630 2163; x_wconf 89' lang='lat' dir='ltr'>honestoque</span> <span class='ocrx_word' id='word_1_327' title='bbox 1653 2110 1794 2163; x_wconf 88' lang='lat' dir='ltr'>equite</span> <span class='ocrx_word' id='word_1_328' title='bbox 1815 2111 2002 2149; x_wconf 87' lang='lat' dir='ltr'>Romano</span> 
     </span>
     <span class='ocr_line' id='line_1_32' title="bbox 245 2171 2005 2226; baseline -0.001 -14"><span class='ocrx_word' id='word_1_329' title='bbox 245 2172 470 2212; x_wconf 87' lang='lat' dir='ltr'>turibulum</span> <span class='ocrx_word' id='word_1_330' title='bbox 513 2173 684 2212; x_wconf 84' lang='lat' dir='ltr'>emisti?</span> <span class='ocrx_word' id='word_1_331' title='bbox 726 2174 798 2226; x_wconf 88' lang='lat' dir='ltr'>qui</span> <span class='ocrx_word' id='word_1_332' title='bbox 838 2187 910 2226; x_wconf 90' lang='lat' dir='ltr'>pro</span> <span class='ocrx_word' id='word_1_333' title='bbox 950 2173 1191 2213; x_wconf 87' lang='lat' dir='ltr'>testimonio</span> <span class='ocrx_word' id='word_1_334' title='bbox 1235 2173 1341 2211; x_wconf 83' lang='lat' dir='ltr'>dixit</span> <span class='ocrx_word' id='word_1_335' title='bbox 1371 2179 1432 2219; x_wconf 89' lang='lat' dir='ltr'>te,</span> <span class='ocrx_word' id='word_1_336' title='bbox 1477 2186 1565 2211; x_wconf 86' lang='lat' dir='ltr'>cum</span> <span class='ocrx_word' id='word_1_337' title='bbox 1597 2171 1898 2224; x_wconf 86' lang='lat' dir='ltr'>inspiciendum</span> <span class='ocrx_word' id='word_1_338' title='bbox 1928 2185 2005 2224; x_wconf 94' lang='lat' dir='ltr'>po—</span> 
     </span>
     <span class='ocr_line' id='line_1_33' title="bbox 242 2234 2004 2288; baseline -0.002 -13"><span class='ocrx_word' id='word_1_339' title='bbox 242 2236 473 2288; x_wconf 89' lang='lat' dir='ltr'>poscisses,</span> <span class='ocrx_word' id='word_1_340' title='bbox 505 2235 648 2275; x_wconf 87' lang='lat' dir='ltr'>evulso</span> <span class='ocrx_word' id='word_1_341' title='bbox 680 2235 927 2274; x_wconf 89' lang='lat' dir='ltr'>emblemate</span> <span class='ocrx_word' id='word_1_342' title='bbox 959 2236 1191 2275; x_wconf 86' lang='lat' dir='ltr'>remisisse:</span> <span class='ocrx_word' id='word_1_343' title='bbox 1232 2240 1277 2275; x_wconf 89' lang='lat' dir='ltr'>ut</span> <span class='ocrx_word' id='word_1_344' title='bbox 1307 2234 1550 2287; x_wconf 82' lang='lat' dir='ltr'>intelligatis</span> <span class='ocrx_word' id='word_1_345' title='bbox 1581 2235 1622 2273; x_wconf 93' lang='lat' dir='ltr'>in</span> <span class='ocrx_word' id='word_1_346' title='bbox 1653 2234 1819 2273; x_wconf 89' lang='lat' dir='ltr'>homine</span> <span class='ocrx_word' id='word_1_347' title='bbox 1850 2234 2004 2274; x_wconf 89' lang='lat' dir='ltr'>intelli-</span> 
     </span>
     <span class='ocr_line' id='line_1_34' title="bbox 243 2295 2004 2350; baseline -0.001 -13"><span class='ocrx_word' id='word_1_348' title='bbox 243 2298 423 2350; x_wconf 86' lang='lat' dir='ltr'>gentiam</span> <span class='ocrx_word' id='word_1_349' title='bbox 455 2310 567 2345; x_wconf 90' lang='lat' dir='ltr'>esse,</span> <span class='ocrx_word' id='word_1_350' title='bbox 599 2310 684 2337; x_wconf 91' lang='lat' dir='ltr'>non</span> <span class='ocrx_word' id='word_1_351' title='bbox 714 2297 952 2345; x_wconf 81' lang='lat' dir='ltr'>avaritiam3</span> <span class='ocrx_word' id='word_1_352' title='bbox 983 2297 1145 2337; x_wconf 87' lang='lat' dir='ltr'>artificii</span> <span class='ocrx_word' id='word_1_353' title='bbox 1178 2297 1394 2350; x_wconf 89' lang='lat' dir='ltr'>cupidum,</span> <span class='ocrx_word' id='word_1_354' title='bbox 1425 2311 1509 2337; x_wconf 89' lang='lat' dir='ltr'>non</span> <span class='ocrx_word' id='word_1_355' title='bbox 1540 2297 1699 2350; x_wconf 85' lang='lat' dir='ltr'>argenti</span> <span class='ocrx_word' id='word_1_356' title='bbox 1727 2295 1871 2336; x_wconf 84' lang='lat' dir='ltr'>fuisse.</span> <span class='ocrx_word' id='word_1_357' title='bbox 1919 2297 2004 2336; x_wconf 87' lang='lat' dir='ltr'>Nec</span> 
     </span>
    </p>
   </div>
   <div class='ocr_carea' id='block_1_3' title="bbox 241 2519 2000 2603">
    <p class='ocr_par' dir='ltr' id='par_1_3' title="bbox 241 2519 2000 2603">
     <span class='ocr_line' id='line_1_35' title="bbox 329 2519 1998 2562; baseline -0.001 -9"><span class='ocrx_word' id='word_1_358' title='bbox 329 2523 358 2553; x_wconf 76' lang='lat'>4.</span> <span class='ocrx_word' id='word_1_359' title='bbox 385 2530 407 2552; x_wconf 90' lang='lat' dir='ltr'>a</span> <span class='ocrx_word' id='word_1_360' title='bbox 430 2525 460 2553; x_wconf 84' lang='lat' dir='ltr'>te</span> <span class='ocrx_word' id='word_1_361' title='bbox 482 2521 528 2553; x_wconf 84' lang='lat' dir='ltr'>R3</span> <span class='ocrx_word' id='word_1_362' title='bbox 554 2519 584 2552; x_wconf 80' lang='grc' dir='ltr'>λ,</span> <span class='ocrx_word' id='word_1_363' title='bbox 607 2537 641 2542; x_wconf 86' lang='lat'>—-</span> <span class='ocrx_word' id='word_1_364' title='bbox 662 2524 845 2552; x_wconf 77' lang='lat' dir='ltr'>contentum</span> <span class='ocrx_word' id='word_1_365' title='bbox 869 2521 893 2552; x_wconf 76' lang='lat' dir='ltr'>R</span> <span class='ocrx_word' id='word_1_366' title='bbox 920 2520 950 2560; x_wconf 81' lang='lat' dir='ltr'>(p</span> <span class='ocrx_word' id='word_1_367' title='bbox 975 2530 1052 2562; x_wconf 86' lang='lat' dir='ltr'>sup.</span> <span class='ocrx_word' id='word_1_368' title='bbox 1079 2521 1136 2553; x_wconf 88' lang='lat' dir='ltr'>lin.</span> <span class='ocrx_word' id='word_1_369' title='bbox 1163 2521 1295 2553; x_wconf 84' lang='lat' dir='ltr'>addidit</span> <span class='ocrx_word' id='word_1_370' title='bbox 1318 2531 1364 2554; x_wconf 90' lang='lat' dir='ltr'>m.</span> <span class='ocrx_word' id='word_1_371' title='bbox 1391 2522 1433 2561; x_wconf 68' lang='grc' dir='ltr'>Ξ.)</span> <span class='ocrx_word' id='word_1_372' title='bbox 1455 2539 1487 2543; x_wconf 88' lang='grc'>-</span> <span class='ocrx_word' id='word_1_373' title='bbox 1508 2521 1539 2552; x_wconf 72' lang='grc'>’2.</span> <span class='ocrx_word' id='word_1_374' title='bbox 1566 2521 1803 2561; x_wconf 80' lang='lat' dir='ltr'>despoliaretur</span> <span class='ocrx_word' id='word_1_375' title='bbox 1826 2522 1870 2553; x_wconf 89' lang='lat' dir='ltr'>R:</span> <span class='ocrx_word' id='word_1_376' title='bbox 1897 2521 1998 2561; x_wconf 87' lang='lat' dir='ltr'>dispo·</span> 
     </span>
     <span class='ocr_line' id='line_1_36' title="bbox 241 2568 2000 2603; baseline -0.001 -1"><span class='ocrx_word' id='word_1_377' title='bbox 241 2570 381 2603; x_wconf 82' lang='lat' dir='ltr'>liaretur</span> <span class='ocrx_word' id='word_1_378' title='bbox 404 2572 428 2603; x_wconf 90' lang='lat' dir='ltr'>E</span> <span class='ocrx_word' id='word_1_379' title='bbox 453 2573 494 2603; x_wconf 75' lang='lat' dir='ltr'>Gt</span> <span class='ocrx_word' id='word_1_380' title='bbox 517 2572 535 2603; x_wconf 75' lang='grc' dir='ltr'>Ξ.)</span> <span class='ocrx_word' id='word_1_381' title='bbox 561 2570 646 2602; x_wconf 80' lang='lat' dir='ltr'>dett.</span> <span class='ocrx_word' id='word_1_382' title='bbox 673 2572 710 2602; x_wconf 92' lang='lat' dir='ltr'>O.</span> <span class='ocrx_word' id='word_1_383' title='bbox 731 2588 765 2592; x_wconf 88' lang='lat'>—-</span> <span class='ocrx_word' id='word_1_384' title='bbox 785 2571 903 2602; x_wconf 80' lang='lat' dir='ltr'>Siculis</span> <span class='ocrx_word' id='word_1_385' title='bbox 918 2588 966 2593; x_wconf 91' lang='lat'>--</span> <span class='ocrx_word' id='word_1_386' title='bbox 982 2575 1011 2602; x_wconf 81' lang='lat' dir='ltr'>et</span> <span class='ocrx_word' id='word_1_387' title='bbox 1033 2581 1106 2602; x_wconf 79' lang='lat' dir='ltr'>cum</span> <span class='ocrx_word' id='word_1_388' title='bbox 1130 2573 1243 2603; x_wconf 82' lang='lat' dir='ltr'>ceteris</span> <span class='ocrx_word' id='word_1_389' title='bbox 1267 2580 1335 2603; x_wconf 88' lang='lat' dir='ltr'>om.</span> <span class='ocrx_word' id='word_1_390' title='bbox 1364 2571 1423 2603; x_wconf 85' lang='lat' dir='ltr'>Ld.</span> <span class='ocrx_word' id='word_1_391' title='bbox 1443 2589 1478 2592; x_wconf 97' lang='lat'><strong>—</strong></span> <span class='ocrx_word' id='word_1_392' title='bbox 1499 2571 1528 2601; x_wconf 84' lang='grc'>3.</span> <span class='ocrx_word' id='word_1_393' title='bbox 1556 2571 1588 2601; x_wconf 83' lang='lat' dir='ltr'>id</span> <span class='ocrx_word' id='word_1_394' title='bbox 1611 2572 1636 2602; x_wconf 85' lang='lat' dir='ltr'>R</span> <span class='ocrx_word' id='word_1_395' title='bbox 1654 2571 1694 2601; x_wconf 75' lang='lat' dir='ltr'>Gt</span> <span class='ocrx_word' id='word_1_396' title='bbox 1717 2571 1736 2601; x_wconf 72' lang='lat'><strong>2</strong></span> <span class='ocrx_word' id='word_1_397' title='bbox 1760 2571 1803 2602; x_wconf 87' lang='lat' dir='ltr'>L:</span> <span class='ocrx_word' id='word_1_398' title='bbox 1831 2578 1899 2602; x_wconf 88' lang='lat' dir='ltr'>om.</span> <span class='ocrx_word' id='word_1_399' title='bbox 1926 2568 2000 2601; x_wconf 88' lang='lat' dir='ltr'>rell.</span> 
     </span>
    </p>
   </div>
   <div class='ocr_carea' id='block_1_4' title="bbox 242 2619 2003 2761">
    <p class='ocr_par' dir='ltr' id='par_1_4' title="bbox 242 2619 2003 2761">
     <span class='ocr_line' id='line_1_37' title="bbox 243 2619 2001 2661; baseline -0.001 -9"><span class='ocrx_word' id='word_1_400' title='bbox 243 2622 279 2652; x_wconf 94' lang='lat' dir='ltr'>O.</span> <span class='ocrx_word' id='word_1_401' title='bbox 318 2620 404 2661; x_wconf 88' lang='lat' dir='ltr'>[Non</span> <span class='ocrx_word' id='word_1_402' title='bbox 429 2621 530 2652; x_wconf 85' lang='lat' dir='ltr'>deest</span> <span class='ocrx_word' id='word_1_403' title='bbox 552 2622 586 2652; x_wconf 80' lang='lat' dir='ltr'>id</span> <span class='ocrx_word' id='word_1_404' title='bbox 615 2621 648 2652; x_wconf 92' lang='lat' dir='ltr'>in</span> <span class='ocrx_word' id='word_1_405' title='bbox 674 2622 789 2661; x_wconf 53' lang='lat' dir='ltr'>Lag-gg]</span> <span class='ocrx_word' id='word_1_406' title='bbox 816 2639 850 2642; x_wconf 90' lang='lat'>—</span> <span class='ocrx_word' id='word_1_407' title='bbox 878 2621 909 2653; x_wconf 46' lang='lat'>4».</span> <span class='ocrx_word' id='word_1_408' title='bbox 937 2622 998 2653; x_wconf 83' lang='lat' dir='ltr'>Gn.</span> <span class='ocrx_word' id='word_1_409' title='bbox 1025 2622 1155 2653; x_wconf 80' lang='lat' dir='ltr'>callidio</span> <span class='ocrx_word' id='word_1_410' title='bbox 1180 2623 1216 2653; x_wconf 79' lang='lat' dir='ltr'>R.</span> <span class='ocrx_word' id='word_1_411' title='bbox 1237 2640 1270 2643; x_wconf 97' lang='lat'><strong>—</strong></span> <span class='ocrx_word' id='word_1_412' title='bbox 1291 2622 1481 2653; x_wconf 74' lang='lat' dir='ltr'>redderetur</span> <span class='ocrx_word' id='word_1_413' title='bbox 1504 2620 1589 2652; x_wconf 82' lang='lat' dir='ltr'>dett.</span> <span class='ocrx_word' id='word_1_414' title='bbox 1616 2621 1717 2661; x_wconf 79' lang='lat' dir='ltr'>Lagg.</span> <span class='ocrx_word' id='word_1_415' title='bbox 1742 2638 1777 2642; x_wconf 91' lang='lat'>—</span> <span class='ocrx_word' id='word_1_416' title='bbox 1797 2620 1828 2652; x_wconf 87' lang='grc'>6.</span> <span class='ocrx_word' id='word_1_417' title='bbox 1854 2619 2001 2661; x_wconf 80' lang='lat' dir='ltr'>denique]</span> 
     </span>
     <span class='ocr_line' id='line_1_38' title="bbox 242 2669 2003 2708; baseline -0.001 -7"><span class='ocrx_word' id='word_1_418' title='bbox 242 2671 355 2702; x_wconf 82' lang='lat' dir='ltr'>deinde</span> <span class='ocrx_word' id='word_1_419' title='bbox 387 2671 433 2702; x_wconf 75' lang='lat'>(32</span> <span class='ocrx_word' id='word_1_420' title='bbox 464 2670 525 2702; x_wconf 90' lang='lat' dir='ltr'>Ld.</span> <span class='ocrx_word' id='word_1_421' title='bbox 558 2672 594 2702; x_wconf 94' lang='lat' dir='ltr'>L.</span> <span class='ocrx_word' id='word_1_422' title='bbox 627 2670 721 2702; x_wconf 65' lang='lat'>4584.</span> <span class='ocrx_word' id='word_1_423' title='bbox 751 2688 784 2691; x_wconf 79' lang='lat'>—</span> <span class='ocrx_word' id='word_1_424' title='bbox 812 2671 842 2702; x_wconf 81' lang='lat'>8.</span> <span class='ocrx_word' id='word_1_425' title='bbox 878 2671 1010 2702; x_wconf 61' lang='lat' dir='ltr'>Curtilio</span> <span class='ocrx_word' id='word_1_426' title='bbox 1037 2673 1062 2703; x_wconf 75' lang='lat' dir='ltr'>R</span> <span class='ocrx_word' id='word_1_427' title='bbox 1086 2671 1106 2702; x_wconf 81' lang='grc' dir='ltr'><em>λ</em></span> <span class='ocrx_word' id='word_1_428' title='bbox 1130 2672 1171 2703; x_wconf 73' lang='lat' dir='ltr'>Gt</span> <span class='ocrx_word' id='word_1_429' title='bbox 1194 2672 1230 2702; x_wconf 77' lang='lat'>⁶2:</span> <span class='ocrx_word' id='word_1_430' title='bbox 1269 2672 1421 2703; x_wconf 63' lang='lat' dir='ltr'>Curi-idio</span> <span class='ocrx_word' id='word_1_431' title='bbox 1452 2671 1520 2704; x_wconf 69' lang='lat' dir='ltr'>Ldz</span> <span class='ocrx_word' id='word_1_432' title='bbox 1558 2670 1675 2701; x_wconf 87' lang='lat' dir='ltr'>Cordio</span> <span class='ocrx_word' id='word_1_433' title='bbox 1704 2669 1787 2701; x_wconf 82' lang='lat' dir='ltr'>dett.</span> <span class='ocrx_word' id='word_1_434' title='bbox 1819 2669 1861 2708; x_wconf 90' lang='grc' dir='ltr'>Ο,</span> <span class='ocrx_word' id='word_1_435' title='bbox 1895 2669 2003 2700; x_wconf 78' lang='lat' dir='ltr'>etsie</span> 
     </span>
     <span class='ocr_line' id='line_1_39' title="bbox 242 2716 2001 2761; baseline -0.001 -10"><span class='ocrx_word' id='word_1_436' title='bbox 242 2723 376 2761; x_wconf 81' lang='lat' dir='ltr'>postea.</span> <span class='ocrx_word' id='word_1_437' title='bbox 404 2739 438 2743; x_wconf 97' lang='lat'><strong>—</strong></span> <span class='ocrx_word' id='word_1_438' title='bbox 466 2724 495 2752; x_wconf 85' lang='lat' dir='ltr'>te</span> <span class='ocrx_word' id='word_1_439' title='bbox 518 2730 592 2761; x_wconf 71' lang='lat' dir='ltr'>ary.</span> <span class='ocrx_word' id='word_1_440' title='bbox 620 2720 684 2751; x_wconf 84' lang='lat' dir='ltr'>R3:</span> <span class='ocrx_word' id='word_1_441' title='bbox 714 2723 743 2751; x_wconf 87' lang='lat' dir='ltr'>te</span> <span class='ocrx_word' id='word_1_442' title='bbox 767 2729 835 2751; x_wconf 84' lang='lat' dir='ltr'>om.</span> <span class='ocrx_word' id='word_1_443' title='bbox 863 2720 946 2751; x_wconf 80' lang='lat' dir='ltr'>dett.</span> <span class='ocrx_word' id='word_1_444' title='bbox 974 2722 1010 2751; x_wconf 92' lang='lat' dir='ltr'>O.</span> <span class='ocrx_word' id='word_1_445' title='bbox 1039 2739 1073 2742; x_wconf 97' lang='lat'><strong>—</strong></span> <span class='ocrx_word' id='word_1_446' title='bbox 1102 2722 1153 2753; x_wconf 75' lang='lat'>110.</span> <span class='ocrx_word' id='word_1_447' title='bbox 1180 2721 1296 2760; x_wconf 80' lang='lat' dir='ltr'>compl.</span> <span class='ocrx_word' id='word_1_448' title='bbox 1322 2720 1406 2760; x_wconf 77' lang='lat' dir='ltr'>conf.</span> <span class='ocrx_word' id='word_1_449' title='bbox 1435 2721 1478 2758; x_wconf 71' lang='lat' dir='ltr'>R,</span> <span class='ocrx_word' id='word_1_450' title='bbox 1506 2721 1614 2759; x_wconf 73' lang='lat' dir='ltr'>Lagg:</span> <span class='ocrx_word' id='word_1_451' title='bbox 1646 2719 1730 2759; x_wconf 80' lang='lat' dir='ltr'>conf.</span> <span class='ocrx_word' id='word_1_452' title='bbox 1756 2719 1873 2759; x_wconf 81' lang='lat' dir='ltr'>compl.</span> <span class='ocrx_word' id='word_1_453' title='bbox 1897 2716 1918 2749; x_wconf 81' lang='grc' dir='ltr'><strong><em>λ</em></strong></span> <span class='ocrx_word' id='word_1_454' title='bbox 1943 2717 2001 2749; x_wconf 90' lang='lat' dir='ltr'>G3.</span> 
     </span>
    </p>
   </div>
   <div class='ocr_carea' id='block_1_5' title="bbox 243 2767 2005 2961">
    <p class='ocr_par' dir='ltr' id='par_1_5' title="bbox 243 2767 2005 2961">
     <span class='ocr_line' id='line_1_40' title="bbox 245 2767 2000 2811; baseline -0.002 -9"><span class='ocrx_word' id='word_1_455' title='bbox 245 2787 280 2792; x_wconf 85' lang='lat'>—</span> <span class='ocrx_word' id='word_1_456' title='bbox 309 2772 360 2803; x_wconf 75' lang='lat'>44.</span> <span class='ocrx_word' id='word_1_457' title='bbox 391 2772 533 2803; x_wconf 81' lang='lat' dir='ltr'>reddisse</span> <span class='ocrx_word' id='word_1_458' title='bbox 556 2772 593 2802; x_wconf 84' lang='lat' dir='ltr'>R.</span> <span class='ocrx_word' id='word_1_459' title='bbox 622 2787 656 2791; x_wconf 90' lang='lat'>-—</span> <span class='ocrx_word' id='word_1_460' title='bbox 689 2771 818 2809; x_wconf 78' lang='lat' dir='ltr'>praeda</span> <span class='ocrx_word' id='word_1_461' title='bbox 843 2773 872 2801; x_wconf 87' lang='lat' dir='ltr'>te</span> <span class='ocrx_word' id='word_1_462' title='bbox 900 2772 924 2801; x_wconf 76' lang='grc' dir='ltr'><em>Β</em></span> <span class='ocrx_word' id='word_1_463' title='bbox 949 2769 987 2801; x_wconf 66' lang='grc' dir='ltr'>λς</span> <span class='ocrx_word' id='word_1_464' title='bbox 1024 2772 1156 2811; x_wconf 75' lang='lat' dir='ltr'>pridale</span> <span class='ocrx_word' id='word_1_465' title='bbox 1178 2771 1247 2810; x_wconf 81' lang='lat' dir='ltr'>Ld3</span> <span class='ocrx_word' id='word_1_466' title='bbox 1281 2775 1311 2802; x_wconf 86' lang='lat' dir='ltr'>te</span> <span class='ocrx_word' id='word_1_467' title='bbox 1329 2771 1460 2810; x_wconf 80' lang='lat' dir='ltr'>praeda</span> <span class='ocrx_word' id='word_1_468' title='bbox 1484 2770 1567 2801; x_wconf 84' lang='lat' dir='ltr'>dett.</span> <span class='ocrx_word' id='word_1_469' title='bbox 1595 2770 1631 2801; x_wconf 93' lang='lat' dir='ltr'>O.</span> <span class='ocrx_word' id='word_1_470' title='bbox 1660 2787 1695 2790; x_wconf 97' lang='lat'><strong>—</strong></span> <span class='ocrx_word' id='word_1_471' title='bbox 1724 2770 1776 2801; x_wconf 75' lang='lat'>42.</span> <span class='ocrx_word' id='word_1_472' title='bbox 1802 2769 1918 2801; x_wconf 78' lang='lat' dir='ltr'>emissa</span> <span class='ocrx_word' id='word_1_473' title='bbox 1942 2767 2000 2799; x_wconf 89' lang='lat' dir='ltr'>G3.</span> 
     </span>
     <span class='ocr_line' id='line_1_41' title="bbox 244 2816 2005 2862; baseline -0.002 -11"><span class='ocrx_word' id='word_1_474' title='bbox 244 2820 299 2862; x_wconf 86' lang='lat' dir='ltr'>(cs.</span> <span class='ocrx_word' id='word_1_475' title='bbox 326 2829 359 2861; x_wconf 89' lang='lat' dir='ltr'>p.</span> <span class='ocrx_word' id='word_1_476' title='bbox 388 2820 479 2852; x_wconf 83' lang='lat' dir='ltr'>Cael.</span> <span class='ocrx_word' id='word_1_477' title='bbox 507 2820 537 2860; x_wconf 68' lang='grc' dir='ltr'>ἓ.</span> <span class='ocrx_word' id='word_1_478' title='bbox 554 2819 606 2851; x_wconf 73' lang='lat'>6⁵..</span> <span class='ocrx_word' id='word_1_479' title='bbox 636 2820 721 2859; x_wconf 78' lang='lat'>66.):</span> <span class='ocrx_word' id='word_1_480' title='bbox 749 2821 869 2851; x_wconf 82' lang='lat' dir='ltr'>amissa</span> <span class='ocrx_word' id='word_1_481' title='bbox 895 2821 931 2857; x_wconf 69' lang='lat' dir='ltr'>R.</span> <span class='ocrx_word' id='word_1_482' title='bbox 959 2820 1042 2852; x_wconf 81' lang='lat' dir='ltr'>dett.</span> <span class='ocrx_word' id='word_1_483' title='bbox 1070 2822 1107 2852; x_wconf 92' lang='grc' dir='ltr'>Ο.</span> <span class='ocrx_word' id='word_1_484' title='bbox 1128 2839 1163 2843; x_wconf 82' lang='lat'>—</span> <span class='ocrx_word' id='word_1_485' title='bbox 1184 2822 1235 2852; x_wconf 73' lang='lat'>43.</span> <span class='ocrx_word' id='word_1_486' title='bbox 1262 2821 1366 2860; x_wconf 81' lang='lat' dir='ltr'>equite</span> <span class='ocrx_word' id='word_1_487' title='bbox 1388 2821 1425 2851; x_wconf 81' lang='lat' dir='ltr'>R.</span> <span class='ocrx_word' id='word_1_488' title='bbox 1449 2828 1509 2859; x_wconf 84' lang='lat' dir='ltr'>per</span> <span class='ocrx_word' id='word_1_489' title='bbox 1536 2819 1639 2849; x_wconf 81' lang='lat' dir='ltr'>omnis</span> <span class='ocrx_word' id='word_1_490' title='bbox 1661 2820 1698 2851; x_wconf 88' lang='lat' dir='ltr'>R.</span> <span class='ocrx_word' id='word_1_491' title='bbox 1726 2836 1761 2841; x_wconf 90' lang='lat'><em>-</em></span> <span class='ocrx_word' id='word_1_492' title='bbox 1788 2827 1861 2859; x_wconf 75' lang='lat' dir='ltr'>ary.</span> <span class='ocrx_word' id='word_1_493' title='bbox 1887 2816 2005 2848; x_wconf 80' lang='lat' dir='ltr'>habere</span> 
     </span>
     <span class='ocr_line' id='line_1_42' title="bbox 244 2867 2005 2911; baseline -0.001 -11"><span class='ocrx_word' id='word_1_494' title='bbox 244 2869 329 2901; x_wconf 84' lang='lat' dir='ltr'>dett.</span> <span class='ocrx_word' id='word_1_495' title='bbox 357 2871 395 2902; x_wconf 92' lang='grc' dir='ltr'>Ο.</span> <span class='ocrx_word' id='word_1_496' title='bbox 422 2888 457 2892; x_wconf 88' lang='grc'><strong>-</strong></span> <span class='ocrx_word' id='word_1_497' title='bbox 485 2870 536 2901; x_wconf 66' lang='grc'>16.</span> <span class='ocrx_word' id='word_1_498' title='bbox 564 2870 641 2910; x_wconf 75' lang='lat' dir='ltr'>imp.</span> <span class='ocrx_word' id='word_1_499' title='bbox 667 2879 707 2900; x_wconf 72' lang='grc' dir='ltr'>α(-</span> <span class='ocrx_word' id='word_1_500' title='bbox 728 2874 795 2909; x_wconf 76' lang='lat' dir='ltr'>pot.</span> <span class='ocrx_word' id='word_1_501' title='bbox 822 2870 906 2901; x_wconf 86' lang='lat' dir='ltr'>dett.</span> <span class='ocrx_word' id='word_1_502' title='bbox 933 2871 970 2909; x_wconf 84' lang='lat' dir='ltr'>O,</span> <span class='ocrx_word' id='word_1_503' title='bbox 998 2873 1034 2901; x_wconf 84' lang='lat' dir='ltr'>ut</span> <span class='ocrx_word' id='word_1_504' title='bbox 1059 2872 1088 2911; x_wconf 60' lang='lat'>5¹.</span> <span class='ocrx_word' id='word_1_505' title='bbox 1116 2871 1168 2903; x_wconf 77' lang='grc'><strong>4-9.</strong></span> <span class='ocrx_word' id='word_1_506' title='bbox 1195 2872 1280 2902; x_wconf 77' lang='lat' dir='ltr'>extr.</span> <span class='ocrx_word' id='word_1_507' title='bbox 1309 2887 1343 2891; x_wconf 84' lang='lat'><em>-</em></span> <span class='ocrx_word' id='word_1_508' title='bbox 1372 2871 1423 2901; x_wconf 72' lang='lat'>48.</span> <span class='ocrx_word' id='word_1_509' title='bbox 1449 2870 1607 2909; x_wconf 43' lang='lat' dir='ltr'>*inpudens</span> <span class='ocrx_word' id='word_1_510' title='bbox 1630 2870 1667 2900; x_wconf 71' lang='lat' dir='ltr'>li.</span> <span class='ocrx_word' id='word_1_511' title='bbox 1688 2886 1722 2890; x_wconf 84' lang='lat'>—</span> <span class='ocrx_word' id='word_1_512' title='bbox 1749 2869 1803 2900; x_wconf 60' lang='grc' dir='ltr'>Ἦ.</span> <span class='ocrx_word' id='word_1_513' title='bbox 1828 2868 1920 2908; x_wconf 77' lang='lat' dir='ltr'>facta</span> <span class='ocrx_word' id='word_1_514' title='bbox 1941 2867 2005 2898; x_wconf 72' lang='lat' dir='ltr'>sint</span> 
     </span>
     <span class='ocr_line' id='line_1_43' title="bbox 243 2916 2000 2961; baseline -0.003 -10"><span class='ocrx_word' id='word_1_515' title='bbox 243 2919 305 2951; x_wconf 87' lang='lat' dir='ltr'>Ld.</span> <span class='ocrx_word' id='word_1_516' title='bbox 332 2920 417 2951; x_wconf 85' lang='lat' dir='ltr'>dett.</span> <span class='ocrx_word' id='word_1_517' title='bbox 443 2921 481 2952; x_wconf 90' lang='lat' dir='ltr'>O.</span> <span class='ocrx_word' id='word_1_518' title='bbox 501 2938 535 2941; x_wconf 97' lang='lat'><strong>—</strong></span> <span class='ocrx_word' id='word_1_519' title='bbox 564 2920 616 2951; x_wconf 71' lang='lat'>23.</span> <span class='ocrx_word' id='word_1_520' title='bbox 643 2920 799 2951; x_wconf 78' lang='lat' dir='ltr'>Calidius.</span> <span class='ocrx_word' id='word_1_521' title='bbox 828 2920 913 2959; x_wconf 80' lang='lat' dir='ltr'>Oui?</span> <span class='ocrx_word' id='word_1_522' title='bbox 936 2924 971 2950; x_wconf 80' lang='lat' dir='ltr'>ut</span> <span class='ocrx_word' id='word_1_523' title='bbox 994 2930 1057 2951; x_wconf 69' lang='lat' dir='ltr'>von</span> <span class='ocrx_word' id='word_1_524' title='bbox 1084 2922 1173 2953; x_wconf 85' lang='lat' dir='ltr'>coni.</span> <span class='ocrx_word' id='word_1_525' title='bbox 1199 2921 1290 2951; x_wconf 83' lang='lat' dir='ltr'>Bake</span> <span class='ocrx_word' id='word_1_526' title='bbox 1314 2929 1347 2961; x_wconf 91' lang='lat' dir='ltr'>p.</span> <span class='ocrx_word' id='word_1_527' title='bbox 1375 2920 1426 2951; x_wconf 60' lang='lat'>1¹9.</span> <span class='ocrx_word' id='word_1_528' title='bbox 1455 2937 1489 2941; x_wconf 78' lang='lat'>—</span> <span class='ocrx_word' id='word_1_529' title='bbox 1517 2919 1569 2951; x_wconf 48' lang='lat'>²24.</span> <span class='ocrx_word' id='word_1_530' title='bbox 1594 2918 1707 2959; x_wconf 74' lang='lat' dir='ltr'>neque]</span> <span class='ocrx_word' id='word_1_531' title='bbox 1732 2921 1829 2957; x_wconf 76' lang='lat' dir='ltr'>atque</span> <span class='ocrx_word' id='word_1_532' title='bbox 1852 2916 1936 2948; x_wconf 86' lang='lat' dir='ltr'>dett.</span> <span class='ocrx_word' id='word_1_533' title='bbox 1963 2917 2000 2948; x_wconf 88' lang='grc' dir='ltr'>Ο,</span> 
     </span>
    </p>
   </div>
   <div class='ocr_carea' id='block_1_6' title="bbox 244 2972 2003 3353">
    <p class='ocr_par' dir='ltr' id='par_1_6' title="bbox 244 2972 2003 3248">
     <span class='ocr_line' id='line_1_44' title="bbox 244 2972 2000 3016; baseline -0.002 -10"><span class='ocrx_word' id='word_1_534' title='bbox 244 2976 287 3006; x_wconf 83' lang='lat' dir='ltr'>At</span> <span class='ocrx_word' id='word_1_535' title='bbox 310 2975 354 3007; x_wconf 84' lang='lat' dir='ltr'>cs.</span> <span class='ocrx_word' id='word_1_536' title='bbox 377 2975 490 3007; x_wconf 83' lang='lat' dir='ltr'>Madv.</span> <span class='ocrx_word' id='word_1_537' title='bbox 524 2984 558 3016; x_wconf 88' lang='lat' dir='ltr'>p.</span> <span class='ocrx_word' id='word_1_538' title='bbox 586 2976 638 3007; x_wconf 85' lang='lat'>66.</span> <span class='ocrx_word' id='word_1_539' title='bbox 666 2993 700 2997; x_wconf 86' lang='lat'>—</span> <span class='ocrx_word' id='word_1_540' title='bbox 727 2976 779 3008; x_wconf 73' lang='lat'>⁶25.</span> <span class='ocrx_word' id='word_1_541' title='bbox 807 2977 892 3015; x_wconf 64' lang='lat' dir='ltr'>CCC]</span> <span class='ocrx_word' id='word_1_542' title='bbox 924 2976 999 3007; x_wconf 84' lang='lat' dir='ltr'>CCC</span> <span class='ocrx_word' id='word_1_543' title='bbox 1020 2978 1043 3008; x_wconf 83' lang='lat' dir='ltr'>R</span> <span class='ocrx_word' id='word_1_544' title='bbox 1070 2975 1109 3007; x_wconf 71' lang='grc' dir='ltr'>λς</span> <span class='ocrx_word' id='word_1_545' title='bbox 1146 2977 1260 3009; x_wconf 66' lang='lat' dir='ltr'>LXH</span> <span class='ocrx_word' id='word_1_546' title='bbox 1284 2976 1377 3006; x_wconf 81' lang='lat' dir='ltr'>milia</span> <span class='ocrx_word' id='word_1_547' title='bbox 1411 2975 1495 3007; x_wconf 58' lang='lat' dir='ltr'>dett.</span> <span class='ocrx_word' id='word_1_548' title='bbox 1526 2976 1563 3006; x_wconf 94' lang='grc' dir='ltr'>Ο.</span> <span class='ocrx_word' id='word_1_549' title='bbox 1592 2992 1626 2996; x_wconf 89' lang='lat'>—</span> <span class='ocrx_word' id='word_1_550' title='bbox 1654 2974 1707 3006; x_wconf 71' lang='lat'>⁶26.</span> <span class='ocrx_word' id='word_1_551' title='bbox 1739 2972 1906 3004; x_wconf 77' lang='lat' dir='ltr'>reddidisti</span> <span class='ocrx_word' id='word_1_552' title='bbox 1937 2972 2000 3010; x_wconf 60' lang='grc' dir='ltr'>(ης</span> 
     </span>
     <span class='ocr_line' id='line_1_45' title="bbox 245 3020 2003 3065; baseline -0.002 -10"><span class='ocrx_word' id='word_1_553' title='bbox 245 3025 410 3056; x_wconf 80' lang='lat' dir='ltr'>tradidisti</span> <span class='ocrx_word' id='word_1_554' title='bbox 435 3026 494 3057; x_wconf 72' lang='lat' dir='ltr'>Gt.</span> <span class='ocrx_word' id='word_1_555' title='bbox 522 3041 557 3046; x_wconf 93' lang='lat'>—</span> <span class='ocrx_word' id='word_1_556' title='bbox 585 3028 729 3056; x_wconf 71' lang='lat' dir='ltr'>trecenta</span> <span class='ocrx_word' id='word_1_557' title='bbox 754 3024 875 3056; x_wconf 77' lang='lat' dir='ltr'>codd:</span> <span class='ocrx_word' id='word_1_558' title='bbox 918 3026 1031 3057; x_wconf 77' lang='lat' dir='ltr'>LXXX</span> <span class='ocrx_word' id='word_1_559' title='bbox 1053 3027 1095 3058; x_wconf 86' lang='lat' dir='ltr'>dc</span> <span class='ocrx_word' id='word_1_560' title='bbox 1121 3028 1234 3058; x_wconf 81' lang='lat' dir='ltr'>Garat.</span> <span class='ocrx_word' id='word_1_561' title='bbox 1262 3026 1351 3057; x_wconf 87' lang='lat' dir='ltr'>coni.</span> <span class='ocrx_word' id='word_1_562' title='bbox 1378 3026 1511 3065; x_wconf 80' lang='lat' dir='ltr'>Zumpt.</span> <span class='ocrx_word' id='word_1_563' title='bbox 1539 3024 1588 3056; x_wconf 81' lang='lat' dir='ltr'>Kl.</span> <span class='ocrx_word' id='word_1_564' title='bbox 1635 3024 1672 3054; x_wconf 92' lang='lat' dir='ltr'>In</span> <span class='ocrx_word' id='word_1_565' title='bbox 1702 3022 1857 3054; x_wconf 86' lang='lat' dir='ltr'>numeris</span> <span class='ocrx_word' id='word_1_566' title='bbox 1887 3020 2003 3062; x_wconf 89' lang='lat' dir='ltr'>aliquo</span> 
     </span>
     <span class='ocr_line' id='line_1_46' title="bbox 245 3071 2000 3116; baseline -0.001 -12"><span class='ocrx_word' id='word_1_567' title='bbox 245 3073 350 3105; x_wconf 89' lang='lat' dir='ltr'>modo</span> <span class='ocrx_word' id='word_1_568' title='bbox 374 3073 553 3105; x_wconf 84' lang='lat' dir='ltr'>turbatum</span> <span class='ocrx_word' id='word_1_569' title='bbox 578 3076 641 3113; x_wconf 80' lang='lat' dir='ltr'>est,</span> <span class='ocrx_word' id='word_1_570' title='bbox 668 3074 731 3106; x_wconf 84' lang='lat' dir='ltr'>sed</span> <span class='ocrx_word' id='word_1_571' title='bbox 755 3076 928 3106; x_wconf 88' lang='lat' dir='ltr'>incertum</span> <span class='ocrx_word' id='word_1_572' title='bbox 955 3084 1035 3115; x_wconf 85' lang='lat' dir='ltr'>quo.</span> <span class='ocrx_word' id='word_1_573' title='bbox 1057 3095 1091 3098; x_wconf 87' lang='lat'>—</span> <span class='ocrx_word' id='word_1_574' title='bbox 1111 3077 1310 3116; x_wconf 74' lang='lat' dir='ltr'>contempnis</span> <span class='ocrx_word' id='word_1_575' title='bbox 1326 3077 1363 3107; x_wconf 86' lang='lat' dir='ltr'>R.</span> <span class='ocrx_word' id='word_1_576' title='bbox 1384 3093 1417 3096; x_wconf 94' lang='lat'><strong>—</strong></span> <span class='ocrx_word' id='word_1_577' title='bbox 1442 3077 1491 3107; x_wconf 74' lang='lat'>27.</span> <span class='ocrx_word' id='word_1_578' title='bbox 1518 3084 1557 3106; x_wconf 89' lang='lat' dir='ltr'>ac</span> <span class='ocrx_word' id='word_1_579' title='bbox 1580 3075 1666 3113; x_wconf 85' lang='lat' dir='ltr'>desp.</span> <span class='ocrx_word' id='word_1_580' title='bbox 1692 3072 1753 3110; x_wconf 89' lang='lat' dir='ltr'>Ld‚</span> <span class='ocrx_word' id='word_1_581' title='bbox 1779 3073 1882 3112; x_wconf 81' lang='lat' dir='ltr'>Lagg.</span> <span class='ocrx_word' id='word_1_582' title='bbox 1901 3071 2000 3111; x_wconf 62' lang='lat' dir='ltr'>dett„</span> 
     </span>
     <span class='ocr_line' id='line_1_47' title="bbox 246 3121 2002 3165; baseline -0.001 -11"><span class='ocrx_word' id='word_1_583' title='bbox 246 3123 283 3154; x_wconf 92' lang='lat' dir='ltr'>O.</span> <span class='ocrx_word' id='word_1_584' title='bbox 312 3141 346 3145; x_wconf 97' lang='lat'><strong>—</strong></span> <span class='ocrx_word' id='word_1_585' title='bbox 372 3124 543 3165; x_wconf 72' lang='lat' dir='ltr'>indiynum</span> <span class='ocrx_word' id='word_1_586' title='bbox 567 3124 623 3155; x_wconf 82' lang='lat' dir='ltr'>tibi</span> <span class='ocrx_word' id='word_1_587' title='bbox 647 3124 731 3156; x_wconf 83' lang='lat' dir='ltr'>dett.</span> <span class='ocrx_word' id='word_1_588' title='bbox 759 3126 795 3156; x_wconf 93' lang='grc' dir='ltr'>Ο.</span> <span class='ocrx_word' id='word_1_589' title='bbox 823 3142 858 3146; x_wconf 86' lang='grc'><strong>-</strong></span> <span class='ocrx_word' id='word_1_590' title='bbox 885 3125 938 3156; x_wconf 75' lang='lat'>⁶29.</span> <span class='ocrx_word' id='word_1_591' title='bbox 965 3134 996 3156; x_wconf 85' lang='lat' dir='ltr'>sc</span> <span class='ocrx_word' id='word_1_592' title='bbox 1019 3126 1130 3157; x_wconf 85' lang='lat' dir='ltr'>emisse</span> <span class='ocrx_word' id='word_1_593' title='bbox 1159 3125 1221 3157; x_wconf 87' lang='lat' dir='ltr'>dtt.</span> <span class='ocrx_word' id='word_1_594' title='bbox 1249 3126 1284 3156; x_wconf 95' lang='lat' dir='ltr'>O.</span> <span class='ocrx_word' id='word_1_595' title='bbox 1313 3142 1346 3145; x_wconf 97' lang='lat'><strong>—</strong></span> <span class='ocrx_word' id='word_1_596' title='bbox 1374 3125 1462 3165; x_wconf 72' lang='lat' dir='ltr'>num]</span> <span class='ocrx_word' id='word_1_597' title='bbox 1489 3134 1553 3156; x_wconf 75' lang='lat' dir='ltr'>non</span> <span class='ocrx_word' id='word_1_598' title='bbox 1577 3125 1635 3155; x_wconf 78' lang='lat' dir='ltr'>Gt.</span> <span class='ocrx_word' id='word_1_599' title='bbox 1663 3139 1698 3143; x_wconf 89' lang='lat'>—</span> <span class='ocrx_word' id='word_1_600' title='bbox 1725 3122 1776 3153; x_wconf 88' lang='lat'>30.</span> <span class='ocrx_word' id='word_1_601' title='bbox 1803 3122 1840 3153; x_wconf 91' lang='lat' dir='ltr'>L.</span> <span class='ocrx_word' id='word_1_602' title='bbox 1865 3121 2002 3161; x_wconf 80' lang='lat' dir='ltr'>Papinio</span> 
     </span>
     <span class='ocr_line' id='line_1_48' title="bbox 244 3170 1998 3215; baseline -0.001 -12"><span class='ocrx_word' id='word_1_603' title='bbox 244 3172 262 3202; x_wconf 86' lang='grc'><strong>6</strong></span> <span class='ocrx_word' id='word_1_604' title='bbox 288 3173 410 3213; x_wconf 83' lang='lat' dir='ltr'>Lagg.:</span> <span class='ocrx_word' id='word_1_605' title='bbox 450 3175 483 3206; x_wconf 93' lang='lat' dir='ltr'>L.</span> <span class='ocrx_word' id='word_1_606' title='bbox 515 3182 583 3206; x_wconf 90' lang='lat' dir='ltr'>om.</span> <span class='ocrx_word' id='word_1_607' title='bbox 617 3176 642 3206; x_wconf 81' lang='lat' dir='ltr'>R</span> <span class='ocrx_word' id='word_1_608' title='bbox 667 3176 707 3206; x_wconf 86' lang='lat' dir='ltr'>Gl</span> <span class='ocrx_word' id='word_1_609' title='bbox 738 3176 778 3213; x_wconf 50' lang='grc' dir='ltr'>ΞΗ</span> <span class='ocrx_word' id='word_1_610' title='bbox 814 3175 947 3215; x_wconf 82' lang='lat' dir='ltr'>Papirio</span> <span class='ocrx_word' id='word_1_611' title='bbox 980 3176 1048 3214; x_wconf 84' lang='lat' dir='ltr'>Ld;</span> <span class='ocrx_word' id='word_1_612' title='bbox 1084 3177 1120 3207; x_wconf 92' lang='lat' dir='ltr'>L.</span> <span class='ocrx_word' id='word_1_613' title='bbox 1151 3175 1283 3215; x_wconf 83' lang='lat' dir='ltr'>Papirio</span> <span class='ocrx_word' id='word_1_614' title='bbox 1314 3174 1403 3214; x_wconf 49' lang='lat' dir='ltr'>Lg4‘2</span> <span class='ocrx_word' id='word_1_615' title='bbox 1424 3174 1463 3205; x_wconf 73' lang='lat'>45</span> <span class='ocrx_word' id='word_1_616' title='bbox 1489 3176 1525 3205; x_wconf 96' lang='lat' dir='ltr'>O.</span> <span class='ocrx_word' id='word_1_617' title='bbox 1554 3191 1588 3195; x_wconf 98' lang='lat'><strong>—</strong></span> <span class='ocrx_word' id='word_1_618' title='bbox 1616 3170 1765 3211; x_wconf 81' lang='lat' dir='ltr'>locupleti</span> <span class='ocrx_word' id='word_1_619' title='bbox 1793 3171 1819 3202; x_wconf 88' lang='lat' dir='ltr'>R</span> <span class='ocrx_word' id='word_1_620' title='bbox 1844 3171 1885 3203; x_wconf 81' lang='lat' dir='ltr'>Gl</span> <span class='ocrx_word' id='word_1_621' title='bbox 1913 3171 1932 3203; x_wconf 74' lang='lat'>2</span> <span class='ocrx_word' id='word_1_622' title='bbox 1955 3171 1998 3202; x_wconf 91' lang='lat' dir='ltr'>L:</span> 
     </span>
     <span class='ocr_line' id='line_1_49' title="bbox 1277 3228 1293 3248; baseline 0 -6"><span class='ocrx_word' id='word_1_623' title='bbox 1277 3228 1293 3248; x_wconf 72' lang='lat' dir='ltr'><em>U</em></span> 
     </span>
    </p>

    <p class='ocr_par' dir='ltr' id='par_1_7' title="bbox 245 3257 1996 3353">
     <span class='ocr_line' id='line_1_50' title="bbox 257 3257 1996 3303; baseline -0.001 -13"><span class='ocrx_word' id='word_1_624' title='bbox 257 3259 401 3298; x_wconf 79' lang='lat' dir='ltr'>ocuplete</span> <span class='ocrx_word' id='word_1_625' title='bbox 423 3260 507 3292; x_wconf 86' lang='lat' dir='ltr'>dett.</span> <span class='ocrx_word' id='word_1_626' title='bbox 533 3261 570 3292; x_wconf 92' lang='lat' dir='ltr'>O.</span> <span class='ocrx_word' id='word_1_627' title='bbox 592 3279 627 3283; x_wconf 90' lang='lat'>—</span> <span class='ocrx_word' id='word_1_628' title='bbox 647 3261 698 3292; x_wconf 72' lang='lat'>32.</span> <span class='ocrx_word' id='word_1_629' title='bbox 725 3262 832 3294; x_wconf 72' lang='lat' dir='ltr'>evulso</span> <span class='ocrx_word' id='word_1_630' title='bbox 857 3263 916 3301; x_wconf 85' lang='lat' dir='ltr'>G3,</span> <span class='ocrx_word' id='word_1_631' title='bbox 941 3260 962 3293; x_wconf 84' lang='grc' dir='ltr'><strong><em>λ</em></strong></span> <span class='ocrx_word' id='word_1_632' title='bbox 987 3263 1034 3303; x_wconf 91' lang='lat' dir='ltr'>(ut</span> <span class='ocrx_word' id='word_1_633' title='bbox 1058 3263 1089 3303; x_wconf 63' lang='grc' dir='ltr'>ἓ.</span> <span class='ocrx_word' id='word_1_634' title='bbox 1115 3261 1199 3303; x_wconf 77' lang='grc'>49.);</span> <span class='ocrx_word' id='word_1_635' title='bbox 1225 3261 1332 3294; x_wconf 85' lang='lat' dir='ltr'>euolso</span> <span class='ocrx_word' id='word_1_636' title='bbox 1355 3262 1400 3299; x_wconf 85' lang='lat' dir='ltr'>R;</span> <span class='ocrx_word' id='word_1_637' title='bbox 1425 3261 1538 3293; x_wconf 76' lang='lat' dir='ltr'>avulso</span> <span class='ocrx_word' id='word_1_638' title='bbox 1562 3258 1667 3300; x_wconf 48' lang='lat' dir='ltr'>Lgiffi</span> <span class='ocrx_word' id='word_1_639' title='bbox 1691 3258 1782 3290; x_wconf 83' lang='lat' dir='ltr'>vulso</span> <span class='ocrx_word' id='word_1_640' title='bbox 1799 3257 1884 3290; x_wconf 89' lang='lat' dir='ltr'>dett.</span> <span class='ocrx_word' id='word_1_641' title='bbox 1903 3258 1940 3291; x_wconf 92' lang='grc' dir='ltr'>Ο.</span> <span class='ocrx_word' id='word_1_642' title='bbox 1961 3274 1996 3280; x_wconf 90' lang='grc'>-</span> 
     </span>
     <span class='ocr_line' id='line_1_51' title="bbox 245 3308 919 3353; baseline 0.009 -14"><span class='ocrx_word' id='word_1_643' title='bbox 245 3308 376 3341; x_wconf 81' lang='lat' dir='ltr'>remisse</span> <span class='ocrx_word' id='word_1_644' title='bbox 397 3310 434 3342; x_wconf 88' lang='lat' dir='ltr'>R.</span> <span class='ocrx_word' id='word_1_645' title='bbox 462 3326 496 3333; x_wconf 91' lang='grc'>--</span> <span class='ocrx_word' id='word_1_646' title='bbox 522 3309 576 3342; x_wconf 90' lang='grc'>33.</span> <span class='ocrx_word' id='word_1_647' title='bbox 601 3311 723 3352; x_wconf 76' lang='lat' dir='ltr'>artifici</span> <span class='ocrx_word' id='word_1_648' title='bbox 745 3311 771 3344; x_wconf 86' lang='lat' dir='ltr'>R</span> <span class='ocrx_word' id='word_1_649' title='bbox 794 3320 846 3353; x_wconf 89' lang='lat' dir='ltr'>pr.</span> <span class='ocrx_word' id='word_1_650' title='bbox 872 3320 919 3345; x_wconf 89' lang='lat' dir='ltr'>m.</span> 
     </span>
    </p>
   </div>
  </div>
 </body>
</html>
