2143 3713
707 231 802 270 eff.
833 230 1015 270 11—111.
1053 228 1125 282 §§.
1156 225 1324 267 4—42.
1811 222 1889 264 043

147 345 351 385 babeant?
397 344 491 396 quis
536 342 675 382 vetat?
733 341 782 380 Ut
820 341 1023 392 privatum
1064 341 1148 380 sit?
1193 341 1247 379 ita
1288 339 1412 378 latum
1456 344 1538 386 est,
1580 344 1624 378 ut
1654 337 1800 378 melior
1831 338 1889 376 tui

147 407 278 446 soceri
320 406 470 445 fundus
512 403 674 456 Irpinus
705 402 757 440 sit
789 402 875 441 sive
907 416 1004 452 ager
1034 403 1196 455 Irpinus
1225 423 1279 430 —
1309 405 1438 440 totum
1479 402 1585 440 enim
1627 399 1811 453 possidet
1839 420 1892 427 —

154 482 276 521 quam
298 482 415 508 meus
436 472 629 520 paternus
650 464 870 516 avitusque
893 464 1043 503 fundus
1064 464 1262 517 Arpinas;
1295 462 1333 501 id
1358 463 1466 501 enim
1489 477 1621 502 caves.
1664 460 1702 500 9.
1726 462 1892 514 Optimo

150 531 260 569 enim
292 531 380 569 iure
412 542 457 568 ea
489 533 584 567 sunt
605 525 790 579 profecto
814 526 1002 578 praedia,
1035 539 1139 579 quae
1163 526 1316 578 optima
1339 525 1585 564 condicione
1607 530 1712 564 sunt.
1748 523 1895 562 Libera

149 592 318 631 meliore
350 592 437 630 iure
469 594 561 629 sunt
592 601 715 641 quam
749 601 891 626 serva:
924 588 1056 639 capite
1085 587 1164 626 hoc
1196 586 1358 632 omnia,
1391 599 1497 638 quae
1526 586 1779 631 serviebant,
1811 592 1926 623 non5

147 653 339 692 servient.
400 651 542 692 Soluta
582 650 752 689 meliore
791 650 829 688 in
871 663 995 689 causa
1036 654 1132 688 sunt
1171 660 1292 700 quam
1335 647 1535 698 obligata:
1576 646 1722 687 eodem
1764 646 1894 698 capite

147 715 382 767 subsignata
413 712 571 758 omnia,
604 712 636 751 si
670 711 794 750 modo
827 711 994 750 Sullana
1027 715 1145 755 sunt,
1181 709 1422 748 liberantur.
1482 709 1684 748 Immunia
1716 720 1897 746 commo-

147 777 261 815 diore
300 775 541 815 condicione
582 778 678 812 sunt
717 786 841 825 quam
885 773 977 819 illa,
1023 784 1128 825 quae
1160 771 1390 823 pensitant:
1438 784 1514 823 ego
1545 769 1790 809 Tusculanis
1822 782 1896 821 pro

147 851 254 890 aqua
287 836 437 877 Crabra
468 834 643 885 vectigal
675 834 875 886 pendam,
907 835 1003 886 quia
1035 833 1240 885 mancipio
1271 832 1445 871 fundum
1476 833 1638 886 accepi3
1671 832 1704 871 si
1736 845 1757 871 a
1785 831 1896 870 Sulla

150 899 247 938 mihi
279 899 397 937 datus
429 901 557 942 esset,
594 895 704 934 Rulli
738 895 827 947 lege
859 910 941 934 non
975 895 1213 948 penderem.
1274 895 1343 933 111.
1383 890 1440 933 10.
1472 894 1603 934 Video
1635 908 1729 941 vos,
1762 893 1899 941 Quiri·
1914 903 1948 929 u)

150 967 230 1007 tes,
261 959 379 998 sicuti
410 972 473 997 res
505 959 594 1010 ipsa
626 957 757 1009 cogit,
792 958 1040 996 commoveri
1073 957 1136 996 vel
1169 956 1270 1008 legis
1302 956 1366 995 vel
1389 956 1586 996 orationis
1617 955 1898 1009 impudentia:

149 1023 275 1074 legis,
307 1033 414 1074 quae
446 1021 510 1059 ius
541 1018 689 1058 melius
722 1019 904 1059 Sullanis
935 1019 1117 1072 praediis
1150 1019 1377 1057 constituat
1407 1032 1530 1072 quam
1560 1019 1768 1070 paternis3
1810 1028 1901 1056 ora-

148 1084 293 1129 tionis,
333 1095 439 1135 quae
480 1082 568 1121 eius
610 1081 720 1120 modi
754 1081 795 1120 in
836 1095 959 1121 causa
990 1081 1229 1120 insimulare
1262 1093 1514 1134 quemquam
1545 1081 1694 1119 audeat
1723 1079 1900 1118 rationes

148 1145 286 1184 Sullae
317 1145 488 1184 nimium
519 1142 788 1182 vehementer
812 1143 1049 1182 defendere.
1099 1144 1156 1180 Ac
1188 1143 1221 1181 si
1252 1143 1322 1181 illa
1353 1143 1490 1181 solum
1522 1143 1718 1188 sanciret,
1750 1154 1856 1193 quae
1878 1153 1899 1178 a

148 1207 260 1246 Sulla
300 1211 438 1246 essent
477 1205 595 1251 data,
637 1210 834 1251 tacerem,
881 1206 1001 1245 modo
1040 1205 1127 1256 ipse
1169 1218 1212 1243 se
1251 1204 1467 1243 Sullanum
1499 1217 1589 1243 esse
1621 1201 1950 1243 confiteretur.¹:¹›

148 1268 229 1308 Sed
261 1281 345 1307 non
376 1267 498 1306 modo
530 1266 611 1306 illis
643 1271 780 1312 cavet,
811 1280 954 1306 verum
986 1266 1108 1305 etiam
1139 1265 1249 1305 aliud
1281 1265 1490 1318 quoddam
1513 1279 1642 1318 genus
1664 1264 1901 1305 donationis

145 1330 325 1377 inducit,
367 1334 407 1368 et
437 1329 494 1375 is,
535 1328 607 1380 qui
635 1341 658 1367 a
689 1342 752 1368 me
786 1329 974 1368 Sullanas
1006 1327 1291 1381 possessiones
1324 1327 1492 1367 defendi
1523 1327 1785 1375 criminatur,
1816 1340 1899 1366 non

145 1405 214 1432 eas
246 1392 380 1432 solum
411 1390 565 1437 sancit,
597 1403 740 1430 verum
774 1391 862 1443 ipse
894 1403 1022 1429 novas
1053 1389 1357 1441 assignationes
1387 1389 1567 1429 instituit
1597 1394 1638 1429 et
1657 1390 1900 1442 repentinus

143 1453 258 1494 Sulla
287 1452 406 1493 nobis
438 1452 635 1492 exoritur.
697 1449 711 1491 l
732 1449 761 1491 i.
792 1453 895 1491 Nam
927 1451 1150 1498 attendite,
1182 1456 1359 1503 quantas
1386 1451 1679 1491 concessiones
1710 1464 1899 1504 agrorum

144 1516 210 1555 hic
252 1520 396 1555 noster
435 1514 676 1566 obiurgator
714 1527 798 1553 uno
836 1514 962 1553 verbo
1001 1513 1137 1553 facere
1169 1518 1354 1553 conetur.
1415 1513 1533 1561 Qun
1565 1527 1693 1561 DATA,
1724 1523 1949 1560 DONATA‚90

145 1588 371 1623 eoscessA,
403 1590 596 1617 vsssnrm.
655 1577 816 1623 Patior,
847 1576 984 1615 audio.
1039 1575 1147 1624 Quid
1179 1575 1361 1615 deinde?
1402 1588 1609 1616 rossasss.
1653 1576 1741 1616 Hoc
1770 1575 1901 1615 tribu-

143 1653 220 1680 nus
250 1639 384 1692 plebis
416 1639 679 1692 promulgare
708 1652 834 1678 ausus
868 1644 951 1685 est,
984 1643 1047 1685 ut,
1080 1638 1192 1690 quod
1224 1638 1405 1691 quisque
1434 1644 1528 1692 post
1547 1639 1722 1679 Marium
1744 1644 1784 1678 et
1805 1638 1901 1678 Car-

144 1702 293 1741 bonem
325 1701 519 1740 consules
550 1701 805 1754 possideret,
837 1700 879 1739 id
911 1714 958 1739 eo
990 1701 1076 1739 iure
1109 1704 1289 1748 teneret,
1322 1715 1404 1753 quo
1436 1701 1548 1754 quod
1575 1701 1732 1754 optimo
1763 1701 1900 1753 priva-

144 1770 227 1803 tum
255 1765 345 1803 est?
375 1763 566 1802 Etiamne
588 1763 622 1802 si
642 1763 682 1802 vi
707 1762 886 1802 deiecit?
918 1762 1094 1802 etiamne
1117 1762 1151 1802 si
1175 1762 1300 1809 clam,
1332 1763 1365 1802 si
1387 1763 1574 1816 precario
1597 1764 1711 1803 venit
1734 1764 1776 1802 in
1806 1776 1901 1817 pos-

143 1826 404 1866 sessionem?
443 1826 550 1877 Ergo
592 1824 667 1864 hac
711 1825 798 1877 lege
839 1825 903 1864 ius
934 1824 1076 1871 civile,
1117 1837 1265 1864 causae
1296 1826 1631 1877 possessionum,
1662 1830 1898 1878 praetorum
1913 1833 1950 1861 225

142 1889 364 1928 interdicta
396 1887 605 1927 tollentur.
657 1884 721 1926 ι19.
744 1889 834 1927 Non
867 1886 1086 1926 mediocris
1117 1901 1182 1926 res
1214 1900 1351 1940 neque
1383 1901 1554 1940 parvum
1576 1888 1651 1927 sub
1671 1888 1750 1928 hoc
1770 1888 1898 1928 verbo

141 1950 318 1997 furtum,
359 1949 562 1996 Quirites,
604 1949 714 1988 latet.
776 1950 880 1988 Sunt
916 1950 1026 1989 enim
1071 1949 1187 1988 multi
1228 1951 1314 2002 agri
1355 1950 1445 2003 lege
1477 1951 1671 1990 Cornelia
1700 1950 1898 2003 publicati

142 2026 217 2052 nec
248 2012 443 2065 cuiquam
476 2011 672 2064 assignati
706 2025 840 2065 neque
874 2012 1049 2058 venditi,
1082 2012 1152 2064 qui
1184 2026 1206 2051 a
1242 2013 1383 2064 paucis
1414 2013 1654 2052 hominibus
1683 2012 1901 2065 impuden-

142 2074 300 2114 tissime
329 2073 610 2126 possidentur.
670 2074 743 2113 His
775 2079 911 2121 cavet,
956 2075 1032 2113 hos
1064 2073 1274 2121 defendit,
1318 2074 1393 2114 hos
1425 2076 1608 2128 privatos
1640 2075 1762 2114 facit:
1799 2074 1899 2125 hos,

142 2136 337 2189 inquam,
383 2148 527 2188 agros,
574 2150 678 2189 quos
720 2137 834 2175 Sulla
872 2137 1027 2177 nemini
1065 2136 1200 2183 dedit,
1247 2137 1392 2177 Rullus
1423 2151 1508 2177 non
1538 2138 1657 2177 vobis
1688 2135 1899 2188 assignare
1915 2144 1950 2172 30

145 2198 252 2246 vult,
284 2199 357 2238 sed
388 2199 447 2237 eis
480 2197 739 2244 condonare,
783 2200 852 2251 qui
883 2198 1110 2251 possident.
1173 2199 1347 2239 Causam
1379 2213 1556 2253 quaero,
1588 2213 1661 2239 eur
1692 2212 1761 2246 ea,
1794 2211 1899 2251 quae

148 2260 325 2300 maiores
357 2259 474 2299 vohis
506 2259 547 2298 in
576 2259 717 2306 ltalia,
759 2260 920 2306 Sicilia,
965 2259 1126 2307 Africa,
1172 2260 1332 2300 duabus
1370 2261 1607 2314 Hispaniis,
1645 2261 1901 2306 Macedonia,

141 2320 239 2361 Asia
266 2321 549 2375 reliquerunt,
577 2322 717 2361 venire
750 2323 986 2375 patiamini,
1018 2336 1110 2362 cum
1133 2336 1202 2370 ea,
1235 2336 1342 2376 quae
1372 2329 1510 2364 vestra
1530 2328 1647 2371 sunt,
1680 2322 1901 2362 condonari

142 2383 456 2435 possessoribus
488 2384 632 2423 eadem
663 2384 753 2437 lege
783 2384 970 2424 videatis.

229 2593 259 2625 l.
284 2597 321 2625 ut
343 2593 515 2634 privatum
543 2592 609 2624 sil?
644 2594 690 2624 ita
714 2592 934 2634 Wesenberg
962 2594 1019 2634 (ad
1044 2603 1094 2625 or.
1122 2604 1155 2635 p.
1182 2595 1292 2626 Sestio
1318 2603 1351 2636 p.
1378 2594 1464 2634 47.):
1496 2598 1531 2626 ut
1551 2593 1740 2634 priuatim?
1771 2593 1833 2624 Sed
1856 2593 1901 2623 ila

141 2642 166 2674 E
182 2642 261 2681 FP;
289 2646 324 2674 ut
341 2643 514 2683 priuatum
539 2643 591 2673 secl
616 2643 661 2673 ila
687 2644 729 2674 A:
760 2643 796 2673 L'l
815 2644 997 2682 privatum.
1025 2644 1087 2675 Sed
1109 2645 1157 2675 ita
1180 2645 1225 2681 03
1251 2648 1287 2675 ut
1307 2643 1502 2684 privatum?
1532 2644 1572 2675 Ac
1594 2644 1641 2675 ila
1667 2652 1748 2675 eum
1772 2644 1903 2674 Laure-

145 2692 235 2724 dano
262 2690 332 2725 Lss.
360 2710 396 2714 —
421 2693 453 2724 2.
479 2694 637 2733 Hirpinus
661 2694 698 2724 O.
726 2693 776 2724 Cs.
803 2694 942 2725 Festum
967 2703 999 2734 p.
1026 2694 1078 2726 78.
1106 2694 1161 2725 ed.
1189 2693 1346 2725 Lindem.
1375 2712 1410 2716 —-
1436 2694 1467 2725 6.
1493 2693 1648 2734 obligata]
1672 2702 1737 2723 non
1760 2692 1904 2731 obligata

141 2742 291 2774 EFPA.
317 2742 522 2775 Emendavit
546 2744 738 2783 Naugerius
763 2743 795 2773 in
821 2743 875 2774 ed.
902 2742 1035 2774 Aldina.
1058 2761 1091 2765 ——
1112 2744 1142 2774 7.
1162 2743 1367 2784 subsignata]
1391 2743 1562 2784 obsignata
1585 2744 1628 2779 (ἐς
1655 2741 1797 2782 obligata
1822 2749 1902 2771 Cum

143 2791 199 2823 ed.
225 2790 348 2823 Aldina
371 2791 449 2830 L&
477 2793 669 2833 «obsignata
693 2792 747 2824 alii
771 2792 979 2833 subsignata»
1004 2794 1039 2824 T.
1063 2810 1097 2814 —-
1124 2793 1154 2824 8.
1181 2793 1371 2824 tusculanus
1394 2793 1431 2824 E.
1454 2811 1488 2815 —
1516 2792 1546 2823 9.
1574 2792 1702 2824 Crabra
1726 2793 1762 2822 Ρ.
1789 2791 1904 2822 Manu-

143 2841 226 2872 tius:
252 2840 369 2872 crebra
392 2842 541 2874 EFPA.
571 2860 605 2864 —
637 2843 715 2882 quia
739 2843 904 2881 mcmcipio
929 2843 1008 2873 PT:
1044 2842 1100 2880 qui
1124 2851 1145 2872 α
1168 2843 1333 2882 mancipio
1356 2843 1380 2874 E
1395 2843 1435 2880 F3
1474 2842 1552 2881 quia
1576 2851 1597 2872 (ι
1621 2840 1797 2879 municipio
1822 2848 1902 2870 cum

143 2889 199 2921 ed.
224 2889 347 2922 Aldina
371 2889 446 2929 [ἓξ
472 2893 527 2932 qui
550 2893 717 2932 mancipio
742 2902 783 2923 ex
808 2891 897 2923 male
923 2890 1095 2922 intellecta
1120 2892 1293 2923 Garatonii
1318 2891 1539 2922 adnotatione
1557 2891 1594 2922 O.
1616 2909 1650 2913 —
1678 2892 1727 2922 210.
1752 2888 1903 2929 Quirites]

143 2947 278 2978 querere
300 2940 338 2971 E.
368 2956 403 2962 —
442 2942 495 2972 Μ.
522 2943 609 2982 cogit
633 2941 876 2973 Lauredanus:
914 2944 1009 2981 eogyat
1033 2941 1092 2971 EF
1105 2943 1143 2971 A.
1173 2959 1207 2962 —
1248 2942 1300 2972 417..
1326 2941 1467 2981 leqisque
1489 2941 1540 2971 ius
1563 2940 1635 2971 EF.
1663 2957 1697 2962 -—
1731 2939 1905 2978 praesidiis

143 2989 205 3019 EF
217 2990 254 3021 P.
289 2989 338 3021 Cf.
367 2989 397 3029 S.
425 2989 476 3021 lli.
503 2992 556 3022 45.
584 3008 619 3012 —
647 2991 698 3022 1¹3.
726 2991 881 3023 eiusmodi
907 2991 938 3021 in
962 2999 1064 3021 causa
1087 2999 1168 3021 nos:
1201 2991 1356 3022 eiusmodi
1379 2999 1482 3021 causa
1505 2990 1566 3021 EF
1579 2991 1606 3020 A
1619 2990 1642 3020 L
1659 2988 1735 3023 {⁴03
1762 2989 1794 3018 in
1819 2989 1905 3018 cins-

142 3039 230 3070 modi
252 3048 355 3071 causa
376 3039 566 3079 Madvigius
591 3049 646 3081 ap.
674 3041 879 3080 (r’ssingium.
906 3057 940 3061 —
970 3038 1021 3071 44.
1047 3039 1092 3070 Ac
1114 3040 1140 3070 si
1164 3040 1205 3070 F:
1241 3043 1275 3070 at
1297 3040 1323 3070 si
1348 3040 1465 3071 ceteri.
1493 3056 1527 3061 —-
1555 3040 1608 3070 ⁶2¹.
1633 3039 1691 3069 hoc
1715 3037 1739 3069 E
1755 3037 1795 3067 F:
1826 3037 1905 3068 haec

146 3089 171 3119 Α
184 3086 204 3121 ⁵3
217 3089 255 3120 Ο.
272 3107 306 3111 -
322 3090 374 3122 23.
397 3090 552 3130 consules]
571 3091 753 3122 consulibus
767 3092 791 3121 E
806 3091 844 3121 F:
864 3098 942 3120 coss.
961 3088 1009 3118 his
1021 3089 1057 3119 P.
1076 3106 1110 3110 —
1122 3089 1301 3127 possideret
1317 3089 1494 3120 Ernestius
1507 3098 1513 3119 z
1528 3088 1668 3128 possidet
1683 3088 1707 3118 Ε
1722 3088 1744 3118 F
1756 3088 1783 3118 A
1796 3088 1819 3118 L
1834 3086 1901 3121 80.

148 3154 182 3159 —
199 3147 262 3178 quo
285 3141 371 3180 quod
386 3142 413 3172 A
426 3141 470 3171 L:
497 3140 582 3179 quod
598 3141 622 3171 E
637 3141 659 3172 F
674 3143 712 3180 P3
740 3149 803 3179 quo
821 3149 901 3171 cum
919 3137 974 3170 ed.
993 3137 1114 3169 Aldina
1131 3137 1171 3171 2:
1199 3146 1263 3176 quo
1279 3139 1334 3178 qui
1351 3139 1376 3169 G
1390 3138 1427 3169 Ο.
1446 3154 1481 3160 -
1497 3138 1628 3179 optimo]
1646 3138 1766 3177 optimo
1778 3137 1849 3167 iure
1865 3137 1900 3168 L.

149 3205 184 3210 —-
208 3187 262 3220 24.
287 3193 333 3221 esc
356 3198 439 3222 nos:
467 3197 535 3221 om.
564 3190 683 3221 ceteri.
711 3190 760 3222 Cf.
788 3190 819 3231 ξ.
838 3190 869 3220 7.
892 3207 926 3211 —
953 3189 1064 3219 deiecit
1086 3187 1295 3220 Lambinus:
1320 3189 1411 3220 eiecit
1433 3189 1458 3220 E
1473 3189 1494 3220 F
1507 3188 1620 3221 Asso.
1648 3186 1698 3218 ct.
1717 3194 1779 3227 pro
1796 3184 1903 3217 Tullio

147 3236 178 3275 S.
197 3235 250 3268 44.
272 3255 306 3259 —
332 3239 359 3270 si
381 3238 478 3278 clam]
503 3239 548 3270 sic
570 3239 639 3270 iam
661 3240 686 3271 E
701 3240 733 3271 F.
756 3258 790 3262 —
816 3240 869 3270 ⁶27.
893 3237 1028 3278 furtum]
1051 3238 1202 3278 futurum
1225 3238 1298 3269 EF.
1318 3255 1351 3259 —
1370 3238 1424 3269 ⁶28.
1450 3246 1552 3278 neque
1574 3238 1610 3268 L.
1632 3252 1668 3258 -
1687 3236 1740 3267 29.
1760 3234 1902 3274 defendet

148 3285 219 3316 EF.
239 3304 272 3308 —
299 3287 351 3319 30.
368 3288 470 3328 vobis]
487 3288 684 3320 uerbisEF.
714 3308 748 3312 —
775 3289 827 3320 32.
853 3289 965 3329 Africa
980 3290 1016 3329 P,
1042 3289 1162 3328 amica
1186 3287 1265 3319 EF:
1291 3296 1361 3318 oni.
1386 3286 1535 3321 ALSZO.
1564 3304 1596 3309 —
1625 3285 1676 3316 33.
1703 3285 1904 3324 reliquerunt

148 3342 210 3365 sex
234 3335 335 3368 codd.
362 3337 522 3379 Lagom.:
549 3339 778 3378 quaesiverunt
798 3337 898 3372 ΑΒΕ
912 3338 956 3376 Ο;
983 3346 1052 3369 oni.
1079 3337 1103 3369 E
1117 3337 1138 3369 F
1152 3338 1188 3369 P.
1216 3352 1252 3359 »-
1276 3337 1388 3370 venire
1408 3336 1469 3368 hac
1492 3336 1559 3377 lege
1578 3335 1755 3375 patiamini
1777 3336 1813 3367 L.
