2143 3713
239 238 320 282 248
732 235 785 274 IN
815 233 1034 274 VERREM
1064 230 1223 272 ACTIO
1256 229 1496 271 SECUNDA

352 351 522 402 Magno,
553 347 710 400 inquit,
738 346 932 386 decumas
956 343 1139 383 vendidi.
1158 365 1209 372 —-
1228 342 1339 391 Quid
1362 343 1448 382 ais‘?
1480 355 1531 381 an
1552 346 1597 381 tu
1619 341 1837 391 decumas,
1858 344 1983 385 homo

240 412 515 453 audacissime
545 415 669 463 atque
701 408 1004 451 amentissime,
1036 404 1290 444 vendidisti?
1337 407 1397 444 Tu
1429 410 1565 458 partes
1597 417 1688 451 eas,
1720 417 1823 457 quas
1853 410 1892 445 te
1923 420 1986 446 se-

240 480 360 515 natus
390 472 656 526 populusque
686 473 896 510 Romanus
927 467 1077 513 voluit,
1109 480 1161 505 an
1191 466 1350 506 fructus
1380 468 1563 519 integros
1595 472 1719 519 atque
1743 467 1846 506 adeo
1877 467 1988 509 bona

239 537 512 588 fortunasque
542 539 750 573 aratorum
774 543 916 570 omnes
937 528 1195 568 vendidisti?
1243 529 1285 567 Si
1309 529 1445 581 palam
1466 542 1617 582 praeco
1639 528 1756 567 iussu
1779 533 1849 568 tuo
1871 541 1990 581 prae-

209 599 420 639 5dicasset
449 610 533 636 non
565 596 759 635 decumas
780 591 999 638 frumenti,
1031 589 1103 630 sed
1130 590 1322 629 dimidias
1344 591 1485 630 venire
1517 596 1668 644 partes,
1693 594 1733 629 et
1754 590 1809 629 ita
1831 595 1990 643 empto-

238 674 305 700 res
344 659 634 704 accessissent,
674 662 720 695 ut
758 655 809 694 ad
841 654 1032 692 dimidias
1070 658 1209 705 partes
1241 652 1458 700 emendas;
1501 653 1534 692 si
1566 653 1694 706 pluris
1724 652 1989 694 vendidisses

241 729 284 763 tu
316 721 531 767 dimidias,
565 733 687 772 quam
720 716 845 757 ceteri
868 716 1083 754 decumas:
1116 714 1281 754 cuinam
1303 714 1451 753 mirum
1472 715 1712 754 videretur?
1745 713 1857 762 Quid
1877 727 1991 763 vero,

241 786 275 825 si
305 796 455 838 praeco
488 782 683 821 decumas
715 777 1023 832 pronuntiavit,
1065 791 1108 816 re
1139 790 1257 824 vcra,
1288 775 1367 815 hoc
1398 782 1480 824 est,
1517 776 1629 829 lege,
1661 775 1816 824 edicto,
1849 777 1992 818 condi-

241 848 360 887 cione
398 845 492 898 plus
533 843 655 882 etiam
688 854 811 895 quam
844 839 1040 878 dimidiae
1070 839 1313 885 venierunt,
1351 843 1488 877 tamen
1520 839 1599 878 hoc
1630 838 1702 877 tibi
1734 838 1991 891 praeclarum

192 909 428 963 toputabis,
470 912 509 945 tc
542 905 697 957 pluris,
740 901 851 956 quod
891 914 976 940 non
1016 901 1185 947 licebat,
1230 913 1354 953 quam
1386 907 1567 949 ceteros,
1608 900 1721 954 quod
1753 901 1991 954 oportebat,

240 969 513 1011 vendidisse?
573 963 637 1004 41.
669 965 802 1004 Pluris
834 964 1027 1003 decumas
1060 962 1304 1009 vendidisti,
1338 975 1461 1015 quam
1492 964 1630 1003 ceteri.
1652 985 1704 991 —
1737 963 1898 1011 Quibus
1928 977 1992 1004 re-

240 1034 317 1072 bus
347 1031 388 1071 id
420 1033 633 1069 assecutus
666 1029 739 1066 es'?
784 1026 1054 1065 Innocentia‘?
1106 1025 1283 1076 Adspice
1325 1023 1469 1063 aedem
1503 1024 1706 1065 Castoris:
1747 1026 1914 1075 deinde,
1956 1027 1991 1066 si

241 1095 390 1140 audes,
420 1092 484 1131 sac
516 1090 769 1130 mentionem
802 1088 1078 1126 innocentiae.
1131 1086 1382 1139 Diligentia‘?
1430 1087 1593 1127 Codicis
1624 1087 1770 1128 lituras
1801 1089 1861 1128 tui
1893 1102 1992 1129 con-

240 1155 439 1209 templare
470 1154 511 1193 in
544 1152 704 1192 Sthenii
736 1149 991 1189 Thermitani
1028 1150 1223 1188 nomine:
1262 1148 1411 1187 deinde
1442 1149 1548 1188 aude
1579 1155 1618 1189 te
1651 1150 1787 1189 dicere
1819 1151 1993 1204 diligen-

193 1231 226 1259 t5
242 1224 336 1258 tem.
376 1215 581 1269 Ingenio?
615 1213 695 1262 Qui
722 1218 847 1252 testes
878 1212 1132 1264 interrogare
1163 1211 1301 1263 priore
1323 1211 1484 1250 actione
1506 1211 1690 1251 nolueris
1712 1218 1752 1251 et
1773 1213 1823 1253 iis
1844 1213 1993 1253 tacitus

241 1295 286 1321 os
320 1284 436 1319 tuum
467 1278 666 1331 praebere
698 1275 915 1321 malueris,
949 1288 1073 1327 quam
1104 1274 1166 1313 vis
1199 1278 1239 1312 et
1270 1278 1307 1312 te
1341 1278 1380 1312 et
1410 1278 1608 1325 patronos
1631 1279 1724 1314 tuos
1753 1275 1992 1327 ingeniosos

240 1356 331 1382 esse
373 1341 513 1380 dicito.
570 1340 662 1387 Qua
702 1352 745 1377 re
776 1337 902 1389 igitur
933 1337 973 1375 id
1005 1336 1116 1389 quod
1149 1336 1208 1375 ais
1240 1339 1454 1375 assecutus
1487 1337 1564 1374 es?
1610 1337 1760 1389 Magna
1791 1341 1853 1376 est
1883 1337 1993 1377 enim

239 1404 351 1450 laus,
383 1402 416 1441 si
448 1403 682 1454 superiores
715 1399 890 1440 consilio
923 1399 1078 1445 vicisti,
1110 1399 1413 1451 posterioribus
1437 1399 1673 1451 exemplum
1705 1404 1830 1453 atque
1852 1405 1994 1440 aucto-

239 1467 401 1506 ritatem
431 1463 652 1517 reliquisti.
713 1462 805 1501 Tibi
836 1461 1011 1501 fortasse
1043 1460 1219 1500 idoneus
1249 1460 1327 1499 fuit
1357 1474 1502 1507 nemo,
1535 1475 1659 1514 quem
1689 1462 1921 1502 imitarere:
1954 1467 1995 1503 at

190 1534 279 1570 eote
325 1527 539 1573 videlicet,
586 1527 846 1565 inventorem
884 1537 1019 1562 rerum
1061 1523 1311 1575 optirnarum
1347 1536 1393 1561 ac
1425 1523 1674 1576 principem,
1723 1524 1996 1564 imitabuntur

241 1604 398 1630 omnes.
458 1586 522 1627 42.
556 1588 658 1636 Quis
691 1592 830 1627 arator
860 1591 899 1625 te
936 1590 1126 1638 praetore
1159 1585 1372 1623 decumam
1407 1584 1546 1624 dedit?
1599 1587 1691 1638 quis
1723 1586 1854 1625 duas‘?
1901 1587 1994 1639 quis

239 1666 324 1692 non
356 1651 536 1690 maximo
569 1663 611 1689 se
643 1650 834 1689 affectum
866 1646 1067 1687 beneficio
1098 1647 1279 1700 putavit,
1312 1660 1405 1685 cum
1436 1648 1566 1686 tribus
1598 1648 1783 1687 decumis
1814 1662 1889 1700 pro
1911 1663 1995 1689 una

241 1715 555 1767 defungeretur,
596 1717 759 1765 praeter
796 1723 975 1763 paucos,
1016 1710 1086 1763 qui
1119 1715 1289 1762 propter
1320 1710 1559 1749 societatem
1590 1709 1795 1749 furtorum
1827 1717 1994 1751 tuorum

239 1777 345 1817 nihil
387 1776 555 1816 omnino
599 1774 833 1814 dederunt?
879 1773 1005 1819 Vide,
1048 1772 1155 1810 inter
1196 1772 1554 1824 importunitatem
1595 1777 1706 1811 tuam
1740 1778 1995 1827 senatusque

190 1839 465 1880 95bonitatem
506 1837 606 1891 quid
650 1835 827 1875 intersit.
889 1835 1066 1874 Senatus
1098 1847 1191 1873 cum
1222 1833 1480 1887 temporibus
1518 1834 1576 1872 rei
1614 1834 1803 1886 publicae
1836 1835 1998 1888 cogitur

240 1907 287 1942 ut
318 1901 530 1947 decernat,
561 1904 608 1939 ut
638 1898 792 1938 alterae
824 1897 1025 1936 decumae
1057 1897 1296 1949 exigantur,
1328 1896 1385 1935 ita
1413 1895 1619 1943 decernit,
1650 1901 1695 1935 ut
1724 1910 1800 1949 pro
1831 1896 1896 1936 his
1927 1897 1998 1937 de-

241 1963 373 2004 cumis
404 1961 583 2015 pecunia
613 1961 798 2000 solvatur
828 1959 1083 2007 aratoribus;
1116 1964 1180 2005 ut,
1213 1971 1295 2011 quo
1318 1958 1411 2010 plus
1435 1958 1629 2005 sumitur,
1663 1972 1787 2012 quam
1809 1958 1997 2006 debetur,

240 2024 281 2064 id
314 2024 415 2071 emi,
448 2037 531 2063 non
562 2022 716 2063 auferri
748 2027 929 2074 putetur.
980 2023 1041 2060 Tu
1074 2035 1167 2060 cum
1199 2026 1259 2060 tot
1281 2019 1476 2059 decumas
1498 2032 1581 2059 non
1604 2026 1771 2060 senatus
1793 2021 1997 2068 consulto,

242 2087 313 2127 sed
344 2086 464 2125 novis
496 2085 640 2125 edictis
672 2085 753 2124 tuis
784 2083 1041 2136 nefariisque
1074 2083 1276 2122 institutis
1299 2082 1487 2134 exigeres
1510 2088 1550 2121 et
1571 2083 1771 2135 eriperes,
1803 2095 1998 2135 magnum

190 2164 226 2192 30
243 2154 281 2189 te
312 2148 460 2188 fecisse
490 2148 708 2193 arbitrare,
741 2147 773 2185 si
805 2145 936 2200 pluris
958 2146 1194 2184 vendideris
1217 2157 1341 2198 quam
1370 2145 1413 2182 L.
1437 2145 1707 2191 Hortensius,
1740 2150 1858 2197 pater
1878 2146 1997 2186 istius

243 2211 291 2259 Q.
323 2210 556 2256 Hortensii,
590 2223 714 2263 quam
748 2209 819 2248 Cn.
842 2209 1085 2261 Pompeius,
1119 2220 1243 2261 quam
1268 2206 1309 2246 C.
1332 2206 1574 2253 Marcellus,
1608 2207 1679 2259 qui
1702 2207 1752 2246 ab
1775 2209 1997 2261 aequitate,

244 2273 293 2313 ab
333 2273 449 2325 lege,
495 2272 545 2310 ab
586 2271 789 2311 institutis
828 2283 911 2309 non
952 2270 1247 2309 recesserunt?
1307 2265 1373 2306 43.
1415 2269 1478 2306 An
1519 2268 1593 2308 tibi
1634 2270 1756 2309 unius
1799 2271 1897 2310 anni
1928 2277 1999 2311 aut

244 2335 401 2375 biennii
432 2335 536 2374 ratio
569 2333 645 2372 fuit
674 2331 887 2378 habenda,
921 2332 1033 2371 salus
1064 2331 1324 2384 provinciae,
1358 2330 1576 2369 commoda
1598 2331 1658 2370 rei
1689 2331 1998 2380 frumentariae,

244 2398 350 2438 ratio
382 2397 442 2436 rei
472 2396 665 2449 publicae
696 2396 739 2434 in
769 2395 1052 2448 posteritatem
1084 2393 1162 2433 fuit
1193 2392 1471 2445 negligenda?
1519 2392 1620 2433 Cum
1651 2406 1736 2433 rem
1767 2395 1825 2434 ita
1846 2395 2000 2435 consti-

331 2553 359 2583 4.
387 2552 436 2582 ais
459 2559 528 2581 om.
555 2549 643 2589 Lgffl
676 2548 775 2590 prol).
802 2548 946 2581 Halmio.
977 2568 1011 2571 —
1046 2550 1076 2580 ⁰2.
1102 2548 1336 2579 renclidisti--
1354 2555 1505 2578 annonae
1528 2548 1598 2577 cari
1623 2547 1652 2587 ἓ.
1680 2546 1732 2580 47.
1758 2556 1789 2578 v.
1818 2548 1869 2580 49.
1895 2548 2002 2581 habet

243 2603 280 2634 V.
311 2620 346 2624 ——
373 2603 403 2633 2.
429 2603 459 2633 5.
487 2601 517 2631 6.
540 2601 650 2640 partis
672 2601 711 2630 V.
741 2617 775 2621 —
809 2599 838 2631 li.
866 2600 968 2631 omnis
992 2600 1031 2630 Υ.
1060 2616 1095 2621 -—
1130 2599 1159 2629 7.
1185 2607 1261 2629 vero
1286 2606 1354 2629 om.
1382 2598 1420 2628 Υ.
1449 2598 1537 2636 (quid
1562 2600 1614 2629 est
1638 2598 1670 2628 in
1696 2598 1762 2629 tine
1787 2599 1935 2639 versus.)
1963 2615 1998 2621 -

243 2653 274 2683 8.
297 2660 396 2691 preco
418 2650 457 2681 V.
487 2669 521 2673 —
546 2649 790 2690 proniitiauiuit
813 2659 965 2681 renerum
988 2650 1028 2681 V.
1050 2667 1084 2671 ——
1110 2649 1309 2679 condictione
1333 2646 1433 2686 Lg'iz‘..
1463 2665 1496 2668 —
1525 2647 1554 2677 9.
1581 2651 1737 2678 venerunt
1760 2646 1863 2687 Lgffl.
1885 2666 1919 2670 -—
1948 2649 2000 2679 tt.

243 2703 395 2732 decumas
428 2701 598 2731 vendidisti
622 2700 711 2739 ng
729 2710 757 2739 φ
791 2700 851 2738 (cs.
879 2700 908 2740 g.
935 2700 987 2731 49.
1015 2700 1066 2730 90.
1094 2700 1105 2729 1¹
1118 2699 1201 2737 t7.):
1234 2698 1361 2728 vendidi
1387 2698 1537 2727 decumas
1560 2698 1599 2734 V,
1627 2699 1684 2728 ctt.
1711 2696 1747 2728 Ο.
1785 2696 1946 2729 Similiter
1968 2699 2002 2730 in

243 2750 316 2781 aliis
340 2748 457 2781 verbis
482 2748 658 2780 turbatum
684 2752 754 2785 est,
786 2758 817 2780 v.
846 2759 875 2780 c.
902 2749 1060 2789 offendisti
1085 2750 1119 2779 ct
1143 2748 1259 2787 offendi
1284 2746 1313 2786 g.
1338 2746 1410 2777 424.
1434 2762 1468 2768 —
1497 2747 1547 2777 42.
1575 2747 1788 2777 adsecutusv
1812 2749 1846 2779 et
1869 2748 1920 2779 sic
1944 2748 2003 2779 de-

244 2801 376 2840 inceps.
407 2816 440 2820 —
468 2799 518 2829 43.
545 2799 647 2829 litura
670 2799 797 2839 Lg2!)A
813 2800 849 2830 B.
872 2815 906 2820 —
934 2800 991 2839 tui]
1018 2802 1051 2829 tu
1075 2798 1114 2828 Υ.
1138 2815 1170 2819 -
1200 2797 1250 2829 lli.
1278 2798 1308 2827 in
1335 2805 1403 2827 om.
1423 2797 1446 2827 B
1465 2797 1497 2827 et
1517 2797 1616 2836 Lagg.
1637 2804 1758 2827 omnes
1783 2798 1924 2837 praeter
1946 2797 1999 2829 4¹2.

246 2867 281 2871 —
309 2848 418 2880 Stheni
441 2848 481 2879 V.
511 2866 544 2870 —
571 2849 675 2878 dicere
699 2849 783 2879 ande
806 2852 835 2879 te
857 2849 896 2878 V.
919 2865 953 2870 —
983 2849 1033 2879 15.
1062 2848 1147 2878 testis
1162 2847 1191 2877 V
1215 2848 1248 2878 et
1273 2845 1372 2886 Lgtsvz.
1397 2863 1429 2868 —
1457 2846 1666 2885 interrogare
1688 2846 1776 2886 Lgffl
1790 2847 1834 2877 V:
1861 2847 2003 2878 interro-

243 2899 319 2939 gari
344 2900 402 2929 ctt.
429 2898 465 2928 O.
487 2915 521 2918 —
549 2898 691 2928 uolueris
716 2898 752 2928 V.
775 2915 809 2920 -—
837 2901 864 2928 et
887 2898 915 2928 is
931 2898 975 2934 Y;
1001 2901 1029 2928 et
1055 2898 1092 2927 iis
1109 2897 1327 2927 --malueris
1350 2904 1417 2926 om.
1446 2897 1468 2926 B
1495 2898 1527 2926 ct
1552 2896 1652 2935 Lgess.
1674 2914 1709 2917 —
1735 2897 1852 2927 tacitus
1870 2896 1957 2936 [ἕξ-Ξ
1972 2897 2003 2928 M

243 2949 290 2978 V:
318 2949 453 2979 tacitum
470 2949 527 2978 ott.
548 2948 584 2978 O.
608 2964 641 2969 —-
669 2948 719 2977 46.
739 2949 901 2986 quamvis
917 2949 1018 2986 Lagg.
1039 2956 1180 2981 omncs,
1208 2946 1270 2977 VA
1286 2946 1310 2976 Η
1324 2951 1375 2984 ψ;
1404 2949 1561 2984 qnantum
1578 2946 1626 2975 ris
1643 2946 1665 2976 B
1681 2945 1705 2976 C
1721 2946 1757 2977 Ο.
1779 2963 1814 2967 -
1841 2945 1891 2976 47.
1918 2946 2002 2976 enim

244 3000 288 3028 est
312 2998 354 3033 B;
381 2997 466 3027 enim
490 3005 559 3027 om.
586 2996 631 3027 Y:
669 2997 752 3027 enim
777 2998 849 3028 laus
873 3001 916 3028 cst
940 2997 1039 3033 Luat).
1069 3013 1104 3018 —
1135 2996 1184 3027 49.
1212 2996 1399 3035 quantitare
1422 2995 1460 3025 V.
1490 3012 1523 3017 —
1560 3004 1618 3033 ac,
1646 3004 1714 3027 non
1739 3000 1785 3033 at,
1812 2996 1899 3026 Maio
1924 2996 1957 3027 in
1974 2996 2002 3026 V

244 3045 381 3077 videtur
405 3054 494 3077 essev
518 3064 553 3068 —
582 3047 631 3076 21.
659 3051 776 3077 arator
792 3047 819 3076 V
844 3049 877 3077 et.
901 3046 1002 3077 codd.
1032 3046 1120 3076 noti:
1146 3048 1321 3075 aratorum
1344 3046 1380 3075 0.
1407 3062 1439 3065 ——
1468 3045 1519 3075 ΞΖ.
1547 3045 1709 3084 adfectum
1733 3045 1772 3074 Υ.
1794 3062 1829 3066 -
1855 3045 1907 3075 23.
1934 3048 2003 3075 tuo-

245 3103 319 3125 rum
343 3103 411 3125 om.
438 3095 476 3125 V.
506 3113 539 3117 —-
566 3095 618 3127 ᾗ.
646 3096 765 3135 inport.
785 3096 823 3127 V.
846 3114 880 3118 —
906 3096 959 3127 ⁹26.
983 3104 1046 3135 pro
1069 3096 1099 3125 Ιι.
1126 3095 1156 3125 d.
1180 3095 1321 3132 pecunia
1346 3093 1433 3132 Lgffl
1452 3094 1494 3123 V:
1519 3103 1587 3133 pcc.
1612 3103 1674 3132 pro
1697 3094 1727 3124 h.
1754 3094 1784 3124 d.
1812 3095 1869 3124 ctt.
1897 3094 1933 3125 O.
1962 3111 1999 3117 —

245 3144 297 3174 ΞΠ.
331 3152 394 3181 quo
429 3144 657 3184 Lg-tzABcp:
697 3146 781 3184 quod
810 3146 914 3183 Ὦρα.
941 3148 978 3175 O.
1009 3163 1042 3167 —
1076 3145 1128 3175 028.
1156 3144 1189 3174 id
1211 3144 1272 3174 emi
1296 3144 1323 3173 V
1335 3153 1384 3182 cp:
1422 3144 1505 3174 idem
1529 3144 1630 3175 codd.
1657 3142 1729 3175 rell.
1757 3145 1791 3175 et
1815 3143 1894 3175 edd.
1922 3145 2000 3175 ante

247 3193 366 3224 Lami».
394 3195 564 3234 repetitt.;
592 3195 624 3225 id
647 3196 708 3226 emi
732 3205 796 3225 ηοη
820 3204 888 3226 om.
918 3194 1019 3235 [ξιξ-Ξ.
1042 3212 1076 3216 —
1103 3195 1226 3225 clecmn.
1256 3194 1325 3232 (sic)
1346 3194 1382 3225 V.
1406 3211 1438 3216 -—
1465 3203 1531 3224 sen.
1557 3194 1710 3225 consultis
1732 3194 1812 3231 ΑΒ,
1839 3193 1940 3232 Lg29.
1963 3210 1998 3214 —

246 3244 298 3274 ⁹29.
326 3244 510 3283 nesarisquc
533 3244 572 3275 V.
607 3260 644 3266 ·—
681 3244 732 3275 30.
764 3244 931 3275 arbitrare
961 3243 1048 3283 Lgffl
1067 3244 1112 3274 V:
1153 3242 1362 3274 arbitrabare
1390 3244 1536 3282 LgQOCg
1574 3242 1777 3274 arbitrabere
1807 3244 1864 3274 ett.
1892 3244 1928 3274 O.
1961 3260 1996 3264 —

248 3293 299 3324 3¹.
336 3294 501 3331 Hortensi,
539 3302 639 3332 quam
674 3294 730 3325 Cn.
766 3296 924 3334 Pompeius
952 3295 991 3325 V.
1028 3312 1060 3315 —
1102 3294 1135 3325 C.
1166 3294 1272 3324 Marc.
1299 3291 1387 3331 Lgffl
1405 3293 1490 3323 VL:
1527 3293 1573 3324 M.
1599 3293 1704 3323 Marc.
1732 3292 1834 3323 codd.
1860 3291 1933 3324 rell.
1959 3293 1996 3324 O.

250 3359 284 3363 —-
312 3342 362 3374 33.
397 3343 502 3375 bienni
526 3344 564 3375 V.
598 3360 632 3366 --
669 3344 732 3384 fuit
760 3344 908 3376 habenda
938 3343 1027 3384 Lng
1044 3345 1089 3374 Y:
1126 3344 1201 3374 hab.
1228 3340 1291 3380 fuit
1323 3344 1380 3374 ctt.
1407 3343 1443 3374 O.
1472 3359 1507 3365 —-
1534 3342 1586 3375 34.
1612 3343 1646 3373 in
1664 3342 1887 3383 posteritatem
1908 3341 1998 3382 Lg42
