2175 3718
453 205 540 245 Lm.
570 205 601 245 1.
643 203 738 245 Cn».
769 203 920 245 XLVII
935 226 988 234 —
1004 203 1189 244 XLVIII.
1228 200 1302 256 33.
1334 200 1414 242 420
1426 225 1480 234 -
1495 201 1587 245 426.
1819 199 1900 244 ’167

151 321 332 361 facturos
377 330 490 365 esse,
539 315 651 370 quod
695 320 837 355 contra
875 315 1007 368 legem
1041 314 1273 355 Corneliam
1310 319 1438 361 esset,
1486 328 1592 367 quae
1623 316 1901 369 proscriptum

151 381 283 423 iuvari
323 385 446 420 vetat.
504 379 750 430 Impetrant,
794 382 840 416 ut
881 390 932 416 ne
970 377 1130 416 iurent:
1174 376 1245 415 dat
1274 376 1336 416 his
1365 376 1690 428 possessionem.
1749 377 1794 417 Id
1826 390 1903 431 ego

152 457 237 484 non
267 441 550 496 reprehendo;
591 439 742 478 etenim
774 444 861 478 erat
891 439 1081 492 iniquum
1111 438 1269 477 homini
1301 437 1536 491 proscripto
1578 439 1714 489 egenti
1746 440 1796 478 de
1824 439 1906 478 fra-

154 506 279 547 ternis
307 505 428 544 bonis
450 501 676 555 quidquam
704 500 791 539 dari
812 514 820 538 :
852 500 1045 547 libertus,
1077 500 1157 539 nisi
1185 514 1237 539 ex
1260 504 1507 540 testamento
1529 499 1694 552 patroni
1716 499 1905 548 iurasset,

154 568 289 609 scelus
333 579 376 606 se
420 565 625 604 facturum
669 562 957 602 arbitrabatur.
1018 560 1111 602 «¹24.
1150 563 1295 616 Itaque
1336 563 1374 602 ei
1403 562 1554 601 Verres
1596 562 1938 614 possessionem5

154 628 395 670 hereditatis
438 630 563 679 negat
606 638 649 665 se
689 624 904 672 daturum,
950 638 1001 664 ne
1042 630 1185 678 posset
1222 629 1444 677 patronum
1476 637 1597 662 suum
1628 624 1906 676 proscriptum

154 693 318 738 iuvare;
357 688 480 729 simul
521 692 567 727 ut
597 692 705 727 esset
734 700 888 740 poena,
929 687 1042 741 quod
1072 687 1243 727 alterius
1274 685 1440 739 patroni
1469 690 1718 725 testamento
1750 686 1909 725 obtem-

153 757 352 807 perasset.
410 752 492 790 Das
531 750 838 804 possessionem
872 750 930 797 ei,
973 749 1044 802 qui
1075 762 1159 788 non
1190 748 1360 795 iuravit3
1404 747 1608 787 concedo:
1653 748 1909 800 praetorium

154 821 228 855 est.
272 813 431 854 Adimis
463 817 504 852 tu
538 813 597 859 ei,
629 812 699 865 qui
732 812 895 851 iuravit.
941 810 1035 859 Quo
1068 810 1295 863 exemplo?
1332 809 1616 862 Proscriptum
1647 810 1773 850 iuvat.
1823 809 1910 849 Lex

154 883 238 925 est3
269 889 402 929 poena
435 879 516 914 est:
550 874 652 928 quid
683 874 734 913 ad
767 888 883 921 eum,
916 873 988 927 qui
1018 873 1084 912 ius
1117 872 1245 912 dicit?
1291 873 1436 912 Utrum
1467 872 1763 925 reprehendis,
1796 871 1909 926 quod
1926 883 1960 912 4ο

152 945 372 993 patronum
414 937 582 977 iuvabat
613 950 729 985 eum,
773 938 844 990 qui
877 936 920 975 in
950 936 1129 976 miseriis
1161 940 1269 983 erat;
1315 948 1367 975 an
1399 933 1513 988 quod
1544 934 1716 974 alterius
1745 934 1910 987 patroni

153 1001 305 1042 mortui
334 1000 591 1040 voluntatem
623 999 916 1045 conservabat,
954 1011 977 1037 a
1017 1012 1100 1051 quo
1142 1011 1348 1038 summum
1379 994 1628 1037 beneficium
1659 997 1911 1049 acceperat?

154 1065 297 1104 Utrum
341 1062 491 1102 horum
532 1061 832 1115 reprehendis?
890 1061 943 1100 Et
979 1060 1060 1100 hoc
1098 1065 1185 1100 tum
1227 1060 1278 1100 de
1316 1060 1419 1100 sella
1455 1060 1519 1098 vir
1558 1060 1739 1112 optimus
1787 1059 1911 1106 dixit,

158 1126 319 1179 «Equiti
349 1126 557 1172 Romano,
598 1131 678 1164 tam
718 1124 940 1177 locupleti,
981 1123 1200 1163 libertinus
1229 1123 1356 1162 homo
1388 1123 1441 1162 sit
1469 1122 1656 1162 heres‘I»
1704 1120 1737 1161 O
1770 1122 1912 1162 mode-

154 1194 261 1229 stum
294 1188 504 1234 ordinem,
537 1186 650 1240 quod
682 1186 796 1225 illinc
826 1187 943 1225 vivus
975 1185 1223 1225 surrexeritl
1284 1182 1378 1223 1125.
1409 1185 1584 1224 Possum
1616 1191 1813 1225 sexcenta
1843 1185 1913 1225 de·
1929 1195 1964 1224 45

156 1256 267 1292 creta
296 1249 504 1303 proferre,
536 1250 578 1289 in
610 1248 781 1302 quibus,
812 1252 858 1287 ut
883 1261 958 1301 ego
981 1262 1065 1288 non
1088 1248 1241 1295 dicam,
1272 1247 1495 1301 pecuniam
1516 1247 1802 1287 intercessisse
1824 1247 1915 1300 ipsa

156 1313 415 1352 decretorum
456 1312 617 1351 novitas
653 1310 937 1363 iniquitasque
969 1310 1166 1350 declarat.
1225 1311 1378 1350 Verum
1409 1314 1455 1349 ut
1485 1322 1537 1349 ex
1565 1322 1650 1349 uno
1683 1309 1734 1349 de
1765 1309 1915 1349 ceteris

155 1376 436 1416 coniecturam
478 1373 614 1413 facere
653 1373 844 1426 possitiS‚
890 1373 931 1412 id
963 1373 1076 1427 quod
1116 1374 1255 1426 priore
1287 1372 1451 1412 actione
1485 1371 1714 1420 didicistis,
1759 1371 1914 1412 audite.

156 1438 340 1479 XLVIII.
374 1437 415 1477 C.
449 1437 658 1490 Sulpicius
691 1437 894 1490 Olympus
925 1435 1015 1476 fuit.
1074 1437 1113 1476 Is
1154 1442 1341 1476 mortuus
1374 1439 1435 1474 est
1467 1433 1509 1474 C.
1542 1433 1767 1474 Sacerdote
1796 1446 1917 1487 prae-

157 1507 268 1548 tore,
299 1500 441 1539 nescio
474 1513 526 1539 an
558 1504 653 1538 ante
685 1512 810 1552 quam
841 1499 991 1538 Verres
1022 1504 1259 1551 praeturam
1289 1502 1432 1551 petere
1464 1496 1615 1550 coepit.
1655 1497 1770 1537 Fecit
1796 1496 1967 1537 here-20

157 1564 250 1603 dem
294 1563 348 1602 M.
381 1561 598 1601 Octavium
637 1561 845 1613 Ligurem.
904 1562 1032 1614 Ligur
1067 1561 1341 1601 hereditatem
1383 1560 1511 1600 adiit:
1549 1558 1738 1612 possedit
1774 1558 1919 1598 Sacer-

159 1626 256 1665 dote
295 1629 491 1678 praetore
532 1624 621 1664 sine
659 1624 745 1663 ulla
785 1624 1082 1664 controversia.
1142 1625 1422 1677 Posteaquam
1451 1623 1601 1661 Verres
1631 1621 1918 1674 magistratum

159 1689 275 1734 iniit,
314 1700 365 1726 ex
397 1686 533 1725 edicto
564 1685 707 1732 istius,
752 1685 864 1739 quod
906 1686 1087 1726 edictum
1128 1685 1331 1726 Sacerdos
1362 1698 1447 1725 non
1476 1684 1700 1732 habuerat,
1744 1682 1920 1736 Sulpicii

163 1751 327 1805 patroni
368 1750 456 1789 filia
486 1755 644 1789 sextam
683 1754 843 1802 partem
871 1749 1116 1789 hereditatis
1146 1749 1196 1788 ab
1227 1748 1380 1802 Ligure
1410 1751 1552 1800 petere
1584 1746 1734 1799 coepit.
1792 1745 1921 1798 Ligur

160 1826 247 1852 non
279 1812 434 1851 aderat.
494 1813 645 1852 Lucius
675 1812 801 1851 frater
831 1812 921 1852 eius
952 1825 1118 1851 causam
1148 1811 1323 1864 agebat:
1371 1810 1545 1850 aderant
1573 1808 1715 1857 amici,
1745 1807 1968 1862 propin-25

164 1874 251 1927 qui.
311 1874 486 1914 Dicebat
524 1874 623 1921 iste,
666 1874 746 1913 nisi
784 1887 876 1913 cum
914 1874 1090 1914 muliere
1129 1873 1414 1920 decideretur,
1458 1873 1502 1912 in
1531 1871 1843 1926 possessionem
1875 1882 1920 1909 se

162 1937 220 1974 ire
251 1936 474 1975 iussurum.
532 1936 577 1974 L.
611 1936 769 1976 Gellius
811 1950 979 1976 causam
1018 1937 1181 1989 Liguris
1212 1935 1486 1975 defendebat:
1530 1934 1708 1974 docebat
1738 1932 1919 1972 edictum

163 1997 251 2036 eius
282 2010 365 2035 non
396 2003 588 2050 oportere
628 1999 668 2037 in
708 2011 777 2038 eas
807 1998 1062 2038 hereditates
1092 1998 1252 2045 valere,
1294 2010 1402 2050 quae
1432 2000 1527 2036 ante
1559 2009 1653 2036 eum
1683 1999 1919 2048 praetorem

162 2058 397 2105 venissent3
429 2059 461 2098 si
493 2059 572 2098 hoc
604 2064 690 2099 tum
721 2059 868 2100 fuisset
891 2060 1091 2108 edictum,
1122 2060 1299 2100 fortasse
1321 2059 1517 2112 Ligurem
1536 2058 1810 2098 hereditatem
1831 2055 1920 2096 adi-

162 2124 300 2158 turum
331 2132 414 2159 non
445 2120 588 2160 fuisse.
648 2123 794 2175 Aequa
823 2122 1071 2175 postulatio,
1105 2136 1266 2163 summa
1292 2122 1509 2162 hominum
1531 2121 1755 2160 auctoritas
1782 2119 1918 2173 pretio
1932 2128 1968 2158 30

163 2181 447 2233 superabatur.
516 2179 609 2222 HG.
649 2184 772 2223 Venit
810 2186 981 2224 Romam
1018 2186 1169 2238 Ligur:
1214 2199 1299 2225 non
1336 2185 1553 2224 dubitabat
1591 2182 1716 2237 quin,
1757 2182 1791 2222 si
1828 2181 1918 2235 ipse

162 2244 331 2284 Verrem
361 2245 644 2293 convenisset,
676 2246 886 2300 aequitate
917 2260 1088 2295 causae,
1121 2249 1365 2288 auctoritate
1397 2260 1472 2287 sua
1492 2258 1754 2286 commovere
1785 2244 1920 2284 homi-

161 2319 253 2345 nem
286 2312 437 2359 posset.
495 2307 672 2347 Domum
705 2308 757 2348 ad
788 2321 882 2348 eum
913 2309 1052 2349 venit:
1084 2323 1170 2349 rem
1192 2310 1474 2349 demonstrat:
1509 2321 1634 2362 quam
1655 2306 1818 2361 pridem
1840 2306 1919 2346 sibi

160 2367 370 2408 hereditas
391 2369 593 2418 venisset,
626 2370 768 2411 docet:
800 2371 913 2425 quod
943 2371 1064 2412 facile
1093 2372 1254 2412 homini
1284 2371 1503 2425 ingenioso
1535 2371 1578 2411 in
1600 2382 1726 2410 causa
1753 2369 1919 2423 aequis-

225 2528 254 2558 4.
274 2530 405 2559 acturos
423 2529 461 2561 V.
477 2547 511 2551 —
530 2530 559 2560 ⁶2.
571 2532 695 2561 velaret
712 2531 800 2562 coni.
820 2531 899 2562 Ern.
918 2531 1052 2572 Zumpt.
1073 2532 1252 2563 «Fortasse
1269 2530 1358 2561 haec
1375 2538 1460 2570 qaae
1473 2532 1617 2560 -—vetat
1633 2537 1651 2560 e
1669 2527 1783 2569 glossa
1801 2529 1916 2560 sunt.»

161 2578 266 2609 On.-—
285 2578 449 2617 inpetrant
466 2579 547 2609 V.—
573 2579 631 2620 his]
657 2582 706 2611 An
732 2580 798 2611 iis‘?
822 2598 855 2602 —
881 2581 913 2612 3.
932 2581 1152 2620 repraehendo
1169 2582 1249 2612 V.-—
1276 2581 1399 2612 inicum
1414 2580 1454 2611 V.
1477 2598 1511 2602 -
1538 2579 1568 2611 4.
1588 2579 1721 2610 libertus
1736 2579 1784 2609 V:
1813 2582 1842 2610 et
1864 2578 1918 2610 ille

159 2626 213 2657 lib.
240 2627 298 2658 ctt.
325 2628 446 2663 codd.;
483 2632 519 2660 at
542 2630 594 2661 ille
617 2630 659 2661 de
684 2631 773 2662 coni.
800 2632 879 2663 Ern.
905 2632 942 2663 O.
971 2649 1005 2653 —
1040 2633 1070 2663 7.
1098 2634 1349 2671 optemperasset
1371 2630 1410 2661 V.
1440 2646 1475 2652 -
1503 2629 1533 2660 9.
1561 2629 1690 2660 adimas
1714 2629 1819 2660 Prisc.
1844 2627 1866 2659 l.
1892 2627 1915 2659 l.

163 2694 196 2698 —
217 2676 268 2707 44.
287 2677 321 2707 in
343 2679 414 2709 mis.
432 2679 481 2709 V:
508 2682 576 2710 tum
599 2680 633 2710 in
655 2681 807 2712 mis..ctt.
828 2682 863 2712 Ο.
884 2700 917 2702 ἡ
944 2682 999 2721 an]
1024 2682 1058 2712 in.
1083 2682 1120 2713 V.
1142 2698 1176 2703 —
1205 2682 1257 2713 42.
1274 2681 1485 2712 volumtatem
1500 2679 1540 2710 V.
1561 2697 1597 2701 —
1624 2688 1646 2710 a
1669 2687 1738 2711 om.
1760 2679 1797 2717 V,
1814 2677 1915 2719 Lg‘29.

162 2741 197 2747 —
220 2724 270 2756 43.
297 2725 433 2758 obtimus
455 2729 542 2760 dioeis
563 2730 602 2760 V.
632 2745 666 2752 —
696 2729 746 2762 44..
773 2731 866 2761 homo
889 2731 929 2761 sit
951 2731 997 2762 V:
1024 2732 1063 2763 sil
1086 2732 1180 2763 homo
1204 2733 1263 2763 ctt.
1291 2731 1328 2763 O.
1348 2748 1382 2753 ——
1409 2732 1461 2762 45.
1487 2729 1672 2761 surrexerit
1695 2728 1745 2758 V:
1772 2729 1919 2760 surrexit

160 2776 218 2806 ctt.
245 2776 282 2806 Ο.
311 2793 345 2798 -
371 2781 523 2810 sexcenta
546 2779 701 2811 Donatus
726 2780 769 2812 ad
793 2781 931 2812 Terent.
960 2781 1098 2812 Phorm.
1125 2782 1179 2813 IV.
1207 2782 1238 2820 3,
1264 2781 1326 2813 63;
1353 2783 1497 2812 sescenta
1519 2779 1564 2816 V?
1593 2779 1771 2819 sexaginta
1794 2779 1853 2809 ctt.
1879 2796 1915 2800 —-

161 2825 210 2856 46,
236 2828 272 2856 ut
295 2834 364 2858 om.
391 2827 430 2858 V.
459 2846 494 2850 —
528 2838 586 2869 <²90
609 2839 674 2860 non
699 2831 806 2861 dicam
827 2839 896 2870 pec.
924 2831 971 2861 V:
1007 2840 1064 2871 ⁰90
1087 2841 1160 2872 pec.
1186 2842 1219 2863 η.
1246 2832 1276 2863 cl.
1304 2833 1363 2863 ctt.
1390 2831 1428 2862 Ο.
1456 2848 1491 2852 -
1521 2829 1571 2861 48.
1597 2828 1752 2860 didicistis
1775 2828 1825 2858 V:
1861 2837 1919 2860 co-

158 2875 279 2914 qnoslis
302 2878 360 2907 ctt.
387 2877 424 2908 O.
453 2896 488 2900 -
521 2879 572 2910 49.
600 2879 756 2919 Olympus
779 2880 816 2911 V.
835 2882 879 2911 A:
917 2880 1085 2920 Olympius
1114 2891 1142 2914 s.
1170 2882 1327 2921 Olympiis
1351 2881 1413 2912 dtt.
1441 2879 1482 2912 cf.
1509 2878 1661 2911 Turneb.
1686 2878 1773 2910 Adv.
1799 2878 1914 2910 XXIV.

159 2924 210 2955 302.
240 2942 274 2946 ——
301 2926 328 2956 is
350 2934 419 2957 om.
445 2926 484 2957 V.
520 2930 563 2959 At
586 2928 627 2959 cf.
655 2928 685 2968 g.
713 2929 786 2960 423.
814 2929 886 2960 430.
915 2947 951 2952 -
977 2930 1030 2961 20.
1057 2932 1159 2971 coepit
1182 2932 1231 2962 V:
1259 2931 1400 2971 coeperit
1423 2930 1530 2962 Prisc.
1556 2928 1578 2960 l.
1605 2928 1625 2960 l.
1653 2929 1687 2959 et
1711 2927 1812 2959 codd.
1840 2926 1914 2959 rell.

159 2973 200 3005 cf.
227 2974 325 3006 Hand
349 2976 446 3008 Turs.
474 2978 497 3008 Ι.
524 2986 556 3018 p.
583 2977 656 3009 402.
685 2996 720 3000 —
756 2979 807 3010 Ἥ.
835 2979 933 3019 Ligus
963 2981 1052 3020 ng
1076 2983 1111 3012 et
1134 2982 1184 3013 sic
1208 2981 1306 3012 infra.
1334 2998 1369 3002 —
1403 2980 1456 3011 23.
1493 2988 1559 3010 non
1583 2988 1651 3010 om.
1677 2979 1717 3010 V.
1747 2994 1781 3001 -
1808 2978 1861 3010 ⁶25.
1888 2981 1918 3010 et

156 3024 332 3064 propinqui
356 3026 391 3057 L.
421 3043 455 3047 —
482 3026 535 3058 26.
561 3027 762 3058 decideretur
784 3028 813 3059 V
826 3027 938 3068 Lgffl:
973 3030 1198 3063 dec-iderentur-
1221 3033 1300 3072 ng.
1328 3030 1401 3062 rell.
1420 3031 1460 3062 H.
1489 3047 1525 3053 —
1551 3038 1583 3061 se
1606 3030 1654 3061 ire
1677 3029 1843 3060 iussurum
1867 3029 1917 3060 eV

160 3074 194 3103 et
217 3073 317 3114 Lagg.
343 3076 483 3115 praeter
506 3077 536 3107 5.
563 3075 622 3108 42:
660 3085 692 3108 se
720 3078 769 3109 ire
795 3079 972 3109 missurum
996 3080 1116 3113 Franc.
1133 3089 1186 3122 pr.
1214 3082 1281 3121 Lg'o‘
1295 3080 1359 3115 42;
1396 3087 1429 3111 se
1457 3081 1506 3111 ire
1529 3087 1602 3111 eam
1623 3080 1801 3110 missurum
1824 3078 1913 3110 coni.

160 3122 281 3153 Kahnt.
307 3122 329 3154 l.
347 3122 368 3154 l.
397 3133 428 3165 p.
458 3124 524 3161 444
549 3134 581 3157 se
602 3127 779 3158 missurum
804 3128 892 3159 coni.
920 3129 1054 3169 Zumpt.
1076 3147 1110 3152 —
1137 3131 1190 3162 ¹28.
1216 3131 1251 3161 in
1273 3139 1329 3161 eas
1350 3130 1379 3160 V
1403 3130 1508 3162 Prisc.
1528 3130 1568 3160 II.
1595 3138 1628 3170 p.
1649 3129 1722 3160 457.
1749 3127 1862 3160 Madv.
1887 3129 1913 3160 Ι.

161 3179 194 3211 p.
220 3172 314 3203 328:
341 3174 385 3204 ad
406 3183 461 3205 eas
485 3176 542 3206 ctt.
563 3176 599 3207 O.
621 3194 655 3198 -—
682 3177 733 3208 ⁶39.
759 3178 917 3209 venissent
939 3180 1045 3210 Prisc.
1072 3181 1107 3211 et
1130 3179 1232 3211 codd.
1251 3181 1393 3221 praeter
1408 3179 1454 3218 V,
1480 3179 1515 3210 in
1540 3187 1609 3220 quo
1634 3178 1687 3209 est
1707 3177 1854 3218 fuissent.
1875 3194 1913 3200 —

161 3219 212 3251 30.
230 3221 367 3253 hominis
383 3223 473 3256 Bake
491 3224 535 3256 ad
553 3226 654 3266 Legg.
674 3236 707 3267 p.
726 3226 800 3259 429.
823 3246 856 3250 —
880 3229 1008 3267 praelio
1024 3229 1107 3261 V.—
1134 3230 1185 3261 32.
1205 3239 1325 3261 causae
1341 3230 1369 3259 Υ
1385 3231 1472 3261 Non.
1491 3238 1525 3270 p.
1544 3229 1633 3260 274st
1659 3236 1779 3260 causae
1801 3231 1831 3260 et
1854 3228 1913 3259 ctt.

162 3268 198 3300 Ο.
220 3287 253 3325 .-
279 3271 332 3305 34.
357 3273 441 3305 hom.
467 3275 535 3315 inq.
559 3276 593 3306 in
616 3285 753 3308 causam
776 3278 1007 3318 aequissimam
1022 3278 1073 3316 V;
1098 3279 1133 3310 in
1156 3288 1258 3311 causa
1281 3281 1479 3320 aequissima
1501 3280 1587 3311 hom.
1611 3278 1681 3320 inq.
1707 3279 1766 3311 ctt.
1786 3278 1824 3311 Ο.
1851 3278 1916 3320 (ne-

161 3321 282 3359 gotioso
304 3330 368 3363 pro
390 3323 555 3366 inqenioso
577 3325 652 3368 dtt.)
