2143 3713
728 225 825 265 cm».
855 225 997 264 1-11.
1036 223 1108 277 §§.
1140 221 1279 263 21-6.
1788 221 1859 262 484

134 338 293 392 aliquid
315 338 519 385 dicerent,
550 337 583 376 si
606 335 723 389 probi
750 337 1104 383 existimarentur,
1136 335 1246 389 quod
1270 333 1472 373 dixissent
1499 335 1731 386 probarent,
1759 349 1869 375 nunc

135 415 224 441 sum
267 401 402 441 animo
433 398 694 452 aequissimo.
741 398 782 436 Si
815 399 923 437 enim
957 404 1051 438 sunt
1080 399 1155 437 viri
1191 397 1314 443 boni,
1355 408 1418 436 me
1450 395 1666 444 adiuvant,
1707 412 1797 437 cum
1828 398 1869 436 id

135 464 256 502 iurati
287 463 447 509 dicunt,
479 459 590 514 quod
620 473 695 512 ego
727 460 926 499 iniuratus
957 459 1174 499 insimulo:
1206 460 1269 498 sin
1297 463 1432 497 autem
1456 458 1590 497 minus
1612 458 1774 506 idonei,
1806 472 1869 498 me

135 538 219 564 non
251 524 436 570 laedunt,
468 536 580 568 cum,
611 522 660 560 iis
693 522 778 561 sive
810 522 1014 569 creditur,
1046 521 1228 561 creditur
1257 521 1335 560 hoc
1366 520 1525 572 ipsum,
1558 520 1669 572 quod
1701 533 1778 559 nos
1808 534 1871 560 ar-

136 587 316 638 guimus,
348 586 433 625 sive
463 582 563 623 fides
593 596 676 622 non
708 583 899 630 habetur,
932 583 982 621 de
1013 582 1238 623 adversarii
1269 582 1435 621 testium
1467 578 1546 620 tide
1577 581 1805 633 derogatur.
1885 591 1902 618 5

245 648 294 686 11.
325 645 363 686 4.
393 647 544 686 Verum
583 649 719 683 tamen
761 658 851 683 cum
892 646 1056 685 illorum
1094 645 1296 684 actionem
1328 656 1475 682 causae
1507 643 1748 690 considero,
1788 657 1871 683 non

136 710 277 756 video,
319 708 419 762 quid
458 705 736 759 impudentius
775 706 855 746 dici
887 708 1038 759 possit,
1076 720 1168 746 cum
1200 711 1337 745 autem
1369 709 1543 745 vestram
1575 706 1616 744 in
1647 705 1871 745 iudicando

135 771 451 816 dubitationem,
483 782 626 808 vereor
655 782 705 807 ne
738 767 799 814 id,
832 769 945 822 quod
970 769 1161 808 videntur
1191 767 1454 821 impudenter
1479 767 1647 814 fecisse,
1678 773 1812 806 astute
1834 772 1874 806 et

135 833 280 872 callide
309 831 492 872 fecerint.
552 832 674 877 Nam,
707 830 740 869 si
772 836 994 883 negassent
1015 832 1096 869 vim
1126 830 1368 870 hominibus
1400 829 1567 869 armatis
1599 842 1689 868 esse
1710 828 1873 873 factam,

132 894 250 933 facile
279 892 581 932 honestissimis
614 893 786 932 testibus
818 894 858 931 in
890 906 932 932 re
964 893 1183 945 perspicua
1214 897 1476 932 tenerentur:
1508 892 1571 931 sin
1601 889 1777 930 confessi
1812 903 1874 929 es·
1893 900 1923 928 10

134 962 224 995 sent
252 961 291 995 et
319 955 380 1001 id,
414 954 525 1007 quod
556 955 670 993 nullo
695 960 879 1007 tempore
902 955 989 994 iure
1013 953 1098 993 lieri
1127 959 1279 1007 potest,
1312 960 1447 994 tamen
1469 954 1519 993 ab
1548 966 1590 993 se
1613 953 1701 992 iure
1723 952 1874 991 factum

134 1032 223 1058 esse
254 1016 542 1063 defenderent,
582 1022 818 1069 sperarunt,
861 1016 901 1055 id
933 1017 1044 1069 quod
1076 1017 1251 1056 assecuti
1284 1023 1399 1064 sunt,
1431 1030 1473 1056 se
1504 1016 1728 1055 iniecturos
1757 1013 1874 1052 vobis

133 1093 296 1119 causam
328 1079 581 1118 deliberandi
609 1084 648 1118 et
670 1078 880 1118 iudicandi
903 1080 1050 1118 iustam
1073 1092 1227 1118 moram
1250 1092 1296 1118 ac
1317 1079 1582 1131 religionem3
1615 1077 1737 1116 simul
1758 1076 1874 1122 illud,

133 1142 243 1194 quod
274 1140 606 1193 indignissimum
637 1146 720 1187 est,
751 1140 932 1179 futurum
963 1140 1147 1180 arbitrati
1179 1146 1298 1188 sunt,
1331 1146 1375 1180 ut
1405 1141 1446 1179 in
1477 1140 1553 1179 hac
1576 1152 1699 1179 causa
1720 1152 1803 1178 non
1825 1138 1874 1176 de

133 1204 392 1256 improbitate
441 1203 535 1241 Sex.
574 1202 764 1248 Aebutii,
811 1203 883 1241 sed
925 1202 974 1241 de
1017 1202 1104 1241 iure
1145 1203 1255 1242 civili
1294 1203 1494 1242 iudicium
1537 1200 1624 1241 fieri
1654 1202 1925 1241 videretur.⁴5

133 1265 171 1304 ij.
204 1266 295 1313 Qua
324 1266 366 1303 in
396 1278 460 1311 re,
503 1263 536 1303 si
568 1263 666 1303 mihi
698 1269 805 1303 esset
836 1265 957 1303 unius
988 1265 1034 1303 A.
1069 1264 1266 1303 Caecinae
1297 1278 1420 1304 causa
1449 1264 1624 1317 agenda,
1659 1263 1878 1315 profiterer

133 1329 230 1368 satis
262 1328 459 1366 idoneum
490 1340 580 1366 esse
612 1339 676 1366 me
709 1325 993 1373 defensorem,
1025 1331 1245 1378 propterea
1266 1327 1376 1379 quod
1402 1324 1525 1366 fidem
1547 1338 1680 1365 meam
1701 1325 1876 1378 diligen-

132 1391 313 1443 tiamque
353 1394 626 1442 praestarem:
670 1402 776 1441 quae
808 1402 900 1428 cum
932 1394 1028 1428 sunt
1058 1389 1099 1427 in
1130 1394 1267 1428 actore
1299 1401 1467 1436 causae,
1508 1388 1613 1428 nihil
1643 1393 1727 1435 est,
1758 1388 1801 1426 in
1831 1400 1875 1426 re

131 1451 375 1505 praesertim
405 1456 547 1503 aperta
577 1463 623 1490 ac
654 1451 854 1503 simplici,
886 1451 998 1504 quod
1021 1450 1230 1490 excellens
1261 1450 1473 1503 ingenium
1503 1450 1749 1502 requiratur.
1793 1448 1875 1488 Sed

133 1527 224 1554 cum
255 1513 305 1552 de
338 1526 386 1553 eo
417 1512 516 1552 mihi
546 1513 634 1552 iure
665 1513 884 1553 dicendum
907 1513 982 1560 sit,
1014 1513 1126 1566 quod
1148 1513 1354 1566 pertineat
1373 1513 1424 1552 ad
1447 1525 1611 1560 omnes,
1643 1511 1756 1565 quod
1778 1525 1876 1551 con·
1890 1522 1925 1551 20

132 1576 318 1616 stitutum
350 1576 402 1614 sit
431 1588 454 1614 a
475 1574 720 1621 maioribus,
753 1581 1039 1615 conservatum
1063 1588 1195 1629 usque
1217 1575 1268 1615 ad
1289 1575 1369 1614 hoc
1390 1580 1575 1628 tempus,
1608 1588 1691 1628 quo
1714 1574 1875 1614 sublato

132 1651 215 1678 nou
247 1638 377 1678 solum
408 1650 503 1689 pars
533 1637 673 1690 aliqua
703 1637 804 1677 iuris
827 1637 1060 1685 deminuta,
1093 1638 1165 1677 sed
1198 1638 1321 1678 etiam
1350 1638 1413 1677 vis
1445 1651 1512 1685 ea,
1545 1650 1650 1690 quae
1681 1637 1761 1675 iuri
1791 1649 1876 1675 ma-

132 1701 242 1740 xime
274 1704 336 1739 est
364 1699 618 1746 adversaria,
663 1699 819 1739 iudicio
852 1699 1091 1739 confirmata
1121 1713 1212 1739 esse
1241 1699 1453 1747 videatur,
1486 1699 1604 1739 video
1635 1699 1784 1738 summi
1814 1699 1877 1737 in-

134 1762 243 1814 genii
265 1774 430 1801 causam
454 1774 565 1808 esse,
596 1774 680 1800 non
701 1767 744 1801 ut
766 1762 806 1801 id
828 1762 1152 1809 demonstretur,
1185 1763 1297 1816 quod
1323 1768 1416 1802 ante
1439 1762 1582 1801 oculos
1605 1766 1685 1808 est,
1715 1761 1788 1800 sed
1809 1774 1874 1808 ne,

135 1825 168 1863 si
200 1824 292 1877 quis
322 1823 440 1863 vobis
471 1836 585 1862 error
614 1823 656 1861 in
689 1828 800 1862 tanta
829 1837 871 1863 re
903 1824 954 1863 sit
993 1824 1200 1872 obiectus,
1240 1838 1383 1865 omnes
1414 1825 1550 1877 potius
1579 1836 1644 1863 me
1674 1823 1924 1863 arbitren-25

135 1891 201 1925 tur
230 1898 399 1932 causae,
432 1897 555 1937 quam
585 1898 659 1924 vos
689 1885 880 1937 religioni
911 1892 1070 1925 vestrae
1102 1887 1297 1926 defuisse.
1335 1885 1372 1925 6.
1396 1886 1655 1938 Quamquam
1677 1898 1753 1938 ego
1775 1885 1875 1924 mihi

136 1948 193 1987 sic
223 1946 479 2000 persuadeo,
520 1952 849 1999 recuperatores,
890 1961 973 1987 non
1003 1961 1077 1988 vos
1108 1953 1188 1989 tam
1224 1954 1395 2001 propter
1425 1948 1526 1987 iuris
1557 1948 1770 1987 obscuram
1801 1948 1877 1987 du-

134 2010 327 2063 biamque
358 2010 559 2048 rationem
589 2009 652 2048 bis
684 2009 764 2048 iam
796 2009 845 2048 de
877 2009 1020 2049 eadem
1052 2024 1175 2050 causa
1200 2010 1433 2057 dubitasse,
1466 2023 1588 2062 quam
1619 2010 1732 2063 quod
1761 2009 1877 2049 vide-

135 2078 200 2111 tur
229 2071 280 2111 ad
312 2083 510 2110 summam
540 2071 652 2111 illius
685 2072 1036 2111 existimationem
1065 2073 1144 2113 hoc
1170 2072 1369 2112 iudicium
1389 2073 1617 2125 pertinere,
1649 2085 1805 2111 moram
1825 2071 1876 2112 ad

134 2133 493 2173 condemnandum
531 2133 788 2186 anquisisse,
829 2134 951 2173 simul
993 2140 1032 2173 et
1071 2134 1130 2173 illi
1170 2135 1346 2187 spatium
1385 2133 1435 2173 ad
1476 2147 1566 2173 sese
1598 2134 1925 2186 colligendum30

134 2196 309 2236 dedisse.
360 2194 480 2242 Quod
523 2196 719 2248 quoniam
758 2196 837 2235 iam
877 2196 918 2235 in
959 2196 1304 2235 consuetudinem
1343 2196 1458 2236 venit
1498 2201 1538 2235 et
1574 2196 1615 2235 id
1656 2196 1734 2235 viri
1762 2195 1877 2243 boni,

133 2257 259 2298 vestri
300 2256 478 2304 similes,
521 2257 564 2296 in
603 2257 823 2297 iudicando
863 2257 1040 2304 faciunt,
1087 2257 1476 2311 reprehendendum
1514 2258 1689 2298 fortasse
1729 2258 1877 2304 minus,

134 2319 390 2374 querendum
412 2332 510 2359 vero
541 2320 670 2372 magis
693 2320 816 2359 etiam
839 2320 1022 2368 videtur,
1053 2321 1148 2360 ideo
1173 2321 1285 2374 quod
1311 2321 1451 2360 omnia
1469 2320 1621 2360 iudicia
1641 2326 1712 2360 aut
1732 2321 1879 2360 distra-

208 2492 239 2523 11.
256 2492 306 2523 sin
325 2491 420 2531 probi
435 2492 676 2532 Pantagathus.
698 2510 733 2515 —
752 2491 783 2524 4.
802 2492 911 2524 tedunt
926 2493 961 2524 T.
978 2510 1013 2515 —
1034 2502 1108 2525 cum
1121 2494 1162 2525 iis
1180 2494 1246 2525 sive
1267 2494 1424 2533 creditur,
1441 2493 1585 2524 creditur
1603 2493 1662 2525 hoc
1678 2494 1783 2533 ipsum
1799 2501 1879 2525 cum

133 2543 170 2574 P.
189 2541 299 2574 Fabro
316 2542 360 2573 0:
385 2551 458 2574 cum
473 2543 513 2573 iis
527 2542 592 2573 sive
614 2542 758 2573 credit-ur
779 2542 838 2573 hoc
860 2543 965 2582 ipsum
983 2541 1011 2574 Ἡ
1030 2544 1104 2583 (nisi
1129 2543 1222 2584 quod
1246 2544 1294 2575 his
1316 2553 1380 2585 pro
1397 2544 1437 2574 iis
1451 2543 1615 2575 habenta
1629 2554 1669 2583 α,
1694 2544 1755 2574 hiis
1776 2555 1817 2586 γ,
1841 2544 1882 2574 iis

134 2592 234 2624 deest
248 2593 282 2623 in
297 2590 334 2631 β,
352 2592 510 2624 crederim
529 2592 557 2632 a)
576 2593 599 2623 A
614 2601 620 2629 ;
646 2601 719 2623 cum
735 2592 800 2624 sive
817 2593 865 2624 his
881 2593 1024 2624 creditur
1039 2593 1097 2624 hoc
1116 2593 1222 2632 ipsum
1239 2594 1282 2629 L;
1308 2601 1382 2624 cum
1397 2593 1461 2624 sive
1477 2593 1620 2623 creditur
1635 2593 1683 2624 his
1704 2593 1762 2623 hoc
1776 2594 1882 2632 ipsum

133 2641 168 2676 ἓ.
193 2643 242 2674 De
260 2641 431 2683 duplicato
448 2641 556 2674 verbo
573 2643 717 2674 creditur
733 2642 776 2674 cs.
795 2651 868 2674 var.
886 2642 964 2674 lect.
985 2643 1014 2683 g.
1030 2642 1082 2675 44.
1098 2643 1150 2675 36.
1171 2643 1214 2674 de
1232 2644 1301 2684 opt.
1320 2652 1397 2683 gen.
1417 2645 1502 2674 orat.
1523 2641 1553 2682 ἓ.
1570 2643 1619 2674 ⁴9.
1639 2642 1738 2674 Verr.
1756 2644 1880 2674 Aecus.

133 2692 173 2724 V.
192 2691 223 2732 ἓ.
242 2691 294 2723 43.
320 2693 432 2724 Moser
455 2691 499 2723 ad
516 2691 637 2723 Parad.
655 2701 689 2733 p.
711 2692 770 2723 495
788 2701 840 2732 sq.
860 2710 895 2714 —-
923 2694 953 2724 6.
973 2695 1132 2724 actionem
1155 2701 1274 2724 causae
1290 2693 1314 2724 E
1327 2693 1369 2724 T:
1396 2701 1514 2724 causae
1529 2693 1688 2724 actionem
1705 2693 1729 2724 R
1744 2690 1879 2724 ALsso.

137 2759 171 2764 —-
187 2741 238 2773 40.
257 2741 440 2773 honestimis
464 2742 649 2782 (superscr.
669 2741 790 2773 litteris
806 2742 857 2781 ssi)
876 2743 912 2773 E.
928 2760 962 2765 —
990 2743 1023 2773 Μ
1038 2767 1044 2773 .
1062 2743 1148 2781 quod
1164 2743 1228 2774 ulto
1251 2743 1287 2774 T.
1306 2760 1341 2765 —
1360 2746 1465 2774 tamen
1483 2743 1507 2774 E
1522 2744 1547 2774 G
1560 2743 1597 2773 k:
1623 2745 1691 2773 tum
1708 2739 1880 2774 RALssO.

137 2806 172 2814 --
199 2791 251 2824 ⁴3.
277 2791 476 2824 deliberandi
498 2799 633 2822 causam
657 2792 693 2823 L.
722 2809 757 2813 —
787 2792 839 2822 45.
865 2791 972 2822 aebuti
995 2791 1032 2822 E.
1060 2791 1109 2823 Cf.
1136 2792 1166 2832 g.
1187 2793 1216 2823 4.
1237 2810 1271 2814 -
1299 2792 1353 2824 46.
1379 2792 1431 2833 Α.]
1455 2792 1529 2824 Auli
1552 2793 1588 2824 E.
1610 2810 1645 2814 ——
1672 2791 1722 2822 218.
1747 2791 1883 2821 sintka

136 2842 170 2872 et
190 2842 229 2873 A.
251 2860 286 2864 —
313 2846 422 2873 actore
445 2849 464 2872 e
489 2841 570 2879 (sec.
590 2841 664 2881 m.),
691 2841 827 2873 Iuntina
841 2866 848 2878 ‚
875 2841 898 2871 L
912 2839 933 2873 2
948 2840 992 2871 0:
1018 2840 1143 2872 actione
1165 2841 1205 2877 k;
1235 2845 1369 2873 auctore
1388 2843 1412 2873 R
1438 2842 1492 2881 (de
1509 2843 1533 2873 T
1550 2844 1667 2872 tamen
1691 2839 1883 2872 Harlessius

136 2888 220 2930 silet)
244 2892 283 2923 A.
303 2909 339 2913 —
363 2891 417 2922 20.
442 2890 520 2921 mihi
542 2891 613 2922 iure
636 2891 660 2921 E
675 2891 717 2921 T:
744 2891 815 2921 iure
839 2891 919 2929 (om.
944 2890 1032 2929 mihi)
1058 2899 1096 2931 γ;
1122 2891 1194 2922 iure
1216 2892 1294 2922 milii
1317 2891 1453 2925 RALQ
1469 2892 1506 2922 O.
1535 2909 1569 2913 —
1596 2891 1743 2930 quodque
1765 2889 1885 2920 consti-

135 2941 239 2970 tutum
261 2940 297 2971 T.
326 2958 360 2962 —
397 2940 450 2971 22.
476 2940 636 2971 diminuta
659 2948 758 2971 aem
773 2941 926 2981 pqtcay
950 2941 983 2970 et
1006 2941 1044 2970 A.
1083 2940 1132 2971 Cf.
1159 2939 1189 2980 g.
1216 2941 1268 2972 38.
1308 2959 1342 2963 —-
1376 2940 1431 2973 24.
1456 2944 1492 2972 ut
1520 2941 1554 2971 id
1576 2941 1812 2972 demonstretur
1834 2939 1881 2970 T:

135 2988 183 3019 uti
205 2989 439 3021 demonstretur
461 2990 487 3021 R
502 2991 528 3020 A
546 2990 569 3021 L
586 2988 608 3022 Q
626 2990 663 3020 O.
690 3006 724 3010 —
764 2990 1044 3021 demonstraretur
1075 2991 1099 3020 G
1114 2998 1132 3020 a
1147 2999 1165 3021 e
1180 2998 1214 3021 m
1227 2992 1276 3031 pt
1305 2992 1339 3022 et
1366 2993 1411 3027 A;
1448 2991 1682 3022 demonstraret
1703 2987 1740 3027 β.
1769 3006 1803 3010 -
1829 2988 1881 3019 25.

137 3037 240 3068 onmis
270 3038 364 3070 ETa
378 3047 395 3070 e
409 3047 430 3079 p
444 3050 476 3081 y.
518 3057 552 3061 —
593 3039 837 3070 arbitrarentur
870 3040 894 3070 T
908 3047 926 3069 a
941 3038 961 3069 b
976 3048 994 3069 e
1009 3047 1041 3069 m
1056 3038 1176 3079 ptass
1212 3041 1246 3071 et
1274 3041 1319 3077 A,
1359 3039 1580 3071 arbitraretur
1609 3050 1641 3081 γ.
1676 3055 1709 3060 -
1744 3037 1796 3069 26.
1829 3037 1885 3068 de-

136 3086 246 3126 fuisset
267 3087 303 3118 T.
331 3106 366 3111 --
391 3089 444 3120 27.
468 3089 703 3128 reciperatores
726 3090 750 3120 E
776 3089 957 3129 (Freundio
982 3089 1080 3127 teste>
1106 3089 1141 3120 T.
1176 3089 1226 3121 Cs.
1253 3088 1283 3128 ἓ.
1309 3089 1339 3122 8.
1368 3090 1419 3121 40.
1449 3088 1499 3121 44.
1522 3089 1575 3121 24.
1595 3088 1646 3121 42.
1669 3106 1704 3110 —
1729 3087 1781 3119 28.
1801 3087 1885 3126 quod

139 3143 209 3166 om.
233 3137 271 3167 A.
299 3154 335 3159 —
360 3137 412 3169 30.
438 3139 725 3178 contempnendum
750 3138 803 3179 (ex
825 3139 1135 3178 condempnandum)
1161 3138 1197 3169 T.
1225 3138 1274 3169 Cf.
1303 3138 1333 3177 ξ.
1359 3138 1412 3170 29.
1439 3138 1511 3170 403.
1538 3139 1651 3170 Osann
1676 3137 1719 3168 ad
1744 3137 1813 3168 Cic.
1841 3135 1884 3168 de

138 3184 222 3225 Rep.
239 3193 273 3225 p.
291 3185 342 3217 75.
364 3204 399 3208 -—
425 3188 603 3228 anquisisse
621 3187 838 3220 Gulielmius:
865 3188 1020 3227 aquisisse
1036 3188 1077 3225 [ῖς
1105 3188 1265 3226 quaesisse
1286 3188 1328 3224 T;
1354 3188 1544 3227 aquisiuisse
1560 3196 1598 3225 a;
1624 3187 1797 3226 acquisisse
1819 3187 1845 3218 R
1858 3187 1886 3218 A

139 3233 164 3264 L
178 3233 210 3267 8.
239 3253 273 3258 —
299 3237 342 3268 ad
363 3245 394 3268 se
416 3239 630 3279 colliyendum
656 3237 690 3272 ss.
719 3256 753 3260 —
780 3238 832 3270 31¹.
859 3238 1024 3277 quoniam]
1050 3245 1150 3275 quum
1174 3238 1209 3269 T.
1237 3236 1284 3269 Cs.
1306 3237 1335 3277 ἓ.
1355 3239 1385 3269 2.
1407 3254 1442 3260 —
1468 3238 1503 3269 in
1525 3238 1615 3269 inter
1637 3235 1745 3268 verba
1767 3236 1835 3266 iam
1851 3236 1887 3266 et

140 3285 399 3318 consuetudinem
422 3295 527 3329 supra
550 3296 692 3319 versum
715 3287 859 3319 inseruit
882 3287 919 3318 E.
948 3304 983 3308 —
1009 3286 1061 3318 32.
1087 3286 1200 3317 similis
1223 3287 1259 3317 T.
1281 3304 1316 3308 —
1342 3286 1394 3318 33.
1420 3287 1640 3326 quaerendum
1663 3286 1699 3316 T.
1720 3303 1755 3308 —
1781 3286 1888 3325 maqis

141 3332 209 3365 iam
231 3334 414 3368 Weiskius.
450 3337 518 3371 Sed
542 3337 584 3371 cf.
611 3337 654 3371 de
679 3337 773 3370 Offic.
792 3338 817 3370 1.
842 3337 895 3377 21,
916 3335 968 3368 72.
995 3335 1039 3368 ad
1062 3334 1178 3368 Famil.
1203 3336 1273 3368 XV.
1290 3335 1328 3378 4,
1353 3336 1405 3368 43.
1426 3354 1462 3360 --
1487 3337 1589 3377 quod,
1615 3343 1689 3367 cum
1710 3335 1886 3366 omnia--

202 3394 311 3426 Cicero
337 3395 371 3429 Τ.
391 3396 427 3431 Π.
1589 3396 1634 3438 31
