2143 3713
606 225 700 265 cst.
732 224 1055 264 an—ani.
1094 223 1167 277 55.
1200 221 1446 264 471-477.
1815 224 1894 266 593

161 339 359 378 haberet:
391 337 424 377 si
456 342 564 376 csset
594 335 887 388 suspiciosum,
920 342 1053 375 tamen
1085 336 1221 389 potius
1251 335 1301 375 ad
1332 336 1434 374 alios
1466 349 1590 388 quam
1620 337 1670 376 ad
1701 337 1892 378 Habitum

161 401 398 454 pertineret.
452 400 603 438 Verum
642 397 683 435 in
715 410 762 435 eo
794 398 884 449 ipso
915 397 1102 437 homines
1134 397 1490 450 impudentissime
1522 399 1791 439 mentiuntur.
1851 401 1893 439 ld

161 468 205 503 ut
234 462 494 514 intelligatis,
526 464 565 498 et
595 463 766 498 mortem
798 459 886 498 eius
918 465 977 506 et,
1009 473 1131 512 quem
1162 460 1212 498 ad
1245 459 1410 498 modum
1437 465 1529 512 post
1555 465 1726 501 mortem
1749 463 1789 501 in
1813 463 1894 502 Ila-

159 525 288 564 bitum
320 524 373 563 sit
402 523 555 562 crimen
585 534 608 559 a
637 525 764 559 matre
796 521 1049 573 quaesitum,
1081 521 1327 573 cognoscite.

269 583 362 625 »1732
394 585 494 624 Cum
524 594 650 633 vagus
682 587 721 620 et
752 582 869 620 exsul
898 588 1053 622 erraret
1073 588 1196 635 atque
1217 582 1400 635 undique
1423 583 1616 624 exclusus
1638 586 1924 639 Oppianicus5

158 649 198 687 in
237 647 454 687 Falernum
493 657 536 683 se
575 643 624 682 ad
667 643 710 681 L.
744 644 981 690 Quinctium
1022 645 1285 691 contulisset,
1326 644 1382 683 ibi
1422 645 1597 698 primum
1631 646 1672 684 in
1706 649 1891 688 morbum

157 709 301 749 incidit
330 721 375 748 ac
406 706 504 746 satis
534 704 798 745 vehementer
829 705 983 758 diuque
1013 706 1250 756 aegrotavit.
1297 706 1398 746 Cum
1429 713 1538 747 esset
1567 721 1649 748 una
1671 709 1808 750 Sassia
1829 725 1895 751 ea-

157 785 236 824 que
268 771 362 810 Sex.
392 768 511 807 Albio
542 765 720 819 quodam
754 767 920 814 colono,
951 769 1118 808 homine
1140 768 1312 815 valenti,
1345 769 1414 821 qui
1446 769 1570 809 simul
1601 784 1692 811 esse
1722 773 1894 820 solebat,

156 832 392 872 familiarius
422 834 625 875 uteretur,
658 842 781 881 quam
805 829 867 867 vir
891 830 1236 869 dissolutissimus
1267 830 1463 869 incolumi
1493 830 1660 871 fortuna
1690 835 1772 886 pati
1802 848 1896 887 pos-

157 899 237 941 set,
268 899 308 933 et
336 894 399 932 ius
428 891 531 930 illud
562 891 812 929 matrimonii
845 898 1000 930 castum
1023 897 1143 944 atque
1166 892 1392 944 legitimum
1416 893 1680 934 damnatione
1702 896 1778 935 viri
1801 898 1895 936 sub·
1912 906 1942 934 ιο

157 956 282 995 latum
311 953 598 1000 arbitraretur,
638 953 891 992 Nicostratus
923 954 1112 1006 quidam,
1143 953 1278 994 fidelis
1309 954 1530 1008 Oppianici
1562 957 1770 1005 servulus,
1802 973 1895 1012 per—

156 1017 338 1056 curiosus
369 1020 410 1055 et
432 1015 597 1054 minime
620 1015 816 1061 mendax,
849 1016 976 1055 multa
997 1015 1149 1056 dicitur
1171 1016 1339 1056 domino
1361 1018 1598 1057 renuntiare
1621 1019 1767 1059 solitus
1790 1034 1892 1061 esse.

156 1080 313 1118 Interea
343 1077 598 1130 Oppianicus
630 1090 720 1115 cuni
752 1077 832 1115 iam
865 1078 1171 1118 convalesceret
1200 1091 1336 1131 neque
1366 1079 1672 1133 improbitatem
1693 1083 1828 1123 coloni
1852 1084 1892 1123 in

154 1140 327 1179 Falerno
358 1139 514 1179 diutius
544 1138 651 1178 serre
681 1144 824 1191 posset
856 1145 896 1179 et
925 1140 1005 1179 huc
1036 1141 1085 1179 ad
1118 1141 1260 1180 urbem
1291 1141 1500 1194 profectus
1532 1149 1642 1183 esset
1661 1166 1714 1173 —
1734 1146 1894 1185 solebat

153 1203 261 1242 enim
292 1207 407 1242 extra
436 1207 593 1254 portam
624 1200 782 1253 aliquid
813 1201 964 1241 habere
994 1202 1185 1242 conducti
1207 1224 1280 1250 —-,
1312 1202 1512 1244 cecidisse
1534 1204 1585 1244 de
1614 1219 1722 1260 equo
1744 1208 1942 1248 dicitur⁴5

152 1270 193 1305 et
221 1265 346 1305 homo
376 1264 536 1303 infirma
565 1263 802 1303 valetudine
833 1263 939 1303 latus
971 1264 1195 1304 offendisse
1225 1265 1492 1305 vehementer
1522 1272 1583 1315 et,
1623 1275 1890 1323 posteaquam

150 1327 201 1366 ad
231 1327 375 1366 urbem
405 1339 496 1366 cum
525 1324 629 1364 febri
660 1325 838 1372 venerit,
882 1327 1024 1379 paucis
1055 1326 1200 1366 diebus
1232 1340 1322 1367 esse
1353 1333 1552 1368 mortuus.
1598 1330 1743 1371 Mortis
1773 1333 1892 1381 ratio,

149 1390 328 1436 iudices,
359 1388 448 1427 eius
479 1387 591 1427 modi
624 1392 710 1434 est,
740 1393 786 1427 nt
815 1394 884 1428 aut
914 1388 1016 1428 nihil
1047 1388 1196 1428 habeat
1225 1390 1475 1442 suspicionis
1506 1397 1598 1439 aut,
1631 1393 1664 1432 si
1691 1394 1791 1447 quid
1820 1395 1892 1435 ha-

148 1451 235 1498 bet,
276 1451 318 1491 id
355 1451 461 1489 intra
497 1450 674 1503 parietes
710 1450 753 1488 in
794 1450 1020 1490 domestico
1052 1451 1207 1490 scelere
1237 1458 1437 1492 versetur.
1494 1454 1641 1493 LXIII.
1672 1452 1765 1495 476.
1796 1457 1892 1497 Post

148 1518 320 1553 mortem
365 1512 454 1551 eius
498 1508 665 1565 [Sassia]
709 1512 843 1552 moliri
875 1513 1010 1552 statim
1041 1513 1198 1553 nefaria
1228 1514 1377 1554 mulier
1407 1516 1544 1569 coepit
1573 1516 1746 1558 insidias
1775 1516 1862 1559 filio
1882 1527 1940 1559 :⁵20

148 1574 437 1628 quaestionem
467 1574 620 1613 habere
651 1574 702 1613 de
733 1574 810 1614 viri
840 1581 969 1615 morte
1000 1577 1225 1617 constituit.
1280 1577 1390 1617 Emit
1420 1578 1469 1617 de
1499 1579 1546 1618 A.
1577 1579 1766 1632 Rupilio,
1806 1596 1890 1636 quo

147 1642 235 1676 erat
263 1650 363 1676 usus
395 1635 648 1689 Oppianicus
679 1636 859 1684 medico,
892 1638 1127 1678 Stratonem
1159 1639 1388 1692 quendam,
1420 1641 1539 1693 quasi
1569 1647 1615 1681 ut
1643 1642 1752 1683 idem
1782 1643 1891 1684 face-

146 1704 229 1747 ret,
270 1699 383 1753 quod
423 1698 597 1737 Habitus
637 1699 678 1737 in
710 1699 886 1739 emendo
917 1701 1102 1753 Diogene
1131 1701 1298 1741 fecerat.
1347 1703 1407 1742 De
1436 1703 1515 1742 hoc
1546 1704 1738 1745 Stratone
1769 1713 1809 1747 et
1839 1708 1888 1747 de

146 1761 267 1801 Ascla
297 1760 477 1814 quodam
509 1773 627 1799 servo
659 1774 731 1800 suo
764 1761 1042 1814 quaesituram
1074 1776 1163 1803 esse
1190 1764 1306 1804 dixit.
1352 1765 1571 1806 Praeterea
1592 1780 1754 1808 servum
1773 1769 1887 1810 illum

145 1824 444 1869 Nicostratum,
485 1836 606 1875 quem
637 1823 809 1862 nimium
840 1824 1054 1877 loquacem
1084 1826 1214 1866 fuisse
1244 1839 1290 1866 ac
1321 1827 1494 1866 nimium
1527 1827 1695 1869 domino
1726 1829 1886 1871 fidelem
1902 1838 1937 1866 25

145 1885 437 1932 arbitmbatur,
478 1884 527 1923 ab
569 1883 649 1923 hoc
685 1885 949 1925 adolescente
987 1888 1216 1940 Oppianico
1256 1889 1298 1927 in
1330 1890 1616 1942 quaestionem
1652 1894 1887 1946 postulavit.

146 1949 220 1988 Hic
252 1962 342 1988 cum
374 1952 483 1987 esset
512 1946 582 1986 illo
614 1952 796 2000 tempore
828 1961 930 2000 puer
956 1954 995 1988 et
1026 1949 1096 1989 illa
1119 1951 1306 2004 quaestio
1329 1951 1379 1990 de
1400 1952 1528 2005 patris
1550 1954 1612 1992 sui
1633 1962 1764 1996 morte
1789 1971 1887 1997 con-

145 2012 259 2051 stitui
292 2010 517 2056 diceretur,
549 2008 625 2048 etsi
656 2008 771 2047 illum
803 2023 966 2050 servum
999 2016 1038 2051 et
1069 2012 1146 2051 sibi
1176 2013 1425 2053 benevolum
1448 2026 1538 2054 esse
1560 2020 1600 2055 et
1628 2018 1735 2069 patri
1760 2018 1886 2059 fuisse

144 2072 438 2118 arbitrabatur,
480 2070 584 2110 nihil
625 2076 761 2110 tamen
802 2077 864 2111 est
893 2085 1015 2113 ausus
1046 2087 1250 2115 recusare.
1299 2075 1565 2116 Advocantur
1594 2080 1714 2120 amici
1745 2087 1785 2122 et
1813 2082 1887 2123 ho-

143 2134 270 2188 spites
302 2132 521 2187 Oppianici
552 2137 593 2172 et
621 2132 751 2185 ipsius
772 2134 955 2174 mulieris
982 2136 1122 2183 multi,
1151 2136 1341 2178 homines
1361 2138 1527 2178 honesti
1547 2145 1671 2192 atque
1695 2144 1885 2186 omnibus
1899 2148 1935 2178 3⁰

143 2197 266 2237 rebus
297 2196 442 2236 ornati.
487 2195 720 2234 Tormentis
751 2197 944 2237 omnibus
966 2198 1327 2239 vehementissime
1351 2201 1575 2253 quaeritur.
1626 2203 1728 2244 Cum
1750 2215 1886 2248 essent

141 2258 267 2298 animi
308 2271 522 2298 servorum
563 2263 603 2297 et
643 2271 715 2310 spe
747 2264 787 2298 et
815 2265 926 2298 metu
958 2262 1126 2308 tentati,
1166 2267 1212 2301 ut
1241 2261 1401 2316 aliquid
1430 2263 1473 2302 in
1503 2266 1745 2317 quaestione
1776 2269 1886 2309 dice-

142 2326 258 2369 rent,
287 2326 448 2368 tamen,
479 2325 526 2359 ut
555 2320 750 2367 arbitror,
780 2321 1022 2362 auctoritate
1053 2322 1343 2364 advocatorum
1365 2330 1405 2364 et
1426 2326 1466 2365 vi
1498 2331 1793 2369 tormentorum
1814 2333 1886 2371 ad-

142 2382 255 2422 ducti
276 2383 320 2422 in
340 2383 513 2422 veritate
536 2387 776 2422 manserunt
798 2396 935 2436 neque
956 2398 999 2424 se
1021 2385 1249 2438 quidquam
1270 2387 1374 2426 scire
1395 2387 1602 2428 dixerunt.
1642 2386 1726 2430 ¹77.
1750 2392 1884 2441 Quae-

140 2445 220 2485 stio
260 2445 331 2485 illo
372 2444 437 2484 die
481 2444 531 2484 de
562 2445 784 2485 amicorum
816 2447 1021 2487 sententia
1052 2448 1221 2488 dimissa
1251 2454 1324 2489 est.
1375 2449 1483 2490 Satis
1513 2451 1638 2505 longo
1669 2453 1883 2496 intervallo
1897 2461 1932 2489 35

225 2588 256 2620 4.
280 2587 318 2629 si]
335 2587 450 2627 quodsi
466 2587 487 2618 S
501 2587 535 2618 T.
557 2604 591 2608 -—
614 2587 723 2626 potius
745 2587 788 2618 ad
811 2588 893 2619 alios
916 2590 987 2620 ST:
1017 2590 1059 2621 ad
1083 2590 1166 2621 alios
1183 2591 1292 2630 polius
1307 2592 1332 2623 R
1345 2593 1371 2623 A
1386 2593 1409 2624 L
1424 2590 1443 2625 Q
1457 2594 1493 2624 O.
1508 2610 1544 2616 -—-
1570 2594 1599 2626 9..
1616 2594 1884 2634 impudenlissimi

138 2637 205 2669 ST.
226 2655 261 2661 —
288 2637 318 2669 6.
337 2637 374 2669 L.
393 2637 560 2677 Quintium
583 2637 657 2669 ST:
685 2637 719 2669 C.
741 2638 951 2677 Quinctilium
967 2640 1085 2671 ceteri.
1107 2657 1141 2662 —
1169 2640 1199 2671 6.
1218 2641 1353 2672 eontulit
1375 2643 1407 2673 S.
1427 2660 1461 2664 -
1487 2643 1518 2674 7.
1537 2651 1639 2682 eaque
1654 2644 1731 2676 Sex.
1750 2647 1826 2678 ST:
1853 2651 1882 2678 et

137 2686 242 2718 Statio
257 2687 284 2719 R
296 2687 360 2718 AL
372 2684 394 2719 Q
407 2687 444 2719 O.
465 2703 499 2708 —-
518 2687 548 2718 8.
566 2686 664 2718 Abbio
680 2689 700 2717 S
715 2688 738 2718 T
751 2688 836 2719 M.—
857 2689 975 2720 valenti
991 2690 1012 2720 S
1025 2690 1067 2720 T:
1092 2690 1218 2721 valente
1234 2691 1258 2722 R
1272 2694 1298 2722 A
1312 2691 1336 2722 L
1350 2689 1369 2722 Q
1384 2692 1464 2722 0.-
1483 2692 1513 2723 9.
1530 2693 1630 2731 possit
1646 2694 1722 2725 L.—-
1744 2696 1795 2727 Μ.
1815 2705 1881 2727 ser-

135 2736 227 2767 volus
247 2737 358 2768 ST.—
384 2735 435 2767 4⁵2.
454 2736 583 2767 domino
598 2736 788 2768 renuntiare
804 2738 878 2768 ST:
904 2739 1094 2770 renuntiare
1117 2740 1245 2770 domino
1269 2741 1295 2771 R
1307 2741 1333 2771 Α
1347 2741 1370 2772 L
1384 2739 1403 2772 Q
1418 2741 1498 2772 O.—
1525 2741 1576 2773 «¹3.
1597 2743 1833 2782 improbitatem
1851 2755 1878 2776 c.

135 2785 170 2816 in
189 2785 329 2818 Falerno
352 2785 427 2818 ST:
454 2785 487 2816 in
511 2786 545 2817 F.
570 2786 669 2826 impr.
687 2786 791 2817 coloni
816 2787 839 2817 R
853 2787 916 2817 AL
931 2786 950 2818 Q
964 2787 1000 2818 O.
1022 2804 1056 2809 —-
1081 2787 1133 2819 44.
1155 2789 1302 2829 perferre
1326 2791 1399 2822 ΡΑ.
1420 2808 1454 2812 --
1482 2791 1533 2823 45.
1552 2792 1590 2823 de
1612 2794 1632 2823 S
1646 2794 1689 2824 T:
1714 2803 1756 2825 ea„-
1780 2795 1802 2825 R
1816 2796 1841 2826 A
1856 2796 1879 2825 L

136 2832 207 2868 ΕΟ.
227 2836 358 2877 (dicitur
373 2836 520 2868 cecidisse
542 2846 585 2869 esc
607 2846 688 2877 equo
705 2838 754 2876 L.)
774 2855 808 2860 ψ
836 2838 887 2868 46.
905 2839 1104 2870 vehementer
1119 2839 1286 2879 offendisse
1307 2840 1386 2871 L.-—
1414 2844 1587 2880 postquam
1610 2843 1645 2874 L.
1667 2862 1701 2866 —
1728 2845 1779 2875 20.
1806 2846 1882 2875 Sas-

135 2885 186 2917 sia
208 2887 412 2928 suspectum
434 2887 571 2918 Beckio.
591 2905 625 2910 —
651 2889 761 2919 moliri
783 2888 891 2919 statim
907 2888 927 2918 S
941 2888 982 2918 T:
1008 2888 1117 2919 statim
1140 2888 1249 2919 moliri
1265 2890 1330 2920 ΒΑ
1345 2890 1368 2921 L
1382 2888 1402 2921 Q
1416 2891 1452 2921 O.
1474 2908 1507 2912 —
1534 2891 1587 2922 Ἣ.
1605 2892 1734 2931 Rupilio
1752 2893 1792 2929 Τ;
1820 2894 1881 2924 Ru-

136 2934 204 2967 tilio
227 2936 259 2967 S.
287 2953 323 2958 —
358 2936 411 2968 22.
438 2936 608 2977 quendam]
634 2937 718 2969 Hinc
742 2946 852 2978 usque
878 2937 921 2968 ad
944 2946 999 2968 vv.
1023 2941 1052 2969 et
1074 2941 1254 2969 ceterorum
1275 2939 1568 2971 honestissimorum
1593 2939 1633 2980 (ἓ.
1654 2942 1740 2981 182.)
1765 2941 1879 2974 deficit

138 2983 183 3015 M.
203 3001 238 3006 —
262 2983 316 3016 24.
339 2984 435 3016 Ascla
451 2985 492 3016 T:
517 2985 611 3017 Asela
635 2986 882 3027 (superscrIpta
905 2986 930 3026 c)
956 2987 993 3024 S:
1020 2987 1142 3019 assecla
1169 2985 1351 3020 FALQO.
1379 2989 1428 3020 Cf.
1453 2990 1560 3020 lusor.
1586 2990 1692 3031 Neap.
1718 2992 1812 3024 2995.
1840 3011 1874 3015 —

138 3040 171 3063 se
191 3040 256 3065 esse
277 3034 314 3065 L.
348 3034 399 3066 Cf.
424 3034 559 3075 Madvig
586 3034 630 3066 ad
654 3035 725 3067 Cic.
752 3035 795 3067 de
820 3036 913 3067 Finn.
943 3044 976 3076 p.
1003 3036 1076 3068 670.
1112 3037 1146 3068 Si
1169 3037 1246 3077 quis
1270 3045 1463 3078 pronomen
1487 3038 1679 3079 desiderat,
1712 3041 1747 3073 id
1775 3042 1880 3074 addat

137 3082 216 3121 post
237 3082 443 3116 infinitivum
466 3082 520 3115 vel
544 3092 608 3125 pro
631 3093 663 3116 v.
689 3093 753 3116 esse
775 3084 904 3117 scribat
926 3093 1001 3117 sese.
1027 3102 1061 3107 —
1088 3085 1140 3117 28.
1165 3094 1231 3117 esse
1254 3094 1323 3117 om.
1343 3087 1418 3118 FA.
1441 3105 1476 3110 —-
1500 3089 1610 3128 patris
1631 3090 1663 3120 S.
1685 3108 1720 3112 —
1746 3091 1798 3123 31.
1823 3100 1880 3123 ve—

137 3130 367 3166 hementissime
381 3135 402 3165 S
416 3134 456 3165 T:
481 3133 760 3165 vehementissimis
781 3135 878 3166 RAL
893 3131 913 3166 Q
927 3134 964 3165 Ο.
993 3151 1026 3157 -
1054 3134 1105 3166 33.
1131 3137 1162 3166 et
1182 3135 1215 3166 vi
1238 3138 1260 3166 t.
1278 3136 1421 3178 adducti]
1445 3146 1467 3169 α
1483 3138 1517 3169 vi
1539 3141 1560 3169 ι.
1579 3138 1708 3170 abducti
1730 3139 1879 3173 Klotzius

138 3179 193 3211 ed.
212 3179 287 3220 alt.;
310 3191 366 3215 vv.
392 3186 422 3215 et
442 3183 475 3215 vi
497 3186 732 3215 tormentorum
752 3184 897 3217 insiticia
919 3183 1082 3215 videntur
1105 3183 1248 3217 Halmio.
1287 3187 1340 3217 «Si
1363 3186 1464 3219 lectio
1488 3197 1558 3221 non
1582 3190 1718 3229 vitiosa,
1755 3199 1879 3224 sensus

139 3229 207 3260 est:
239 3228 294 3262 illa
315 3231 391 3273 ipsa
411 3233 446 3264 vi
468 3234 737 3274 tormentorum,
771 3234 897 3275 quibus
926 3234 1001 3266 sine
1025 3233 1092 3266 ulla
1124 3243 1228 3267 causa
1263 3237 1501 3270 cruciarentur
1530 3238 1574 3270 ab
1605 3240 1709 3280 impia
1736 3238 1877 3279 femina,

138 3278 173 3309 et
201 3277 399 3319 indignitate
426 3283 478 3314 rei
508 3284 702 3315 commotos
732 3283 938 3316 obfirmasse
968 3283 1136 3317 adversus
1165 3284 1323 3319 dolorem
1346 3287 1479 3320 animos
1503 3290 1537 3321 et
1560 3289 1593 3320 in
1616 3290 1759 3321 veritate
1782 3297 1878 3322 man-

136 3327 259 3361 sisse.»
282 3329 360 3363 ERN.
378 3347 416 3356 —-
442 3332 494 3366 35.
519 3333 558 3366 de
580 3341 650 3367 om.
675 3334 748 3367 FA.
774 3351 808 3357 —
834 3334 972 3367 demissa
993 3334 1061 3366 SF.

191 3389 306 3421 crunno
325 3389 358 3421 Τ.
372 3390 408 3422 11.
1532 3398 1585 3440 38
