2143 3713
772 263 866 304 Cn.
898 264 945 304 V.
983 262 1055 318 §§.
1087 262 1248 305 ’7-11.
1797 265 1878 307 677

143 383 276 419 torum
305 377 519 418 hominum
550 375 740 429 flagitiosi
771 389 931 428 greges,
973 390 997 415 o
1028 390 1102 417 nos
1131 377 1295 423 beatos,
1341 390 1365 415 o
1397 390 1481 417 rem
1513 377 1719 431 publicam
1750 377 1880 420 fortu-

143 445 301 487 natam,
343 453 366 478 ο
408 438 658 492 praeclaram
689 437 853 476 laudem
884 439 1122 478 consulatus
1155 439 1255 478 mei!
1299 440 1389 477 Non
1422 440 1529 479 enim
1560 442 1639 479 iam
1673 446 1768 481 sunt
1795 455 1879 481 me-

141 502 301 542 diocres
331 501 546 541 hominum
575 498 791 546 libidines,
831 513 914 539 non
944 500 1147 539 humanae
1179 513 1224 539 ac
1256 500 1494 540 tolerandae
1527 502 1744 542 audaciae:
1775 503 1878 542 nihil

141 563 344 616 cogitant,
384 562 464 601 nisi
496 560 683 607 caedem,
715 561 792 600 nisi
823 561 1034 609 incendia,
1066 562 1143 601 nisi
1175 563 1360 615 rapinas:
1407 563 1653 615 patrimonia
1683 577 1757 604 sua
1785 578 1880 618 pro-

139 623 354 671 fuderunt,
395 623 579 664 fortunas
619 635 715 662 suas
747 623 1054 676 obligaverunt3
1093 636 1156 663 res
1187 637 1257 663 eos
1287 624 1368 663 iam
1397 625 1577 677 pridem,
1616 624 1719 665 fides
1750 634 1911 680 nuper5

140 683 313 726 deficere
343 686 499 739 coepit:
536 684 679 724 eadem
710 690 846 725 tamen
877 686 968 733 illa,
1000 699 1106 739 quae
1137 690 1223 725 erat
1253 686 1295 725 in
1326 685 1598 733 abundantia,
1630 686 1758 727 libido
1788 701 1882 741 per-

140 753 290 788 manet.
350 747 472 795 Quod
503 747 536 786 si
568 747 609 786 in
639 748 733 786 vino
765 753 804 786 et
834 748 922 787 alea
963 747 1278 787 comissationes
1308 747 1443 787 solum
1474 752 1515 787 et
1544 754 1679 788 scorta
1709 762 1880 802 quaere-

139 815 253 858 rent,
286 814 424 850 essent
453 808 513 848 illi
544 808 710 862 quidem
743 809 1016 863 desperandi,
1048 810 1119 849 sed
1151 814 1287 848 tamen
1310 814 1449 849 essent
1468 808 1650 849 ferendi:
1680 810 1760 850 hoc
1782 825 1879 851 vero

139 873 234 927 quis
263 872 369 913 ferre
398 872 552 924 possit,
584 871 736 911 inertes
765 872 954 912 homines
984 871 1218 911 fortissimis
1247 871 1344 910 viris
1375 870 1583 918 insidiari,
1615 872 1880 914 stultissimos

139 933 492 988 prudentissimis,
523 932 709 972 ebriosos
741 934 907 981 sobriis,
938 933 1190 973 dormientes
1220 933 1516 986 vigilantibus?
1546 934 1618 987 qui
1642 935 1742 975 mihi
1763 948 1881 976 accu-
1898 946 1929 974 10

139 999 283 1038 bantes
313 996 355 1035 in
387 995 609 1042 conviviis,
650 997 854 1049 complexi
894 996 1086 1035 mulieres
1118 996 1370 1049 impudicas,
1410 997 1506 1036 vino
1537 995 1744 1049 languidi,
1783 1010 1882 1037 con-

139 1059 232 1100 ferti
263 1059 377 1105 cibo,
420 1057 541 1097 sertis
572 1057 770 1105 redimiti,
812 1059 1032 1110 unguentis
1065 1058 1204 1105 obliti,
1246 1058 1446 1098 debilitati
1480 1058 1653 1112 stupris,
1695 1065 1883 1100 eructant

140 1121 398 1162 sermonibus
429 1120 514 1159 suis
545 1119 713 1159 caedem
744 1120 946 1159 bonorum
977 1126 1103 1174 atque
1125 1120 1237 1159 urbis
1268 1120 1472 1160 incendia.
1532 1117 1548 1159 J
1568 1118 1597 1160 l.
1622 1120 1783 1169 Quibus
1805 1135 1880 1175 ego

140 1180 302 1223 confido
334 1182 571 1235 impendere
601 1181 729 1221 fatum
760 1182 930 1235 aliquod
962 1187 1002 1222 et
1029 1195 1205 1235 poenam
1235 1182 1314 1221 iam
1337 1182 1407 1221 diu
1429 1182 1703 1235 improbitati,
1734 1185 1881 1238 nequi-

140 1246 242 1293 tiae,
273 1245 441 1292 sceleri,
472 1243 633 1283 libidini
667 1243 845 1284 debitam
877 1250 947 1284 aut
977 1245 1130 1284 instare
1161 1245 1239 1284 iam
1272 1244 1395 1296 plane
1417 1250 1488 1284 aut
1518 1250 1629 1285 certe
1660 1247 1930 1300 appropin-l5

141 1321 281 1361 quare.
327 1306 441 1355 Quos
471 1306 505 1345 si
536 1318 652 1345 meus
674 1306 937 1352 consulatus,
971 1306 1170 1360 quoniam
1191 1319 1336 1346 sanare
1359 1320 1442 1346 non
1463 1311 1622 1359 potest,
1653 1308 1881 1356 sustulerit,

138 1382 221 1409 non
250 1369 373 1409 breve
404 1367 545 1407 nescio
577 1367 690 1421 quod
722 1373 903 1421 tempus,
935 1368 1008 1408 sed
1041 1368 1168 1408 multa
1200 1368 1366 1408 saecula
1395 1369 1633 1422 propagarit
1656 1369 1716 1409 rei
1745 1369 1882 1422 publi-

138 1443 221 1470 cae.
271 1430 391 1470 Nulla
420 1434 481 1469 est
502 1430 610 1469 enim
631 1430 766 1477 natio,
799 1443 923 1483 quam
950 1431 1312 1483 pertimescamus,
1343 1430 1483 1470 nullus
1504 1444 1600 1478 rex,
1633 1431 1705 1484 qui
1725 1431 1882 1471 bellum

136 1492 290 1547 populo
330 1492 514 1531 Romano
554 1491 688 1531 facere
727 1493 884 1544 possit:
926 1492 1065 1532 omnia
1104 1498 1200 1532 sunt
1239 1497 1409 1532 externa
1439 1493 1562 1532 unius
1592 1494 1742 1533 virtute
1773 1499 1883 1534 terra

137 1555 322 1608 marique
361 1558 526 1607 pacata:
568 1553 838 1593 domesticum
878 1554 1032 1594 bellum
1063 1559 1225 1603 manet;
1266 1555 1377 1595 intus
1407 1555 1583 1595 insidiae
1615 1561 1732 1603 sunt,
1771 1557 1930 1598 intus20

138 1616 343 1656 inclusum
385 1616 615 1669 periculum
655 1622 738 1663 est,
783 1617 895 1656 intus
940 1623 1002 1656 est
1043 1616 1188 1656 hostis.
1249 1616 1349 1656 Cum
1392 1617 1558 1657 luxuria
1600 1618 1744 1666 nohis,
1787 1632 1880 1659 cum

137 1678 339 1725 amentia,
380 1691 472 1717 cum
511 1677 665 1717 scelere
697 1678 936 1718 certandum
968 1683 1042 1719 est.
1100 1679 1205 1718 Huic
1237 1691 1312 1732 ego
1343 1692 1409 1718 me
1439 1679 1549 1719 bello
1580 1678 1726 1720 ducem
1756 1679 1882 1734 profi-

138 1746 246 1787 teor,
291 1739 501 1788 Quirites:
548 1740 728 1793 suscipio
769 1740 1006 1781 inimicitias
1035 1741 1251 1781 hominum
1281 1741 1560 1794 perditorum:
1608 1755 1714 1796 quae
1745 1743 1881 1783 sanari

138 1806 355 1855 poterunt,
388 1815 650 1855 quacumque
679 1803 840 1842 ratione
871 1803 1046 1852 sanabo3
1079 1815 1185 1856 quae
1215 1803 1440 1843 resecanda
1462 1810 1604 1853 erunt,
1632 1817 1718 1844 non
1749 1805 1881 1858 patiar

137 1864 189 1904 ad
218 1863 443 1917 perniciem
475 1863 648 1904 civitatis
679 1877 858 1904 manere.
915 1864 1094 1905 Proinde
1134 1869 1205 1906 aut
1235 1870 1386 1906 exeant
1415 1870 1485 1907 aut
1514 1867 1750 1920 quiescant,
1794 1872 1878 1917 aut,
1891 1881 1928 1910 25

229 2133 259 2163 ⁴.
287 2141 304 2163 o
326 2139 382 2162 ros
405 2130 433 2161 b.
461 2129 499 2160 d:
532 2137 589 2161 om
613 2138 630 2160 o
653 2138 710 2160 nos
733 2128 841 2161 beatos
864 2130 884 2160 h
898 2130 930 2161 k.
959 2148 993 2153 —-
1021 2131 1050 2162 Ξ.
1075 2132 1139 2163 mei
1161 2132 1281 2164 consul.
1309 2141 1338 2163 e.
1368 2150 1402 2154 —
1427 2132 1495 2164 iam
1517 2133 1603 2164 enim
1624 2142 1690 2165 non
1713 2134 1780 2166 CV
1802 2143 1823 2167 x
1847 2136 1882 2167 et

135 2184 154 2215 3
176 2181 230 2214 alii
256 2182 376 2221 Lagg.:
403 2188 467 2212 non
490 2179 575 2210 enim
599 2180 680 2219 (om.
707 2179 786 2218 iam)
812 2188 843 2210 o.
868 2198 911 2202 ——
934 2179 964 2211 3.
991 2184 1019 2212 et
1042 2182 1096 2212 tol.
1122 2182 1284 2213 audaciae
1305 2183 1360 2213 Ba
1375 2190 1409 2212 r:
1447 2182 1609 2214 audaciae
1632 2192 1671 2214 ac
1693 2184 1748 2215 tol.
1775 2185 1798 2215 C
1813 2185 1878 2223 Vt,

135 2233 189 2265 alii
214 2233 314 2272 Lagg.
341 2231 439 2267 dett.⁷
465 2229 539 2260 LO.
568 2247 603 2251 —
636 2227 666 2260 4.
693 2230 821 2260 caedem
845 2230 982 2267 Barz,
1015 2231 1070 2262 cd.
1098 2231 1181 2262 Vcn.
1210 2231 1309 2263 1472:
1343 2232 1456 2263 caedes
1477 2232 1553 2263 RO.
1591 2232 1640 2264 Cf.
1668 2234 1706 2265 Π.
1733 2233 1764 2273 S.
1789 2235 1819 2265 6.
1847 2236 1881 2265 et

137 2284 167 2323 g.
193 2282 246 2314 lo.
273 2282 373 2319 extr,
399 2278 476 2311 Sall.
504 2277 600 2310 Catil.
626 2287 655 2310 c.
683 2278 735 2310 32.
763 2296 798 2301 —
825 2281 854 2310 5.
882 2279 1106 2321 obliqui-erunt
1129 2281 1230 2312 codd.
1256 2282 1324 2312 mei
1349 2283 1383 2313 et
1407 2282 1528 2322 Lagg.:
1556 2281 1794 2322 abligurierunc
1817 2283 1880 2314 LO

138 2340 218 2364 cum
241 2330 320 2363 cod.
345 2329 480 2362 Mureti.
509 2345 543 2350 —
577 2337 628 2360 res
650 2329 694 2361 cis
716 2329 813 2366 diu3
849 2338 901 2361 res
922 2339 1033 2362 eorum
1057 2331 1078 2362 h
1094 2340 1112 2362 e
1128 2340 1160 2362 s:
1192 2340 1243 2363 eos
1265 2340 1334 2363 om.
1361 2340 1400 2363 W.
1429 2350 1463 2354 —
1495 2332 1565 2362 iam
1591 2332 1722 2372 pridem
1743 2333 1883 2364 deseruit

134 2383 212 2423 fides
235 2389 266 2412 a.
294 2397 328 2401 —
356 2380 488 2420 deficere
510 2387 614 2418 nuper
637 2379 694 2418 Lg.
721 2379 779 2417 65,
805 2378 921 2411 VLO.
946 2399 989 2403 ——
1012 2381 1042 2412 6.
1069 2381 1175 2412 lubido
1199 2390 1230 2413 0.
1258 2398 1292 2402 —
1320 2384 1428 2413 manet
1450 2380 1679 2422 beiqSWX.
1709 2399 1742 2403 -
1768 2382 1799 2413 7.
1824 2391 1882 2414 co-

135 2431 326 2463 mesationes
347 2427 401 2460 vel
424 2429 668 2460 comessationes
693 2428 806 2468 (etiam
822 2429 950 2469 comm.)
974 2430 1076 2462 codd.
1098 2449 1132 2454 -
1159 2431 1190 2463 8.
1216 2432 1344 2471 quidem
1367 2432 1414 2463 illi
1436 2431 1458 2463 b
1473 2433 1632 2465 ciswx:
1659 2432 1787 2471 quidem
1807 2440 1878 2464 om.

137 2491 172 2519 z,
198 2481 257 2520 Lg.
282 2480 335 2511 20.
362 2479 413 2511 65.
441 2496 476 2501 —
503 2482 602 2510 esseni
624 2482 732 2510 tamen
751 2479 812 2519 fer.
838 2488 891 2510 m:
918 2483 1025 2512 tamen
1045 2481 1107 2520 fer.
1133 2485 1234 2512 essent
1256 2482 1313 2521 Lg.
1332 2481 1390 2519 463
1416 2485 1516 2513 essent
1539 2490 1609 2513 om.
1629 2481 1653 2513 C
1667 2480 1689 2512 b
1704 2490 1723 2512 c
1745 2482 1805 2521 Lg.
1823 2480 1878 2513 46.

135 2532 178 2562 At
199 2538 232 2561 v,
250 2528 349 2561 Verr.
368 2529 391 2559 1.
418 2528 448 2569 S.
468 2528 551 2559 l1l0:
576 2529 684 2559 minus
705 2531 782 2559 esset
796 2529 977 2568 nefarium,
1003 2533 1111 2562 tamen
1134 2535 1211 2562 esset
1232 2531 1427 2571 improbum.
1445 2550 1480 2554 —
1506 2532 1562 2563 hos
1584 2530 1636 2563 lz.
1654 2549 1697 2553 —
1720 2530 1751 2562 9.
1774 2535 1881 2570 posset

137 2588 207 2611 ew.
223 2597 267 2602 —
289 2578 341 2609 40.
360 2577 499 2609 ebriosos
513 2578 582 2609 mei
607 2586 745 2616 omnes,
773 2587 791 2609 c
806 2587 825 2609 x
849 2579 884 2609 et
899 2579 917 2610 9
935 2578 989 2610 alii
1004 2580 1124 2619 Lagg.:
1151 2579 1255 2612 ebrios
1277 2590 1298 2619 ς
1314 2581 1337 2611 L
1355 2581 1388 2612 et
1403 2579 1478 2612 rell.
1498 2581 1599 2621 Lagg.
1620 2580 1725 2612 etiam
1747 2580 1817 2619 ak,
1842 2582 1881 2612 ut

136 2628 284 2660 videtur.
321 2627 390 2660 Sed
418 2627 702 2667 Lagomarsinum
732 2627 766 2658 h.
792 2626 812 2658 l.
840 2627 883 2658 ad
916 2627 1101 2661 lectionem
1125 2631 1364 2662 Gruterianam
1389 2629 1494 2662 ebrios
1515 2640 1557 2662 ex
1580 2630 1751 2663 nonnullis
1775 2630 1878 2663 codd.

135 2679 340 2711 varietatem
363 2678 538 2717 omisisse,
565 2678 644 2709 hinc
668 2678 817 2716 conicio,
843 2677 936 2719 quod
960 2677 1082 2710 saltem
1106 2680 1139 2711 in
1164 2680 1237 2719 gh,
1264 2681 1323 2720 qui
1346 2679 1429 2712 alias
1454 2689 1535 2712 cum
1557 2681 1577 2712 k
1602 2681 1798 2713 consentire
1821 2689 1881 2713 so-

136 2729 225 2767 lent,
251 2727 390 2759 ebriosos
411 2727 545 2768 legitur.
570 2746 613 2751 -—
637 2727 749 2759 accub.
774 2728 852 2759 milii
876 2737 912 2762 e:
942 2729 1021 2759 mihi
1050 2737 1119 2760 om.
1145 2729 1407 2770 bcdiopqs,
1441 2730 1498 2771 Lg.
1517 2730 1536 2761 9
1561 2731 1595 2762 et
1616 2731 1676 2768 20;
1709 2732 1742 2761 at
1765 2730 1881 2762 firmat

139 2779 215 2811 mihi
239 2779 377 2809 Servius
401 2777 445 2809 ad
460 2780 545 2809 Aen.
565 2779 619 2809 111.
639 2778 712 2810 477.
740 2780 774 2809 et
797 2778 835 2816 V,
854 2778 927 2810 ⁵29¹.
942 2797 983 2800 —
1007 2779 1060 2810 Μ.
1084 2780 1218 2820 confecti
1241 2779 1258 2810 7
1284 2778 1367 2811 dett.
1386 2781 1502 2820 Lagg..
1528 2781 1566 2813 O.
1587 2798 1622 2803 -
1649 2781 1701 2812 42.
1727 2783 1882 2819 erupiant

137 2832 159 2861 t.
189 2846 223 2850 —
258 2827 308 2859 ⁴3.
333 2828 518 2859 incendium
540 2828 573 2859 d.
608 2845 641 2852 ——
677 2828 728 2860 1¹4..
762 2829 886 2868 sactum
909 2837 948 2860 u:
979 2829 1047 2860 iam
1077 2828 1184 2868 fatum
1214 2837 1247 2870 q.
1281 2847 1315 2850 —
1350 2830 1528 2869 aliquando
1551 2838 1581 2861 z.
1616 2847 1650 2852 —-
1681 2839 1808 2870 poenas
1829 2847 1880 2853 --

137 2878 258 2910 debitas
280 2877 343 2908 LO
367 2878 487 2908 contra
510 2877 611 2909 codd.
639 2894 676 2900 —
702 2877 918 2918 improbitatis
938 2878 1007 2909 iam
1029 2879 1085 2909 (liu
1107 2887 1142 2916 r;
1168 2879 1237 2910 iam
1260 2887 1328 2910 om.
1355 2879 1375 2909 i.
1403 2896 1438 2901 —
1465 2879 1576 2911 sceleri
1598 2880 1767 2918 nequiciae
1791 2888 1822 2911 0.
1840 2897 1875 2902 —-

137 2930 189 2960 ⁴5.
214 2928 337 2959 instare
359 2929 418 2957 aut
438 2926 483 2966 pl.
509 2935 541 2958 o.
569 2946 605 2953 .-
630 2928 723 2969 certe]
748 2931 832 2959 ceree
855 2928 921 2958 iam
944 2928 962 2958 5
988 2928 1088 2967 Lagg.
1115 2927 1216 2959 dett:
1251 2928 1325 2959 LO.
1355 2945 1390 2950 -—
1421 2929 1474 2960 46.
1501 2929 1587 2968 quod
1609 2929 1636 2960 si
1660 2938 1725 2970 cq.
1754 2947 1789 2952 —
1814 2939 1881 2960 non

133 2981 236 3019 potest
258 2985 379 3008 sanare
402 2985 432 3007 e.
461 2993 495 2997 —
522 2977 574 3008 47.
599 2979 664 3009 scio
687 2979 746 3009 tu.
775 2996 809 3000 —
843 2977 945 3008 multa
968 2980 1114 3017 tempora
1139 2986 1167 3008 z.
1196 2995 1230 2998 —
1261 2977 1497 3018 propagaverit
1520 2986 1552 3009 o.
1579 2995 1614 2999 —
1640 2980 1687 3010 rei
1707 2978 1756 3018 p]
1779 2979 1813 3010 P.
1838 2979 1876 3010 R.

139 3028 189 3059 ck
213 3027 247 3058 et
263 3027 281 3057 6
298 3025 352 3058 alii
371 3027 487 3065 Lagg.;
513 3035 628 3066 remp.
647 3028 907 3059 Mommsenius
921 3044 955 3048 —
983 3027 1034 3058 48.
1052 3026 1144 3057 nulla
1167 3027 1251 3058 enim
1273 3030 1317 3057 est
1332 3028 1355 3058 Β
1369 3027 1424 3058 ad
1447 3028 1505 3067 Lg.
1523 3027 1555 3058 7.
1573 3028 1625 3059 50.
1641 3027 1699 3058 57:
1726 3036 1749 3067 q
1771 3027 1879 3060 habet

138 3080 183 3109 esc
203 3078 284 3117 post
304 3076 406 3107 natio.
422 3094 455 3098 —
483 3075 534 3107 19,
558 3085 632 3117 pop.
651 3077 701 3118 R.]
725 3087 754 3109 r.
776 3087 811 3116 p.
830 3079 908 3107 YW.
936 3076 1067 3116 (populo
1090 3085 1119 3107 r.
1145 3076 1259 3107 bellum
1283 3077 1327 3115 ο.)
1353 3094 1387 3098 -
1409 3080 1515 3116 posset
1539 3085 1570 3108 e.
1589 3094 1623 3099 —
1649 3076 1757 3118 unius]
1781 3077 1879 3108 unius

134 3135 211 3166 pop.
234 3127 324 3157 Rom.
349 3125 497 3165 bcops
527 3127 584 3166 Lg.
610 3127 662 3158 20.
689 3126 740 3159 43.
767 3126 819 3158 46.
849 3144 883 3149 -
915 3126 1068 3157 virtutem
1097 3134 1126 3156 a.
1155 3143 1191 3148 -—
1223 3128 1308 3157 terre
1332 3126 1482 3166 marique
1505 3134 1551 3158 m.
1580 3143 1615 3148 —
1641 3125 1694 3157 ΞΟ.
1719 3129 1792 3157 sunt
1814 3126 1875 3158 ins.

138 3175 157 3207 3
174 3176 296 3215 Lagg.;
321 3179 394 3206 sunt
417 3184 486 3207 om.
505 3185 535 3207 e.
554 3193 588 3198 —
613 3177 665 3208 ⁶2⁴.
690 3177 764 3208 incl.
790 3180 834 3208 est
853 3176 955 3215 peric.
982 3184 1019 3207 e:
1044 3175 1145 3215 peric.
1170 3175 1245 3206 incl.
1270 3178 1315 3206 est
1336 3184 1376 3207 w,
1399 3193 1433 3198 -
1460 3179 1505 3207 est
1527 3184 1595 3207 om.
1623 3184 1653 3207 e.
1675 3192 1719 3198 —-
1740 3175 1794 3207 ³22.
1820 3184 1878 3216 eqo

139 3233 209 3256 om.
234 3224 273 3255 V.
296 3242 340 3248 —
367 3225 445 3257 bello
467 3234 517 3257 me
541 3234 572 3256 o.
599 3243 633 3247 —
670 3227 721 3257 ⁶23.
748 3225 896 3265 suscipio]
921 3225 977 3263 qui
999 3224 1137 3264 suscipio
1161 3224 1234 3263 gh:
1265 3224 1320 3263 qui
1343 3224 1391 3255 rei
1414 3233 1450 3264 p.
1475 3233 1577 3255 causa
1600 3224 1738 3264 suscipio
1760 3232 1779 3255 r
1801 3224 1876 3257 sine

140 3274 289 3314 Quirites.
308 3293 343 3297 —
366 3276 569 3315 perditorum
590 3276 755 3308 hominum
779 3278 803 3308 C
818 3286 837 3308 c
860 3277 918 3315 Lg.
936 3276 988 3306 ΞΟ.
1008 3275 1060 3306 ⁶21.
1082 3292 1115 3296 —
1142 3273 1194 3305 ⁶24..
1215 3274 1382 3313 potuerint
1397 3274 1465 3305 hk.
1487 3293 1522 3296 —
1547 3275 1688 3306 secanda
1710 3282 1738 3306 s.
1763 3274 1874 3315 (resec.

139 3322 250 3355 Schol.
277 3325 392 3364 Gron.)
416 3343 451 3348 -
476 3325 530 3357 ⁵25.
555 3333 688 3357 manere
709 3326 812 3357 codd.
839 3325 918 3365 (sed
945 3325 954 3357 l
979 3324 1176 3363 remanerem
1201 3333 1340 3356 manare
1363 3325 1442 3363 LO,
1468 3333 1557 3365 quae
1581 3323 1682 3357 lectio
1706 3323 1874 3365 Madw'gio

140 3372 274 3414 (Opusc.
290 3374 315 3404 Ι.
337 3382 371 3415 p.
391 3375 479 3412 1¹76.)
503 3383 544 3406 cx
569 3383 686 3407 errore
709 3377 844 3416 typogr.
871 3377 945 3408 orta
968 3375 1116 3407 videtur.
1138 3394 1172 3398 -
1193 3375 1333 3416 proinde
1355 3378 1473 3408 emant
1495 3383 1567 3406 ow.
