<?xml version="1.0" encoding="UTF-8"?>
<!DOCTYPE html PUBLIC "-//W3C//DTD XHTML 1.0 Transitional//EN"
    "http://www.w3.org/TR/xhtml1/DTD/xhtml1-transitional.dtd">
<html xmlns="http://www.w3.org/1999/xhtml" xml:lang="en" lang="en">
 <head>
  <title>
</title>
<meta http-equiv="Content-Type" content="text/html;charset=utf-8" />
  <meta name='ocr-system' content='tesseract 3.04.00' />
  <meta name='ocr-capabilities' content='ocr_page ocr_carea ocr_par ocr_line ocrx_word'/>
</head>
<body>
  <div class='ocr_page' id='page_1' title='image "./p1operaquaesupersu02ciceuoft_0506.png"; bbox 0 0 2143 3713; ppageno 0'>
   <div class='ocr_carea' id='block_1_1' title="bbox 261 195 1468 242">
    <p class='ocr_par' dir='ltr' id='par_1_1' title="bbox 261 195 1468 242">
     <span class='ocr_line' id='line_1_1' title="bbox 261 195 1468 242; baseline 0.005 -6"><span class='ocrx_word' id='word_1_1' title='bbox 261 195 342 236; x_wconf 81' lang='lat'>490</span> <span class='ocrx_word' id='word_1_2' title='bbox 802 198 1001 239; x_wconf 87' lang='lat' dir='ltr'><strong>ORATIO</strong></span> <span class='ocrx_word' id='word_1_3' title='bbox 1031 198 1134 239; x_wconf 89' lang='lat' dir='ltr'>PRO</span> <span class='ocrx_word' id='word_1_4' title='bbox 1165 197 1213 239; x_wconf 86' lang='grc' dir='ltr'>Α.</span> <span class='ocrx_word' id='word_1_5' title='bbox 1244 198 1468 242; x_wconf 83' lang='lat' dir='ltr'><strong>CAECINA</strong></span> 
     </span>
    </p>
   </div>
   <div class='ocr_carea' id='block_1_2' title="bbox 207 308 2011 2048">
    <p class='ocr_par' dir='ltr' id='par_1_2' title="bbox 207 308 2011 2048">
     <span class='ocr_line' id='line_1_2' title="bbox 262 308 2006 367; baseline 0.004 -17"><span class='ocrx_word' id='word_1_6' title='bbox 262 308 569 350; x_wconf 85' lang='lat' dir='ltr'>multitudinem</span> <span class='ocrx_word' id='word_1_7' title='bbox 598 309 699 350; x_wconf 91' lang='lat' dir='ltr'>iuris</span> <span class='ocrx_word' id='word_1_8' title='bbox 725 310 930 350; x_wconf 89' lang='lat' dir='ltr'>retinendi</span> <span class='ocrx_word' id='word_1_9' title='bbox 961 323 1085 351; x_wconf 87' lang='lat' dir='ltr'>eausa</span> <span class='ocrx_word' id='word_1_10' title='bbox 1113 324 1197 350; x_wconf 88' lang='lat' dir='ltr'>non</span> <span class='ocrx_word' id='word_1_11' title='bbox 1227 313 1442 361; x_wconf 84' lang='lat' dir='ltr'>convenit3</span> <span class='ocrx_word' id='word_1_12' title='bbox 1473 326 1548 353; x_wconf 83' lang='lat' dir='ltr'>nee</span> <span class='ocrx_word' id='word_1_13' title='bbox 1580 314 1657 353; x_wconf 90' lang='lat' dir='ltr'>iuri</span> <span class='ocrx_word' id='word_1_14' title='bbox 1679 313 1905 367; x_wconf 86' lang='lat' dir='ltr'>quidquam</span> <span class='ocrx_word' id='word_1_15' title='bbox 1923 321 2006 356; x_wconf 86' lang='lat' dir='ltr'>tam</span> 
     </span>
     <span class='ocr_line' id='line_1_3' title="bbox 262 372 2007 431; baseline 0.005 -21"><span class='ocrx_word' id='word_1_16' title='bbox 262 372 473 410; x_wconf 83' lang='lat' dir='ltr'>inimicum</span> <span class='ocrx_word' id='word_1_17' title='bbox 513 385 637 425; x_wconf 87' lang='lat' dir='ltr'>quam</span> <span class='ocrx_word' id='word_1_18' title='bbox 676 372 757 419; x_wconf 86' lang='lat' dir='ltr'>vis,</span> <span class='ocrx_word' id='word_1_19' title='bbox 808 386 883 412; x_wconf 86' lang='lat' dir='ltr'>nee</span> <span class='ocrx_word' id='word_1_20' title='bbox 926 374 1124 426; x_wconf 75' lang='lat' dir='ltr'>aequitati</span> <span class='ocrx_word' id='word_1_21' title='bbox 1164 374 1390 427; x_wconf 83' lang='lat' dir='ltr'>quidquam</span> <span class='ocrx_word' id='word_1_22' title='bbox 1428 381 1509 416; x_wconf 88' lang='lat' dir='ltr'>tam</span> <span class='ocrx_word' id='word_1_23' title='bbox 1549 376 1744 415; x_wconf 88' lang='lat' dir='ltr'>infestum</span> <span class='ocrx_word' id='word_1_24' title='bbox 1782 382 1844 416; x_wconf 89' lang='lat' dir='ltr'>est</span> <span class='ocrx_word' id='word_1_25' title='bbox 1883 392 2007 431; x_wconf 90' lang='lat' dir='ltr'>quam</span> 
     </span>
     <span class='ocr_line' id='line_1_4' title="bbox 262 433 2008 490; baseline 0.003 -16"><span class='ocrx_word' id='word_1_26' title='bbox 262 434 476 474; x_wconf 84' lang='lat' dir='ltr'>convocati</span> <span class='ocrx_word' id='word_1_27' title='bbox 504 433 693 473; x_wconf 87' lang='lat' dir='ltr'>homines</span> <span class='ocrx_word' id='word_1_28' title='bbox 723 440 764 474; x_wconf 90' lang='lat' dir='ltr'>et</span> <span class='ocrx_word' id='word_1_29' title='bbox 793 435 952 474; x_wconf 86' lang='lat' dir='ltr'>armati.</span> <span class='ocrx_word' id='word_1_30' title='bbox 1013 435 1104 474; x_wconf 82' lang='grc' dir='ltr'>ΧΠ.</span> <span class='ocrx_word' id='word_1_31' title='bbox 1151 435 1273 482; x_wconf 85' lang='lat' dir='ltr'>Quod</span> <span class='ocrx_word' id='word_1_32' title='bbox 1310 450 1402 477; x_wconf 86' lang='lat' dir='ltr'>eum</span> <span class='ocrx_word' id='word_1_33' title='bbox 1433 438 1489 477; x_wconf 90' lang='lat' dir='ltr'>ita</span> <span class='ocrx_word' id='word_1_34' title='bbox 1519 438 1570 477; x_wconf 83' lang='lat' dir='ltr'>sit</span> <span class='ocrx_word' id='word_1_35' title='bbox 1598 451 1748 490; x_wconf 88' lang='lat' dir='ltr'>resque</span> <span class='ocrx_word' id='word_1_36' title='bbox 1778 439 1867 478; x_wconf 85' lang='lat' dir='ltr'>eius</span> <span class='ocrx_word' id='word_1_37' title='bbox 1895 440 2008 479; x_wconf 90' lang='lat' dir='ltr'>modi</span> 
     </span>
     <span class='ocr_line' id='line_1_5' title="bbox 262 495 2006 553; baseline 0.003 -19"><span class='ocrx_word' id='word_1_38' title='bbox 262 496 326 542; x_wconf 90' lang='lat' dir='ltr'>sit,</span> <span class='ocrx_word' id='word_1_39' title='bbox 356 501 400 535; x_wconf 90' lang='lat' dir='ltr'>ut</span> <span class='ocrx_word' id='word_1_40' title='bbox 429 495 471 534; x_wconf 90' lang='lat' dir='ltr'>in</span> <span class='ocrx_word' id='word_1_41' title='bbox 502 496 644 549; x_wconf 89' lang='lat' dir='ltr'>primis</span> <span class='ocrx_word' id='word_1_42' title='bbox 675 510 699 536; x_wconf 87' lang='lat' dir='ltr'>a</span> <span class='ocrx_word' id='word_1_43' title='bbox 724 497 1027 548; x_wconf 83' lang='lat' dir='ltr'>magistratibus</span> <span class='ocrx_word' id='word_1_44' title='bbox 1049 496 1413 539; x_wconf 82' lang='lat' dir='ltr'>animadvertenda</span> <span class='ocrx_word' id='word_1_45' title='bbox 1431 500 1632 546; x_wconf 77' lang='lat' dir='ltr'>videatur,</span> <span class='ocrx_word' id='word_1_46' title='bbox 1665 499 1815 539; x_wconf 85' lang='lat' dir='ltr'>iterum</span> <span class='ocrx_word' id='word_1_47' title='bbox 1840 514 2006 553; x_wconf 81' lang='lat' dir='ltr'>quaero,</span> 
     </span>
     <span class='ocr_line' id='line_1_6' title="bbox 233 557 2006 616; baseline 0.004 -20"><span class='ocrx_word' id='word_1_48' title='bbox 233 557 368 596; x_wconf 67' lang='lat' dir='ltr'>Ssitne</span> <span class='ocrx_word' id='word_1_49' title='bbox 399 558 486 597; x_wconf 89' lang='lat' dir='ltr'>eius</span> <span class='ocrx_word' id='word_1_50' title='bbox 516 558 575 597; x_wconf 91' lang='lat' dir='ltr'>rei</span> <span class='ocrx_word' id='word_1_51' title='bbox 606 558 743 612; x_wconf 90' lang='lat' dir='ltr'>aliqua</span> <span class='ocrx_word' id='word_1_52' title='bbox 772 559 879 599; x_wconf 85' lang='lat' dir='ltr'>actio</span> <span class='ocrx_word' id='word_1_53' title='bbox 910 573 962 599; x_wconf 88' lang='lat' dir='ltr'>an</span> <span class='ocrx_word' id='word_1_54' title='bbox 992 559 1118 598; x_wconf 85' lang='lat' dir='ltr'>nulla.</span> <span class='ocrx_word' id='word_1_55' title='bbox 1177 560 1340 599; x_wconf 85' lang='lat' dir='ltr'>Nullam</span> <span class='ocrx_word' id='word_1_56' title='bbox 1373 575 1462 602; x_wconf 86' lang='lat' dir='ltr'>esse</span> <span class='ocrx_word' id='word_1_57' title='bbox 1495 562 1634 601; x_wconf 73' lang='lat' dir='ltr'>dices?</span> <span class='ocrx_word' id='word_1_58' title='bbox 1684 561 1840 601; x_wconf 89' lang='lat' dir='ltr'>Audire</span> <span class='ocrx_word' id='word_1_59' title='bbox 1872 564 2006 616; x_wconf 84' lang='lat' dir='ltr'>cupio.</span> 
     </span>
     <span class='ocr_line' id='line_1_7' title="bbox 261 618 2008 676; baseline 0.004 -18"><span class='ocrx_word' id='word_1_60' title='bbox 261 618 343 667; x_wconf 88' lang='lat' dir='ltr'>Qui</span> <span class='ocrx_word' id='word_1_61' title='bbox 372 620 415 659; x_wconf 91' lang='lat' dir='ltr'>in</span> <span class='ocrx_word' id='word_1_62' title='bbox 444 633 545 673; x_wconf 85' lang='lat' dir='ltr'>pace</span> <span class='ocrx_word' id='word_1_63' title='bbox 576 624 616 660; x_wconf 86' lang='lat' dir='ltr'>et</span> <span class='ocrx_word' id='word_1_64' title='bbox 646 621 754 668; x_wconf 91' lang='lat' dir='ltr'>otio,</span> <span class='ocrx_word' id='word_1_65' title='bbox 794 635 886 660; x_wconf 81' lang='lat' dir='ltr'>cum</span> <span class='ocrx_word' id='word_1_66' title='bbox 917 635 1083 661; x_wconf 89' lang='lat' dir='ltr'>manum</span> <span class='ocrx_word' id='word_1_67' title='bbox 1115 620 1280 669; x_wconf 78' lang='lat' dir='ltr'>fecerit,</span> <span class='ocrx_word' id='word_1_68' title='bbox 1320 624 1458 676; x_wconf 86' lang='lat' dir='ltr'>copias</span> <span class='ocrx_word' id='word_1_69' title='bbox 1488 624 1664 676; x_wconf 86' lang='lat' dir='ltr'>pararit,</span> <span class='ocrx_word' id='word_1_70' title='bbox 1704 624 2008 665; x_wconf 82' lang='lat' dir='ltr'>multitudinem</span> 
     </span>
     <span class='ocr_line' id='line_1_8' title="bbox 258 681 2010 738; baseline 0.003 -18"><span class='ocrx_word' id='word_1_71' title='bbox 258 681 474 722; x_wconf 89' lang='lat' dir='ltr'>hominum</span> <span class='ocrx_word' id='word_1_72' title='bbox 505 683 707 735; x_wconf 75' lang='lat' dir='ltr'>coegerit,</span> <span class='ocrx_word' id='word_1_73' title='bbox 746 684 933 730; x_wconf 87' lang='lat' dir='ltr'>armarit,</span> <span class='ocrx_word' id='word_1_74' title='bbox 973 683 1235 730; x_wconf 83' lang='lat' dir='ltr'>instruxerit,</span> <span class='ocrx_word' id='word_1_75' title='bbox 1274 684 1463 725; x_wconf 89' lang='lat' dir='ltr'>homines</span> <span class='ocrx_word' id='word_1_76' title='bbox 1494 687 1694 732; x_wconf 85' lang='lat' dir='ltr'>inermos,</span> <span class='ocrx_word' id='word_1_77' title='bbox 1730 684 1801 738; x_wconf 91' lang='lat' dir='ltr'>qui</span> <span class='ocrx_word' id='word_1_78' title='bbox 1832 685 1882 725; x_wconf 88' lang='lat' dir='ltr'>ad</span> <span class='ocrx_word' id='word_1_79' title='bbox 1913 700 2010 726; x_wconf 88' lang='lat' dir='ltr'>con-</span> 
     </span>
     <span class='ocr_line' id='line_1_9' title="bbox 259 743 2010 799; baseline 0.003 -17"><span class='ocrx_word' id='word_1_80' title='bbox 259 743 445 783; x_wconf 87' lang='lat' dir='ltr'>stitutum</span> <span class='ocrx_word' id='word_1_81' title='bbox 477 745 721 797; x_wconf 81' lang='lat' dir='ltr'>experiundi</span> <span class='ocrx_word' id='word_1_82' title='bbox 753 745 850 784; x_wconf 89' lang='lat' dir='ltr'>iuris</span> <span class='ocrx_word' id='word_1_83' title='bbox 882 746 1012 798; x_wconf 86' lang='lat' dir='ltr'>gratia</span> <span class='ocrx_word' id='word_1_84' title='bbox 1042 746 1264 793; x_wconf 84' lang='lat' dir='ltr'>venissent,</span> <span class='ocrx_word' id='word_1_85' title='bbox 1295 749 1430 795; x_wconf 88' lang='lat' dir='ltr'>armis,</span> <span class='ocrx_word' id='word_1_86' title='bbox 1462 749 1585 795; x_wconf 89' lang='lat' dir='ltr'>viris,</span> <span class='ocrx_word' id='word_1_87' title='bbox 1617 753 1773 787; x_wconf 89' lang='lat' dir='ltr'>terrore</span> <span class='ocrx_word' id='word_1_88' title='bbox 1804 748 2010 799; x_wconf 82' lang='lat' dir='ltr'>periculo-</span> 
     </span>
     <span class='ocr_line' id='line_1_10' title="bbox 260 806 2010 864; baseline 0.003 -20"><span class='ocrx_word' id='word_1_89' title='bbox 260 819 344 858; x_wconf 86' lang='lat' dir='ltr'>que</span> <span class='ocrx_word' id='word_1_90' title='bbox 375 807 517 847; x_wconf 89' lang='lat' dir='ltr'>mortis</span> <span class='ocrx_word' id='word_1_91' title='bbox 548 806 785 859; x_wconf 83' lang='lat' dir='ltr'>reppulerit,</span> <span class='ocrx_word' id='word_1_92' title='bbox 815 807 977 860; x_wconf 83' lang='lat' dir='ltr'>fugarit,</span> <span class='ocrx_word' id='word_1_93' title='bbox 1008 808 1214 855; x_wconf 84' lang='lat' dir='ltr'>averterit,</span> <span class='ocrx_word' id='word_1_94' title='bbox 1245 808 1324 848; x_wconf 87' lang='lat' dir='ltr'>hoc</span> <span class='ocrx_word' id='word_1_95' title='bbox 1355 810 1480 849; x_wconf 83' lang='lat' dir='ltr'>dicat:</span> <span class='ocrx_word' id='word_1_96' title='bbox 1517 812 1635 850; x_wconf 82' lang='lat' dir='ltr'>«Feci</span> <span class='ocrx_word' id='word_1_97' title='bbox 1666 810 1872 862; x_wconf 90' lang='lat' dir='ltr'>equidem,</span> <span class='ocrx_word' id='word_1_98' title='bbox 1903 824 2010 864; x_wconf 90' lang='lat' dir='ltr'>quae</span> 
     </span>
     <span class='ocr_line' id='line_1_11' title="bbox 212 868 2009 926; baseline 0.004 -19"><span class='ocrx_word' id='word_1_99' title='bbox 212 874 247 904; x_wconf 71' lang='lat'>⁴0</span> <span class='ocrx_word' id='word_1_100' title='bbox 260 868 386 916; x_wconf 82' lang='lat' dir='ltr'>dieis,</span> <span class='ocrx_word' id='word_1_101' title='bbox 418 869 579 915; x_wconf 85' lang='lat' dir='ltr'>omnia,</span> <span class='ocrx_word' id='word_1_102' title='bbox 616 873 656 907; x_wconf 91' lang='lat' dir='ltr'>et</span> <span class='ocrx_word' id='word_1_103' title='bbox 685 882 734 909; x_wconf 87' lang='lat' dir='ltr'>ea</span> <span class='ocrx_word' id='word_1_104' title='bbox 763 875 858 908; x_wconf 87' lang='lat' dir='ltr'>sunt</span> <span class='ocrx_word' id='word_1_105' title='bbox 888 875 929 909; x_wconf 91' lang='lat' dir='ltr'>et</span> <span class='ocrx_word' id='word_1_106' title='bbox 958 870 1195 909; x_wconf 86' lang='lat' dir='ltr'>turbulenta</span> <span class='ocrx_word' id='word_1_107' title='bbox 1226 876 1266 910; x_wconf 88' lang='lat' dir='ltr'>et</span> <span class='ocrx_word' id='word_1_108' title='bbox 1296 873 1513 912; x_wconf 86' lang='lat' dir='ltr'>temeraria</span> <span class='ocrx_word' id='word_1_109' title='bbox 1543 879 1584 913; x_wconf 90' lang='lat' dir='ltr'>et</span> <span class='ocrx_word' id='word_1_110' title='bbox 1613 872 1865 926; x_wconf 81' lang='lat' dir='ltr'>periculosa:</span> <span class='ocrx_word' id='word_1_111' title='bbox 1909 873 2009 926; x_wconf 84' lang='lat' dir='ltr'>quid</span> 
     </span>
     <span class='ocr_line' id='line_1_12' title="bbox 260 930 2010 988; baseline 0.003 -18"><span class='ocrx_word' id='word_1_112' title='bbox 260 944 358 984; x_wconf 81' lang='lat' dir='ltr'>ergo</span> <span class='ocrx_word' id='word_1_113' title='bbox 390 933 478 971; x_wconf 81' lang='lat' dir='ltr'>est?</span> <span class='ocrx_word' id='word_1_114' title='bbox 516 931 685 984; x_wconf 84' lang='lat' dir='ltr'>impune</span> <span class='ocrx_word' id='word_1_115' title='bbox 715 930 816 978; x_wconf 79' lang='lat' dir='ltr'>seci3</span> <span class='ocrx_word' id='word_1_116' title='bbox 858 945 975 979; x_wconf 88' lang='lat' dir='ltr'>nam,</span> <span class='ocrx_word' id='word_1_117' title='bbox 1007 932 1120 985; x_wconf 90' lang='lat' dir='ltr'>quod</span> <span class='ocrx_word' id='word_1_118' title='bbox 1150 946 1247 985; x_wconf 80' lang='lat' dir='ltr'>agas</span> <span class='ocrx_word' id='word_1_119' title='bbox 1279 947 1439 974; x_wconf 86' lang='lat' dir='ltr'>meeum</span> <span class='ocrx_word' id='word_1_120' title='bbox 1469 949 1521 974; x_wconf 83' lang='lat' dir='ltr'>ex</span> <span class='ocrx_word' id='word_1_121' title='bbox 1554 937 1640 975; x_wconf 90' lang='lat' dir='ltr'>iure</span> <span class='ocrx_word' id='word_1_122' title='bbox 1673 935 1783 977; x_wconf 85' lang='lat' dir='ltr'>civili</span> <span class='ocrx_word' id='word_1_123' title='bbox 1814 949 1861 976; x_wconf 84' lang='lat' dir='ltr'>ae</span> <span class='ocrx_word' id='word_1_124' title='bbox 1891 949 2010 988; x_wconf 90' lang='lat' dir='ltr'>prae-</span> 
     </span>
     <span class='ocr_line' id='line_1_13' title="bbox 259 990 2011 1048; baseline 0.003 -16"><span class='ocrx_word' id='word_1_125' title='bbox 259 993 375 1040; x_wconf 83' lang='lat' dir='ltr'>torio,</span> <span class='ocrx_word' id='word_1_126' title='bbox 407 1006 491 1032; x_wconf 90' lang='lat' dir='ltr'>non</span> <span class='ocrx_word' id='word_1_127' title='bbox 520 993 685 1032; x_wconf 80' lang='lat' dir='ltr'>habes.»</span> <span class='ocrx_word' id='word_1_128' title='bbox 748 990 813 1032; x_wconf 61' lang='lat'>34.</span> <span class='ocrx_word' id='word_1_129' title='bbox 852 994 967 1033; x_wconf 88' lang='lat' dir='ltr'>Itane</span> <span class='ocrx_word' id='word_1_130' title='bbox 998 1006 1121 1041; x_wconf 88' lang='lat' dir='ltr'>vero,</span> <span class='ocrx_word' id='word_1_131' title='bbox 1163 1000 1508 1048; x_wconf 75' lang='lat' dir='ltr'>recuperatores?</span> <span class='ocrx_word' id='word_1_132' title='bbox 1547 997 1626 1038; x_wconf 88' lang='lat' dir='ltr'>hoe</span> <span class='ocrx_word' id='word_1_133' title='bbox 1656 1013 1731 1039; x_wconf 89' lang='lat' dir='ltr'>vos</span> <span class='ocrx_word' id='word_1_134' title='bbox 1762 999 1939 1040; x_wconf 88' lang='lat' dir='ltr'>audietis</span> <span class='ocrx_word' id='word_1_135' title='bbox 1970 1003 2011 1038; x_wconf 88' lang='lat' dir='ltr'>et</span> 
     </span>
     <span class='ocr_line' id='line_1_14' title="bbox 259 1054 2009 1114; baseline 0.003 -19"><span class='ocrx_word' id='word_1_136' title='bbox 259 1055 368 1108; x_wconf 87' lang='lat' dir='ltr'>apud</span> <span class='ocrx_word' id='word_1_137' title='bbox 398 1069 472 1095; x_wconf 81' lang='lat' dir='ltr'>vos</span> <span class='ocrx_word' id='word_1_138' title='bbox 503 1054 582 1094; x_wconf 86' lang='lat' dir='ltr'>diei</span> <span class='ocrx_word' id='word_1_139' title='bbox 612 1055 826 1107; x_wconf 89' lang='lat' dir='ltr'>patiemini</span> <span class='ocrx_word' id='word_1_140' title='bbox 859 1056 1053 1109; x_wconf 75' lang='lat' dir='ltr'>saepius?</span> <span class='ocrx_word' id='word_1_141' title='bbox 1115 1057 1218 1097; x_wconf 90' lang='lat' dir='ltr'>Cum</span> <span class='ocrx_word' id='word_1_142' title='bbox 1256 1058 1433 1098; x_wconf 84' lang='lat' dir='ltr'>maiores</span> <span class='ocrx_word' id='word_1_143' title='bbox 1473 1061 1602 1099; x_wconf 87' lang='lat' dir='ltr'>nostri</span> <span class='ocrx_word' id='word_1_144' title='bbox 1642 1066 1753 1101; x_wconf 83' lang='lat' dir='ltr'>tanta</span> <span class='ocrx_word' id='word_1_145' title='bbox 1793 1062 2009 1114; x_wconf 83' lang='lat' dir='ltr'>diligentia</span> 
     </span>
     <span class='ocr_line' id='line_1_15' title="bbox 258 1117 2008 1172; baseline 0.003 -15"><span class='ocrx_word' id='word_1_146' title='bbox 258 1118 562 1172; x_wconf 83' lang='lat' dir='ltr'>prudentiaque</span> <span class='ocrx_word' id='word_1_147' title='bbox 591 1117 755 1166; x_wconf 87' lang='lat' dir='ltr'>fuerint,</span> <span class='ocrx_word' id='word_1_148' title='bbox 785 1123 831 1158; x_wconf 91' lang='lat' dir='ltr'>ut</span> <span class='ocrx_word' id='word_1_149' title='bbox 860 1120 998 1160; x_wconf 83' lang='lat' dir='ltr'>omnia</span> <span class='ocrx_word' id='word_1_150' title='bbox 1028 1121 1210 1160; x_wconf 90' lang='lat' dir='ltr'>omnium</span> <span class='ocrx_word' id='word_1_151' title='bbox 1241 1134 1323 1159; x_wconf 89' lang='lat' dir='ltr'>non</span> <span class='ocrx_word' id='word_1_152' title='bbox 1354 1121 1477 1165; x_wconf 89' lang='lat' dir='ltr'>modo</span> <span class='ocrx_word' id='word_1_153' title='bbox 1510 1129 1713 1163; x_wconf 87' lang='lat' dir='ltr'>tantarum</span> <span class='ocrx_word' id='word_1_154' title='bbox 1744 1137 1905 1170; x_wconf 89' lang='lat' dir='ltr'>rerum,</span> <span class='ocrx_word' id='word_1_155' title='bbox 1936 1123 2008 1162; x_wconf 88' lang='lat' dir='ltr'>sed</span> 
     </span>
     <span class='ocr_line' id='line_1_16' title="bbox 210 1180 2007 1238; baseline 0.003 -18"><span class='ocrx_word' id='word_1_156' title='bbox 210 1181 381 1221; x_wconf 55' lang='lat' dir='ltr'>uetiam</span> <span class='ocrx_word' id='word_1_157' title='bbox 412 1180 747 1221; x_wconf 86' lang='lat' dir='ltr'>tenuissimarum</span> <span class='ocrx_word' id='word_1_158' title='bbox 777 1182 867 1222; x_wconf 93' lang='lat' dir='ltr'>iura</span> <span class='ocrx_word' id='word_1_159' title='bbox 897 1183 1118 1223; x_wconf 83' lang='lat' dir='ltr'>statuerint</span> <span class='ocrx_word' id='word_1_160' title='bbox 1147 1184 1438 1236; x_wconf 79' lang='lat' dir='ltr'>persecutique</span> <span class='ocrx_word' id='word_1_161' title='bbox 1470 1185 1572 1232; x_wconf 89' lang='lat' dir='ltr'>sint,</span> <span class='ocrx_word' id='word_1_162' title='bbox 1610 1186 1689 1225; x_wconf 90' lang='lat' dir='ltr'>hoe</span> <span class='ocrx_word' id='word_1_163' title='bbox 1720 1198 1850 1238; x_wconf 78' lang='lat' dir='ltr'>genus</span> <span class='ocrx_word' id='word_1_164' title='bbox 1881 1199 2007 1225; x_wconf 91' lang='lat' dir='ltr'>unum</span> 
     </span>
     <span class='ocr_line' id='line_1_17' title="bbox 257 1243 2010 1300; baseline 0.003 -18"><span class='ocrx_word' id='word_1_165' title='bbox 257 1243 323 1283; x_wconf 83' lang='lat' dir='ltr'>vel</span> <span class='ocrx_word' id='word_1_166' title='bbox 352 1243 577 1283; x_wconf 86' lang='lat' dir='ltr'>maximum</span> <span class='ocrx_word' id='word_1_167' title='bbox 607 1245 1002 1296; x_wconf 80' lang='lat' dir='ltr'>praetermitterent,</span> <span class='ocrx_word' id='word_1_168' title='bbox 1031 1251 1088 1292; x_wconf 89' lang='lat' dir='ltr'>ut,</span> <span class='ocrx_word' id='word_1_169' title='bbox 1120 1246 1153 1285; x_wconf 89' lang='lat' dir='ltr'>si</span> <span class='ocrx_word' id='word_1_170' title='bbox 1186 1246 1257 1300; x_wconf 90' lang='lat' dir='ltr'>qni</span> <span class='ocrx_word' id='word_1_171' title='bbox 1290 1259 1353 1285; x_wconf 91' lang='lat' dir='ltr'>me</span> <span class='ocrx_word' id='word_1_172' title='bbox 1386 1247 1499 1286; x_wconf 88' lang='lat' dir='ltr'>exire</span> <span class='ocrx_word' id='word_1_173' title='bbox 1532 1249 1653 1287; x_wconf 89' lang='lat' dir='ltr'>domo</span> <span class='ocrx_word' id='word_1_174' title='bbox 1684 1261 1775 1288; x_wconf 86' lang='lat' dir='ltr'>mea</span> <span class='ocrx_word' id='word_1_175' title='bbox 1805 1248 2010 1300; x_wconf 71' lang='lat' dir='ltr'>coegisset</span> 
     </span>
     <span class='ocr_line' id='line_1_18' title="bbox 256 1304 2007 1361; baseline 0.002 -16"><span class='ocrx_word' id='word_1_176' title='bbox 256 1305 402 1352; x_wconf 87' lang='lat' dir='ltr'>armis,</span> <span class='ocrx_word' id='word_1_177' title='bbox 437 1304 633 1346; x_wconf 86' lang='lat' dir='ltr'>haberem</span> <span class='ocrx_word' id='word_1_178' title='bbox 670 1307 894 1355; x_wconf 84' lang='lat' dir='ltr'>actionem,</span> <span class='ocrx_word' id='word_1_179' title='bbox 934 1309 967 1347; x_wconf 91' lang='lat' dir='ltr'>si</span> <span class='ocrx_word' id='word_1_180' title='bbox 1001 1308 1071 1361; x_wconf 91' lang='lat' dir='ltr'>qui</span> <span class='ocrx_word' id='word_1_181' title='bbox 1110 1309 1280 1348; x_wconf 89' lang='lat' dir='ltr'>introire</span> <span class='ocrx_word' id='word_1_182' title='bbox 1320 1309 1618 1361; x_wconf 85' lang='lat' dir='ltr'>prohibuisset,</span> <span class='ocrx_word' id='word_1_183' title='bbox 1662 1324 1744 1349; x_wconf 92' lang='lat' dir='ltr'>non</span> <span class='ocrx_word' id='word_1_184' title='bbox 1783 1309 2007 1349; x_wconf 74' lang='lat' dir='ltr'>haberem?</span> 
     </span>
     <span class='ocr_line' id='line_1_19' title="bbox 254 1367 2009 1425; baseline 0.002 -17"><span class='ocrx_word' id='word_1_185' title='bbox 254 1368 447 1409; x_wconf 90' lang='lat' dir='ltr'>Nondum</span> <span class='ocrx_word' id='word_1_186' title='bbox 477 1368 528 1407; x_wconf 91' lang='lat' dir='ltr'>de</span> <span class='ocrx_word' id='word_1_187' title='bbox 552 1367 752 1409; x_wconf 85' lang='lat' dir='ltr'>Caecinae</span> <span class='ocrx_word' id='word_1_188' title='bbox 774 1383 899 1410; x_wconf 86' lang='lat' dir='ltr'>causa</span> <span class='ocrx_word' id='word_1_189' title='bbox 919 1370 1101 1423; x_wconf 86' lang='lat' dir='ltr'>disputo,</span> <span class='ocrx_word' id='word_1_190' title='bbox 1132 1371 1318 1411; x_wconf 89' lang='lat' dir='ltr'>nondum</span> <span class='ocrx_word' id='word_1_191' title='bbox 1344 1371 1393 1411; x_wconf 90' lang='lat' dir='ltr'>de</span> <span class='ocrx_word' id='word_1_192' title='bbox 1424 1373 1511 1411; x_wconf 88' lang='lat' dir='ltr'>iure</span> <span class='ocrx_word' id='word_1_193' title='bbox 1542 1373 1814 1425; x_wconf 87' lang='lat' dir='ltr'>possessionis</span> <span class='ocrx_word' id='word_1_194' title='bbox 1843 1378 2009 1412; x_wconf 90' lang='lat' dir='ltr'>nostrae</span> 
     </span>
     <span class='ocr_line' id='line_1_20' title="bbox 256 1429 2010 1487; baseline 0.004 -20"><span class='ocrx_word' id='word_1_195' title='bbox 256 1429 428 1482; x_wconf 90' lang='lat' dir='ltr'>loquor:</span> <span class='ocrx_word' id='word_1_196' title='bbox 469 1435 626 1470; x_wconf 86' lang='lat' dir='ltr'>tantum</span> <span class='ocrx_word' id='word_1_197' title='bbox 658 1432 708 1471; x_wconf 89' lang='lat' dir='ltr'>de</span> <span class='ocrx_word' id='word_1_198' title='bbox 742 1436 809 1471; x_wconf 91' lang='lat' dir='ltr'>tua</span> <span class='ocrx_word' id='word_1_199' title='bbox 842 1433 1106 1480; x_wconf 86' lang='lat' dir='ltr'>defensione,</span> <span class='ocrx_word' id='word_1_200' title='bbox 1155 1433 1196 1473; x_wconf 87' lang='lat' dir='ltr'>C.</span> <span class='ocrx_word' id='word_1_201' title='bbox 1228 1434 1344 1481; x_wconf 87' lang='lat' dir='ltr'>Piso,</span> <span class='ocrx_word' id='word_1_202' title='bbox 1387 1448 1555 1487; x_wconf 87' lang='lat' dir='ltr'>quaero.</span> <span class='ocrx_word' id='word_1_203' title='bbox 1614 1434 1680 1474; x_wconf 75' lang='lat'>35.</span> <span class='ocrx_word' id='word_1_204' title='bbox 1722 1436 1924 1483; x_wconf 87' lang='lat' dir='ltr'>Quoniam</span> <span class='ocrx_word' id='word_1_205' title='bbox 1954 1435 2010 1474; x_wconf 89' lang='lat' dir='ltr'>ita</span> 
     </span>
     <span class='ocr_line' id='line_1_21' title="bbox 207 1492 2008 1544; baseline 0.003 -13"><span class='ocrx_word' id='word_1_206' title='bbox 207 1499 243 1528; x_wconf 76' lang='lat'>20</span> <span class='ocrx_word' id='word_1_207' title='bbox 257 1492 358 1532; x_wconf 81' lang='lat' dir='ltr'>dieis</span> <span class='ocrx_word' id='word_1_208' title='bbox 390 1497 429 1532; x_wconf 87' lang='lat' dir='ltr'>et</span> <span class='ocrx_word' id='word_1_209' title='bbox 458 1492 514 1532; x_wconf 90' lang='lat' dir='ltr'>ita</span> <span class='ocrx_word' id='word_1_210' title='bbox 544 1494 783 1534; x_wconf 86' lang='lat' dir='ltr'>constituis:</span> <span class='ocrx_word' id='word_1_211' title='bbox 832 1495 897 1534; x_wconf 84' lang='lat' dir='ltr'>«si</span> <span class='ocrx_word' id='word_1_212' title='bbox 931 1495 1127 1542; x_wconf 84' lang='lat' dir='ltr'>Caecina,</span> <span class='ocrx_word' id='word_1_213' title='bbox 1169 1509 1261 1535; x_wconf 87' lang='lat' dir='ltr'>cum</span> <span class='ocrx_word' id='word_1_214' title='bbox 1291 1496 1333 1535; x_wconf 91' lang='lat' dir='ltr'>in</span> <span class='ocrx_word' id='word_1_215' title='bbox 1363 1496 1492 1536; x_wconf 89' lang='lat' dir='ltr'>fundo</span> <span class='ocrx_word' id='word_1_216' title='bbox 1523 1503 1654 1544; x_wconf 87' lang='lat' dir='ltr'>esset,</span> <span class='ocrx_word' id='word_1_217' title='bbox 1694 1498 1791 1537; x_wconf 88' lang='lat' dir='ltr'>inde</span> <span class='ocrx_word' id='word_1_218' title='bbox 1822 1498 2008 1538; x_wconf 88' lang='lat' dir='ltr'>deiectus</span> 
     </span>
     <span class='ocr_line' id='line_1_22' title="bbox 257 1556 2007 1611; baseline 0.002 -17"><span class='ocrx_word' id='word_1_219' title='bbox 257 1559 386 1602; x_wconf 89' lang='lat' dir='ltr'>esset,</span> <span class='ocrx_word' id='word_1_220' title='bbox 434 1559 519 1595; x_wconf 89' lang='lat' dir='ltr'>tum</span> <span class='ocrx_word' id='word_1_221' title='bbox 561 1569 636 1608; x_wconf 92' lang='lat' dir='ltr'>per</span> <span class='ocrx_word' id='word_1_222' title='bbox 678 1556 756 1596; x_wconf 85' lang='lat' dir='ltr'>hoc</span> <span class='ocrx_word' id='word_1_223' title='bbox 798 1557 1064 1597; x_wconf 85' lang='lat' dir='ltr'>interdictum</span> <span class='ocrx_word' id='word_1_224' title='bbox 1115 1571 1207 1598; x_wconf 88' lang='lat' dir='ltr'>eum</span> <span class='ocrx_word' id='word_1_225' title='bbox 1252 1558 1412 1597; x_wconf 88' lang='lat' dir='ltr'>restitui</span> <span class='ocrx_word' id='word_1_226' title='bbox 1453 1560 1708 1611; x_wconf 85' lang='lat' dir='ltr'>oportuisse:</span> <span class='ocrx_word' id='word_1_227' title='bbox 1754 1574 1864 1599; x_wconf 87' lang='lat' dir='ltr'>nune</span> <span class='ocrx_word' id='word_1_228' title='bbox 1908 1573 2007 1600; x_wconf 79' lang='lat' dir='ltr'>vero</span> 
     </span>
     <span class='ocr_line' id='line_1_23' title="bbox 257 1616 2007 1667; baseline 0.003 -12"><span class='ocrx_word' id='word_1_229' title='bbox 257 1616 463 1656; x_wconf 79' lang='lat' dir='ltr'>deiectum</span> <span class='ocrx_word' id='word_1_230' title='bbox 493 1617 608 1657; x_wconf 89' lang='lat' dir='ltr'>nullo</span> <span class='ocrx_word' id='word_1_231' title='bbox 639 1620 761 1658; x_wconf 87' lang='lat' dir='ltr'>modo</span> <span class='ocrx_word' id='word_1_232' title='bbox 794 1632 884 1658; x_wconf 85' lang='lat' dir='ltr'>esse</span> <span class='ocrx_word' id='word_1_233' title='bbox 914 1620 1024 1667; x_wconf 85' lang='lat' dir='ltr'>inde,</span> <span class='ocrx_word' id='word_1_234' title='bbox 1056 1620 1127 1658; x_wconf 90' lang='lat' dir='ltr'>ubi</span> <span class='ocrx_word' id='word_1_235' title='bbox 1158 1633 1241 1659; x_wconf 90' lang='lat' dir='ltr'>non</span> <span class='ocrx_word' id='word_1_236' title='bbox 1271 1620 1416 1659; x_wconf 83' lang='lat' dir='ltr'>suerit:</span> <span class='ocrx_word' id='word_1_237' title='bbox 1448 1620 1527 1659; x_wconf 78' lang='lat' dir='ltr'>hoc</span> <span class='ocrx_word' id='word_1_238' title='bbox 1557 1622 1777 1661; x_wconf 70' lang='lat' dir='ltr'>interdicto</span> <span class='ocrx_word' id='word_1_239' title='bbox 1807 1622 1909 1661; x_wconf 86' lang='lat' dir='ltr'>nihil</span> <span class='ocrx_word' id='word_1_240' title='bbox 1931 1634 2007 1661; x_wconf 89' lang='lat' dir='ltr'>nos</span> 
     </span>
     <span class='ocr_line' id='line_1_24' title="bbox 256 1682 2007 1734; baseline 0.003 -16"><span class='ocrx_word' id='word_1_241' title='bbox 256 1683 469 1719; x_wconf 84' lang='lat' dir='ltr'>assecutos</span> <span class='ocrx_word' id='word_1_242' title='bbox 510 1694 656 1719; x_wconf 74' lang='lat' dir='ltr'>essex»</span> <span class='ocrx_word' id='word_1_243' title='bbox 706 1694 885 1734; x_wconf 91' lang='lat' dir='ltr'>quaero,</span> <span class='ocrx_word' id='word_1_244' title='bbox 927 1682 960 1721; x_wconf 91' lang='lat' dir='ltr'>si</span> <span class='ocrx_word' id='word_1_245' title='bbox 1002 1687 1041 1721; x_wconf 87' lang='lat' dir='ltr'>te</span> <span class='ocrx_word' id='word_1_246' title='bbox 1078 1682 1203 1721; x_wconf 91' lang='lat' dir='ltr'>hodie</span> <span class='ocrx_word' id='word_1_247' title='bbox 1245 1682 1412 1721; x_wconf 91' lang='lat' dir='ltr'>domum</span> <span class='ocrx_word' id='word_1_248' title='bbox 1454 1687 1565 1722; x_wconf 87' lang='lat' dir='ltr'>tuam</span> <span class='ocrx_word' id='word_1_249' title='bbox 1600 1684 1843 1724; x_wconf 88' lang='lat' dir='ltr'>redeuntem</span> <span class='ocrx_word' id='word_1_250' title='bbox 1875 1685 2007 1724; x_wconf 76' lang='lat' dir='ltr'>coacti</span> 
     </span>
     <span class='ocr_line' id='line_1_25' title="bbox 256 1739 2006 1799; baseline 0.005 -20"><span class='ocrx_word' id='word_1_251' title='bbox 256 1739 444 1780; x_wconf 88' lang='lat' dir='ltr'>homines</span> <span class='ocrx_word' id='word_1_252' title='bbox 475 1747 516 1781; x_wconf 88' lang='lat' dir='ltr'>et</span> <span class='ocrx_word' id='word_1_253' title='bbox 545 1744 689 1783; x_wconf 89' lang='lat' dir='ltr'>armati</span> <span class='ocrx_word' id='word_1_254' title='bbox 719 1757 803 1783; x_wconf 91' lang='lat' dir='ltr'>non</span> <span class='ocrx_word' id='word_1_255' title='bbox 836 1744 958 1783; x_wconf 87' lang='lat' dir='ltr'>modo</span> <span class='ocrx_word' id='word_1_256' title='bbox 990 1744 1134 1784; x_wconf 87' lang='lat' dir='ltr'>limine</span> <span class='ocrx_word' id='word_1_257' title='bbox 1166 1749 1360 1797; x_wconf 79' lang='lat' dir='ltr'>tectoque</span> <span class='ocrx_word' id='word_1_258' title='bbox 1391 1744 1554 1784; x_wconf 86' lang='lat' dir='ltr'>aedium</span> <span class='ocrx_word' id='word_1_259' title='bbox 1576 1749 1748 1793; x_wconf 87' lang='lat' dir='ltr'>tuarum,</span> <span class='ocrx_word' id='word_1_260' title='bbox 1780 1747 1852 1786; x_wconf 91' lang='lat' dir='ltr'>sed</span> <span class='ocrx_word' id='word_1_261' title='bbox 1872 1747 2006 1799; x_wconf 91' lang='lat' dir='ltr'>primo</span> 
     </span>
     <span class='ocr_line' id='line_1_26' title="bbox 208 1803 2006 1860; baseline 0.004 -20"><span class='ocrx_word' id='word_1_262' title='bbox 208 1803 371 1842; x_wconf 72' lang='lat' dir='ltr'>25aditu</span> <span class='ocrx_word' id='word_1_263' title='bbox 402 1805 691 1858; x_wconf 87' lang='lat' dir='ltr'>vestibuloque</span> <span class='ocrx_word' id='word_1_264' title='bbox 721 1806 1033 1858; x_wconf 85' lang='lat' dir='ltr'>prohibuerint,</span> <span class='ocrx_word' id='word_1_265' title='bbox 1074 1807 1176 1860; x_wconf 90' lang='lat' dir='ltr'>quid</span> <span class='ocrx_word' id='word_1_266' title='bbox 1213 1813 1378 1846; x_wconf 86' lang='lat' dir='ltr'>acturus</span> <span class='ocrx_word' id='word_1_267' title='bbox 1409 1807 1477 1846; x_wconf 86' lang='lat' dir='ltr'>sis.</span> <span class='ocrx_word' id='word_1_268' title='bbox 1535 1808 1676 1847; x_wconf 87' lang='lat' dir='ltr'>Monet</span> <span class='ocrx_word' id='word_1_269' title='bbox 1705 1809 1860 1847; x_wconf 85' lang='lat' dir='ltr'>amicus</span> <span class='ocrx_word' id='word_1_270' title='bbox 1890 1823 2006 1849; x_wconf 89' lang='lat' dir='ltr'>meus</span> 
     </span>
     <span class='ocr_line' id='line_1_27' title="bbox 258 1865 2001 1923; baseline 0.004 -19"><span class='ocrx_word' id='word_1_271' title='bbox 258 1870 318 1912; x_wconf 90' lang='lat' dir='ltr'>te,</span> <span class='ocrx_word' id='word_1_272' title='bbox 350 1865 394 1904; x_wconf 91' lang='lat' dir='ltr'>L.</span> <span class='ocrx_word' id='word_1_273' title='bbox 427 1866 697 1919; x_wconf 89' lang='lat' dir='ltr'>Calpurnius,</span> <span class='ocrx_word' id='word_1_274' title='bbox 734 1872 781 1908; x_wconf 90' lang='lat' dir='ltr'>ut</span> <span class='ocrx_word' id='word_1_275' title='bbox 811 1869 920 1908; x_wconf 88' lang='lat' dir='ltr'>idem</span> <span class='ocrx_word' id='word_1_276' title='bbox 951 1869 1078 1917; x_wconf 90' lang='lat' dir='ltr'>dieas,</span> <span class='ocrx_word' id='word_1_277' title='bbox 1111 1869 1223 1923; x_wconf 86' lang='lat' dir='ltr'>quod</span> <span class='ocrx_word' id='word_1_278' title='bbox 1254 1869 1344 1922; x_wconf 89' lang='lat' dir='ltr'>ipse</span> <span class='ocrx_word' id='word_1_279' title='bbox 1375 1874 1497 1908; x_wconf 86' lang='lat' dir='ltr'>antea</span> <span class='ocrx_word' id='word_1_280' title='bbox 1527 1869 1650 1917; x_wconf 80' lang='lat' dir='ltr'>dixit,</span> <span class='ocrx_word' id='word_1_281' title='bbox 1700 1870 2001 1911; x_wconf 67' lang='lat' dir='ltr'>«iniuriarum»</span> 
     </span>
     <span class='ocr_line' id='line_1_28' title="bbox 257 1927 2006 1987; baseline 0.005 -21"><span class='ocrx_word' id='word_1_282' title='bbox 257 1927 369 1975; x_wconf 85' lang='lat' dir='ltr'>Quid</span> <span class='ocrx_word' id='word_1_283' title='bbox 408 1929 450 1969; x_wconf 90' lang='lat' dir='ltr'>id</span> <span class='ocrx_word' id='word_1_284' title='bbox 489 1930 541 1969; x_wconf 90' lang='lat' dir='ltr'>ad</span> <span class='ocrx_word' id='word_1_285' title='bbox 580 1943 745 1971; x_wconf 86' lang='lat' dir='ltr'>eausam</span> <span class='ocrx_word' id='word_1_286' title='bbox 786 1932 1094 1984; x_wconf 77' lang='lat' dir='ltr'>possessionis?</span> <span class='ocrx_word' id='word_1_287' title='bbox 1141 1932 1241 1985; x_wconf 91' lang='lat' dir='ltr'>quid</span> <span class='ocrx_word' id='word_1_288' title='bbox 1285 1931 1336 1971; x_wconf 88' lang='lat' dir='ltr'>ad</span> <span class='ocrx_word' id='word_1_289' title='bbox 1378 1932 1680 1971; x_wconf 86' lang='lat' dir='ltr'>restituendum</span> <span class='ocrx_word' id='word_1_290' title='bbox 1720 1947 1837 1981; x_wconf 91' lang='lat' dir='ltr'>eum,</span> <span class='ocrx_word' id='word_1_291' title='bbox 1882 1948 2006 1987; x_wconf 87' lang='lat' dir='ltr'>quem</span> 
     </span>
     <span class='ocr_line' id='line_1_29' title="bbox 256 1992 2006 2048; baseline 0.004 -18"><span class='ocrx_word' id='word_1_292' title='bbox 256 1995 419 2043; x_wconf 88' lang='lat' dir='ltr'>oportet</span> <span class='ocrx_word' id='word_1_293' title='bbox 448 1992 639 2033; x_wconf 79' lang='lat' dir='ltr'>restitui?</span> <span class='ocrx_word' id='word_1_294' title='bbox 672 1994 773 2048; x_wconf 88' lang='lat' dir='ltr'>quid</span> <span class='ocrx_word' id='word_1_295' title='bbox 805 1994 988 2048; x_wconf 92' lang='lat' dir='ltr'>denique</span> <span class='ocrx_word' id='word_1_296' title='bbox 1019 1995 1071 2034; x_wconf 85' lang='lat' dir='ltr'>ad</span> <span class='ocrx_word' id='word_1_297' title='bbox 1102 1994 1164 2035; x_wconf 91' lang='lat' dir='ltr'>ius</span> <span class='ocrx_word' id='word_1_298' title='bbox 1196 1994 1349 2034; x_wconf 72' lang='lat' dir='ltr'>civile?</span> <span class='ocrx_word' id='word_1_299' title='bbox 1404 1992 1489 2047; x_wconf 86' lang='lat' dir='ltr'>[aut</span> <span class='ocrx_word' id='word_1_300' title='bbox 1526 1995 1578 2034; x_wconf 87' lang='lat' dir='ltr'>ad</span> <span class='ocrx_word' id='word_1_301' title='bbox 1615 1995 1763 2035; x_wconf 83' lang='lat' dir='ltr'>actoris</span> <span class='ocrx_word' id='word_1_302' title='bbox 1794 1998 2006 2037; x_wconf 89' lang='lat' dir='ltr'>notionem</span> 
     </span>
    </p>
   </div>
   <div class='ocr_carea' id='block_1_3' title="bbox 253 2172 2007 2315">
    <p class='ocr_par' dir='ltr' id='par_1_3' title="bbox 253 2172 2007 2315">
     <span class='ocr_line' id='line_1_30' title="bbox 342 2172 2004 2215; baseline 0.004 -13"><span class='ocrx_word' id='word_1_303' title='bbox 342 2172 373 2203; x_wconf 72' lang='lat'>2.</span> <span class='ocrx_word' id='word_1_304' title='bbox 399 2172 592 2211; x_wconf 64' lang='lat' dir='ltr'>aequitatum</span> <span class='ocrx_word' id='word_1_305' title='bbox 623 2173 799 2212; x_wconf 76' lang='lat' dir='ltr'>quicquam</span> <span class='ocrx_word' id='word_1_306' title='bbox 828 2174 864 2205; x_wconf 92' lang='lat' dir='ltr'>T.</span> <span class='ocrx_word' id='word_1_307' title='bbox 891 2191 926 2196; x_wconf 83' lang='lat'>—</span> <span class='ocrx_word' id='word_1_308' title='bbox 952 2173 1007 2215; x_wconf 77' lang='lat' dir='ltr'>est]</span> <span class='ocrx_word' id='word_1_309' title='bbox 1038 2183 1069 2205; x_wconf 81' lang='lat' dir='ltr'>es</span> <span class='ocrx_word' id='word_1_310' title='bbox 1097 2175 1132 2205; x_wconf 94' lang='lat' dir='ltr'>T.</span> <span class='ocrx_word' id='word_1_311' title='bbox 1162 2191 1196 2196; x_wconf 81' lang='lat'>—-</span> <span class='ocrx_word' id='word_1_312' title='bbox 1231 2173 1261 2205; x_wconf 89' lang='lat'>3.</span> <span class='ocrx_word' id='word_1_313' title='bbox 1294 2181 1394 2212; x_wconf 79' lang='lat' dir='ltr'>reque</span> <span class='ocrx_word' id='word_1_314' title='bbox 1423 2174 1459 2204; x_wconf 87' lang='lat' dir='ltr'>T.</span> <span class='ocrx_word' id='word_1_315' title='bbox 1488 2189 1521 2194; x_wconf 81' lang='lat'>—-</span> <span class='ocrx_word' id='word_1_316' title='bbox 1549 2172 1578 2204; x_wconf 63' lang='lat' dir='ltr'>Ji.</span> <span class='ocrx_word' id='word_1_317' title='bbox 1612 2174 1645 2205; x_wconf 80' lang='lat' dir='ltr'>in</span> <span class='ocrx_word' id='word_1_318' title='bbox 1671 2175 1790 2213; x_wconf 82' lang='lat' dir='ltr'>primis</span> <span class='ocrx_word' id='word_1_319' title='bbox 1812 2176 1839 2207; x_wconf 80' lang='lat' dir='ltr'>is</span> <span class='ocrx_word' id='word_1_320' title='bbox 1862 2185 1884 2207; x_wconf 85' lang='lat' dir='ltr'><strong><em>a</em></strong></span> <span class='ocrx_word' id='word_1_321' title='bbox 1906 2176 1942 2208; x_wconf 93' lang='lat' dir='ltr'>T.</span> <span class='ocrx_word' id='word_1_322' title='bbox 1970 2194 2004 2198; x_wconf 86' lang='lat'>—</span> 
     </span>
     <span class='ocr_line' id='line_1_31' title="bbox 253 2221 2007 2266; baseline 0.003 -15"><span class='ocrx_word' id='word_1_323' title='bbox 253 2221 405 2252; x_wconf 72' lang='lat' dir='ltr'>videatur</span> <span class='ocrx_word' id='word_1_324' title='bbox 428 2222 452 2253; x_wconf 80' lang='grc' dir='ltr'>Ε</span> <span class='ocrx_word' id='word_1_325' title='bbox 470 2222 512 2253; x_wconf 90' lang='lat' dir='ltr'>T:</span> <span class='ocrx_word' id='word_1_326' title='bbox 539 2231 604 2254; x_wconf 83' lang='lat' dir='ltr'>esse</span> <span class='ocrx_word' id='word_1_327' title='bbox 623 2223 775 2254; x_wconf 77' lang='lat' dir='ltr'>videatur</span> <span class='ocrx_word' id='word_1_328' title='bbox 798 2224 821 2255; x_wconf 87' lang='lat' dir='ltr'><strong>R</strong></span> <span class='ocrx_word' id='word_1_329' title='bbox 836 2224 860 2254; x_wconf 88' lang='grc' dir='ltr'>Α</span> <span class='ocrx_word' id='word_1_330' title='bbox 876 2224 899 2255; x_wconf 95' lang='lat' dir='ltr'>L</span> <span class='ocrx_word' id='word_1_331' title='bbox 913 2221 932 2255; x_wconf 68' lang='lat' dir='ltr'><strong><em>Q</em></strong></span> <span class='ocrx_word' id='word_1_332' title='bbox 947 2224 984 2255; x_wconf 90' lang='grc' dir='ltr'>Ο.</span> <span class='ocrx_word' id='word_1_333' title='bbox 1012 2224 1060 2256; x_wconf 83' lang='lat' dir='ltr'>Cf.</span> <span class='ocrx_word' id='word_1_334' title='bbox 1082 2224 1112 2264; x_wconf 84' lang='lat'>5.</span> <span class='ocrx_word' id='word_1_335' title='bbox 1133 2224 1183 2255; x_wconf 87' lang='lat'>38.</span> <span class='ocrx_word' id='word_1_336' title='bbox 1203 2224 1254 2255; x_wconf 79' lang='lat'>78.</span> <span class='ocrx_word' id='word_1_337' title='bbox 1277 2241 1310 2244; x_wconf 39' lang='lat' dir='ltr'><em>m</em></span> <span class='ocrx_word' id='word_1_338' title='bbox 1331 2224 1361 2254; x_wconf 86' lang='lat'>5.</span> <span class='ocrx_word' id='word_1_339' title='bbox 1389 2223 1521 2254; x_wconf 74' lang='lat' dir='ltr'>Nullam</span> <span class='ocrx_word' id='word_1_340' title='bbox 1543 2232 1607 2255; x_wconf 83' lang='lat' dir='ltr'>esse</span> <span class='ocrx_word' id='word_1_341' title='bbox 1628 2224 1738 2255; x_wconf 80' lang='lat' dir='ltr'>dices?</span> <span class='ocrx_word' id='word_1_342' title='bbox 1759 2224 1880 2256; x_wconf 80' lang='lat' dir='ltr'>Audire</span> <span class='ocrx_word' id='word_1_343' title='bbox 1902 2226 2007 2266; x_wconf 76' lang='lat' dir='ltr'>cupio]</span> 
     </span>
     <span class='ocr_line' id='line_1_32' title="bbox 256 2271 2005 2315; baseline 0.003 -14"><span class='ocrx_word' id='word_1_344' title='bbox 256 2271 371 2302; x_wconf 74' lang='lat' dir='ltr'>audire</span> <span class='ocrx_word' id='word_1_345' title='bbox 400 2272 525 2303; x_wconf 77' lang='lat' dir='ltr'>nullam</span> <span class='ocrx_word' id='word_1_346' title='bbox 555 2280 620 2303; x_wconf 81' lang='lat' dir='ltr'>esse</span> <span class='ocrx_word' id='word_1_347' title='bbox 650 2272 735 2303; x_wconf 71' lang='lat' dir='ltr'>dices</span> <span class='ocrx_word' id='word_1_348' title='bbox 764 2273 859 2312; x_wconf 78' lang='lat' dir='ltr'>cupio</span> <span class='ocrx_word' id='word_1_349' title='bbox 884 2274 918 2303; x_wconf 93' lang='lat' dir='ltr'>T.</span> <span class='ocrx_word' id='word_1_350' title='bbox 948 2290 982 2296; x_wconf 91' lang='lat'><em>-</em></span> <span class='ocrx_word' id='word_1_351' title='bbox 1011 2274 1040 2304; x_wconf 82' lang='lat'>6.</span> <span class='ocrx_word' id='word_1_352' title='bbox 1068 2274 1136 2305; x_wconf 74' lang='lat' dir='ltr'>ocio</span> <span class='ocrx_word' id='word_1_353' title='bbox 1165 2274 1200 2304; x_wconf 92' lang='lat' dir='ltr'>T.</span> <span class='ocrx_word' id='word_1_354' title='bbox 1230 2292 1264 2296; x_wconf 87' lang='lat'>—</span> <span class='ocrx_word' id='word_1_355' title='bbox 1290 2273 1412 2313; x_wconf 74' lang='lat' dir='ltr'>fecerit]</span> <span class='ocrx_word' id='word_1_356' title='bbox 1444 2274 1510 2313; x_wconf 77' lang='lat' dir='ltr'>foce</span> <span class='ocrx_word' id='word_1_357' title='bbox 1533 2274 1567 2305; x_wconf 87' lang='lat' dir='ltr'>T.</span> <span class='ocrx_word' id='word_1_358' title='bbox 1598 2291 1631 2295; x_wconf 74' lang='lat'><strong>—</strong></span> <span class='ocrx_word' id='word_1_359' title='bbox 1659 2274 1689 2305; x_wconf 91' lang='lat'>7.</span> <span class='ocrx_word' id='word_1_360' title='bbox 1722 2275 1884 2315; x_wconf 65' lang='lat' dir='ltr'>coegerint</span> <span class='ocrx_word' id='word_1_361' title='bbox 1906 2276 1941 2306; x_wconf 91' lang='lat' dir='ltr'>T.</span> <span class='ocrx_word' id='word_1_362' title='bbox 1970 2294 2005 2298; x_wconf 68' lang='lat'>—</span> 
     </span>
    </p>
   </div>
   <div class='ocr_carea' id='block_1_4' title="bbox 253 2319 2006 3059">
    <p class='ocr_par' dir='ltr' id='par_1_4' title="bbox 253 2319 2006 3059">
     <span class='ocr_line' id='line_1_33' title="bbox 254 2319 2004 2364; baseline 0.003 -13"><span class='ocrx_word' id='word_1_363' title='bbox 254 2321 410 2359; x_wconf 76' lang='lat' dir='ltr'>inermos,</span> <span class='ocrx_word' id='word_1_364' title='bbox 440 2321 495 2360; x_wconf 77' lang='lat' dir='ltr'>qui</span> <span class='ocrx_word' id='word_1_365' title='bbox 521 2329 590 2362; x_wconf 77' lang='lat' dir='ltr'>mg.</span> <span class='ocrx_word' id='word_1_366' title='bbox 620 2319 640 2353; x_wconf 64' lang='lat' dir='ltr'><strong><em>Q</em></strong></span> <span class='ocrx_word' id='word_1_367' title='bbox 667 2323 701 2353; x_wconf 85' lang='lat' dir='ltr'>et</span> <span class='ocrx_word' id='word_1_368' title='bbox 725 2321 870 2354; x_wconf 86' lang='lat' dir='ltr'>Orellius</span> <span class='ocrx_word' id='word_1_369' title='bbox 887 2324 1004 2363; x_wconf 65' lang='lat' dir='ltr'>(Orati.</span> <span class='ocrx_word' id='word_1_370' title='bbox 1023 2324 1088 2355; x_wconf 71' lang='lat' dir='ltr'>seli.</span> <span class='ocrx_word' id='word_1_371' title='bbox 1106 2323 1207 2364; x_wconf 78' lang='lat' dir='ltr'>XV.):</span> <span class='ocrx_word' id='word_1_372' title='bbox 1234 2324 1408 2362; x_wconf 76' lang='lat' dir='ltr'>inermosq;</span> <span class='ocrx_word' id='word_1_373' title='bbox 1433 2324 1475 2357; x_wconf 84' lang='grc' dir='ltr'>Τ;</span> <span class='ocrx_word' id='word_1_374' title='bbox 1508 2323 1645 2355; x_wconf 79' lang='lat' dir='ltr'>inermes</span> <span class='ocrx_word' id='word_1_375' title='bbox 1671 2324 1726 2363; x_wconf 72' lang='lat' dir='ltr'>qui</span> <span class='ocrx_word' id='word_1_376' title='bbox 1754 2324 1811 2355; x_wconf 76' lang='lat' dir='ltr'>ka</span> <span class='ocrx_word' id='word_1_377' title='bbox 1834 2325 1867 2355; x_wconf 86' lang='lat' dir='ltr'>et</span> <span class='ocrx_word' id='word_1_378' title='bbox 1889 2325 1912 2355; x_wconf 94' lang='lat' dir='ltr'>L</span> <span class='ocrx_word' id='word_1_379' title='bbox 1928 2322 2004 2363; x_wconf 68' lang='lat' dir='ltr'>ssO;</span> 
     </span>
     <span class='ocr_line' id='line_1_34' title="bbox 253 2370 2004 2414; baseline 0.004 -15"><span class='ocrx_word' id='word_1_380' title='bbox 253 2370 453 2409; x_wconf 78' lang='lat' dir='ltr'>inermesque</span> <span class='ocrx_word' id='word_1_381' title='bbox 474 2379 549 2401; x_wconf 82' lang='lat' dir='ltr'>cum</span> <span class='ocrx_word' id='word_1_382' title='bbox 573 2379 662 2402; x_wconf 84' lang='lat' dir='ltr'>corr.</span> <span class='ocrx_word' id='word_1_383' title='bbox 690 2381 710 2411; x_wconf 80' lang='lat' dir='ltr'>q</span> <span class='ocrx_word' id='word_1_384' title='bbox 730 2372 763 2402; x_wconf 86' lang='lat' dir='ltr'>et</span> <span class='ocrx_word' id='word_1_385' title='bbox 779 2373 823 2408; x_wconf 80' lang='grc' dir='ltr'>Λ;</span> <span class='ocrx_word' id='word_1_386' title='bbox 850 2372 1050 2412; x_wconf 72' lang='lat' dir='ltr'>inermesque</span> <span class='ocrx_word' id='word_1_387' title='bbox 1074 2374 1097 2404; x_wconf 81' lang='lat' dir='ltr'>R</span> <span class='ocrx_word' id='word_1_388' title='bbox 1124 2374 1237 2412; x_wconf 75' lang='lat' dir='ltr'>(etiam</span> <span class='ocrx_word' id='word_1_389' title='bbox 1264 2373 1311 2412; x_wconf 77' lang='lat' dir='ltr'>E).</span> <span class='ocrx_word' id='word_1_390' title='bbox 1340 2373 1388 2404; x_wconf 87' lang='lat' dir='ltr'>Cf.</span> <span class='ocrx_word' id='word_1_391' title='bbox 1408 2382 1470 2414; x_wconf 85' lang='lat' dir='ltr'>pro</span> <span class='ocrx_word' id='word_1_392' title='bbox 1495 2372 1600 2404; x_wconf 84' lang='lat' dir='ltr'>altera</span> <span class='ocrx_word' id='word_1_393' title='bbox 1619 2373 1728 2405; x_wconf 83' lang='lat' dir='ltr'>forma</span> <span class='ocrx_word' id='word_1_394' title='bbox 1746 2374 1775 2413; x_wconf 86' lang='lat'>5.</span> <span class='ocrx_word' id='word_1_395' title='bbox 1796 2374 1846 2405; x_wconf 83' lang='lat'>60.</span> <span class='ocrx_word' id='word_1_396' title='bbox 1867 2374 1918 2406; x_wconf 81' lang='lat'>62.</span> <span class='ocrx_word' id='word_1_397' title='bbox 1938 2375 2004 2413; x_wconf 82' lang='lat'>93.;</span> 
     </span>
     <span class='ocr_line' id='line_1_35' title="bbox 255 2419 2004 2464; baseline 0.003 -14"><span class='ocrx_word' id='word_1_398' title='bbox 255 2428 318 2460; x_wconf 87' lang='lat' dir='ltr'>pro</span> <span class='ocrx_word' id='word_1_399' title='bbox 339 2419 445 2451; x_wconf 83' lang='lat' dir='ltr'>altera</span> <span class='ocrx_word' id='word_1_400' title='bbox 468 2420 499 2460; x_wconf 82' lang='lat'>5.</span> <span class='ocrx_word' id='word_1_401' title='bbox 519 2420 571 2451; x_wconf 82' lang='grc'>63.</span> <span class='ocrx_word' id='word_1_402' title='bbox 590 2429 623 2461; x_wconf 91' lang='lat' dir='ltr'>p.</span> <span class='ocrx_word' id='word_1_403' title='bbox 644 2420 749 2452; x_wconf 90' lang='lat' dir='ltr'>Tullio</span> <span class='ocrx_word' id='word_1_404' title='bbox 767 2422 796 2461; x_wconf 86' lang='lat'>5.</span> <span class='ocrx_word' id='word_1_405' title='bbox 816 2420 867 2453; x_wconf 63' lang='lat'>40.</span> <span class='ocrx_word' id='word_1_406' title='bbox 890 2431 923 2462; x_wconf 85' lang='lat' dir='ltr'>p.</span> <span class='ocrx_word' id='word_1_407' title='bbox 944 2423 1084 2454; x_wconf 83' lang='lat' dir='ltr'>Fonteio</span> <span class='ocrx_word' id='word_1_408' title='bbox 1101 2422 1131 2462; x_wconf 84' lang='lat'>5.</span> <span class='ocrx_word' id='word_1_409' title='bbox 1151 2422 1201 2454; x_wconf 73' lang='lat' dir='ltr'>lsi.</span> <span class='ocrx_word' id='word_1_410' title='bbox 1220 2441 1254 2444; x_wconf 97' lang='lat'><strong>—</strong></span> <span class='ocrx_word' id='word_1_411' title='bbox 1281 2423 1310 2454; x_wconf 84' lang='lat'>9.</span> <span class='ocrx_word' id='word_1_412' title='bbox 1332 2422 1508 2462; x_wconf 76' lang='lat' dir='ltr'>reppulerit</span> <span class='ocrx_word' id='word_1_413' title='bbox 1532 2423 1555 2454; x_wconf 87' lang='lat' dir='ltr'>E</span> <span class='ocrx_word' id='word_1_414' title='bbox 1578 2422 1631 2463; x_wconf 85' lang='lat' dir='ltr'>(do</span> <span class='ocrx_word' id='word_1_415' title='bbox 1649 2424 1672 2454; x_wconf 95' lang='lat' dir='ltr'>T</span> <span class='ocrx_word' id='word_1_416' title='bbox 1690 2422 1882 2455; x_wconf 86' lang='lat' dir='ltr'>llarlessius</span> <span class='ocrx_word' id='word_1_417' title='bbox 1899 2422 2004 2464; x_wconf 82' lang='lat' dir='ltr'>silet):</span> 
     </span>
     <span class='ocr_line' id='line_1_36' title="bbox 253 2469 2003 2513; baseline 0.002 -12"><span class='ocrx_word' id='word_1_418' title='bbox 253 2471 410 2509; x_wconf 45' lang='lat' dir='ltr'>&#39;repulerit</span> <span class='ocrx_word' id='word_1_419' title='bbox 433 2471 457 2502; x_wconf 85' lang='lat' dir='ltr'>R</span> <span class='ocrx_word' id='word_1_420' title='bbox 471 2473 496 2502; x_wconf 86' lang='lat' dir='ltr'><strong>A</strong></span> <span class='ocrx_word' id='word_1_421' title='bbox 511 2471 533 2501; x_wconf 88' lang='lat' dir='ltr'>L</span> <span class='ocrx_word' id='word_1_422' title='bbox 548 2469 567 2502; x_wconf 64' lang='lat'>&gt;3</span> <span class='ocrx_word' id='word_1_423' title='bbox 581 2471 618 2501; x_wconf 91' lang='lat' dir='ltr'>O.</span> <span class='ocrx_word' id='word_1_424' title='bbox 640 2487 674 2491; x_wconf 93' lang='lat'><strong>—</strong></span> <span class='ocrx_word' id='word_1_425' title='bbox 699 2470 837 2511; x_wconf 57' lang='lat' dir='ltr'>fugarit]</span> <span class='ocrx_word' id='word_1_426' title='bbox 860 2472 975 2512; x_wconf 67' lang='lat' dir='ltr'>fuglam</span> <span class='ocrx_word' id='word_1_427' title='bbox 999 2474 1033 2503; x_wconf 91' lang='lat' dir='ltr'>T.</span> <span class='ocrx_word' id='word_1_428' title='bbox 1055 2491 1089 2495; x_wconf 75' lang='lat'>—</span> <span class='ocrx_word' id='word_1_429' title='bbox 1118 2473 1168 2503; x_wconf 74' lang='lat' dir='ltr'>ll.</span> <span class='ocrx_word' id='word_1_430' title='bbox 1188 2473 1273 2511; x_wconf 77' lang='lat' dir='ltr'>quod</span> <span class='ocrx_word' id='word_1_431' title='bbox 1296 2482 1378 2512; x_wconf 69' lang='lat' dir='ltr'>ayas</span> <span class='ocrx_word' id='word_1_432' title='bbox 1394 2472 1588 2503; x_wconf 83' lang='lat' dir='ltr'>Ernestius:</span> <span class='ocrx_word' id='word_1_433' title='bbox 1615 2473 1692 2512; x_wconf 80' lang='lat' dir='ltr'>quid</span> <span class='ocrx_word' id='word_1_434' title='bbox 1712 2481 1794 2513; x_wconf 71' lang='lat' dir='ltr'>ayas</span> <span class='ocrx_word' id='word_1_435' title='bbox 1816 2471 1884 2505; x_wconf 65' lang='lat' dir='ltr'>uA</span> <span class='ocrx_word' id='word_1_436' title='bbox 1900 2471 2003 2505; x_wconf 60' lang='grc' dir='ltr'>[ΩΟ.</span> 
     </span>
     <span class='ocr_line' id='line_1_37' title="bbox 256 2520 2003 2563; baseline 0.002 -12"><span class='ocrx_word' id='word_1_437' title='bbox 256 2520 305 2551; x_wconf 79' lang='lat' dir='ltr'>Cf.</span> <span class='ocrx_word' id='word_1_438' title='bbox 324 2520 353 2560; x_wconf 81' lang='lat'>5.</span> <span class='ocrx_word' id='word_1_439' title='bbox 373 2520 426 2552; x_wconf 70' lang='lat'>34.</span> <span class='ocrx_word' id='word_1_440' title='bbox 446 2521 497 2552; x_wconf 78' lang='lat'>36.</span> <span class='ocrx_word' id='word_1_441' title='bbox 525 2520 743 2561; x_wconf 80' lang='lat' dir='ltr'>Wesenberg</span> <span class='ocrx_word' id='word_1_442' title='bbox 767 2521 809 2552; x_wconf 88' lang='lat' dir='ltr'>ad</span> <span class='ocrx_word' id='word_1_443' title='bbox 837 2531 886 2554; x_wconf 90' lang='lat' dir='ltr'>or.</span> <span class='ocrx_word' id='word_1_444' title='bbox 913 2532 945 2563; x_wconf 85' lang='lat' dir='ltr'>p.</span> <span class='ocrx_word' id='word_1_445' title='bbox 965 2523 1075 2554; x_wconf 87' lang='lat' dir='ltr'>Sestio</span> <span class='ocrx_word' id='word_1_446' title='bbox 1101 2532 1134 2563; x_wconf 85' lang='lat' dir='ltr'>p.</span> <span class='ocrx_word' id='word_1_447' title='bbox 1155 2523 1205 2554; x_wconf 68' lang='grc' dir='ltr'>Ἰί).</span> <span class='ocrx_word' id='word_1_448' title='bbox 1226 2541 1260 2544; x_wconf 84' lang='grc'>-</span> <span class='ocrx_word' id='word_1_449' title='bbox 1290 2523 1340 2553; x_wconf 71' lang='grc'>4-2.</span> <span class='ocrx_word' id='word_1_450' title='bbox 1359 2532 1435 2553; x_wconf 76' lang='lat' dir='ltr'>vero</span> <span class='ocrx_word' id='word_1_451' title='bbox 1451 2532 1519 2553; x_wconf 90' lang='lat' dir='ltr'>om.</span> <span class='ocrx_word' id='word_1_452' title='bbox 1535 2523 1570 2554; x_wconf 86' lang='lat' dir='ltr'>T.</span> <span class='ocrx_word' id='word_1_453' title='bbox 1598 2523 1646 2555; x_wconf 83' lang='lat' dir='ltr'>Cf.</span> <span class='ocrx_word' id='word_1_454' title='bbox 1665 2532 1738 2554; x_wconf 71' lang='lat' dir='ltr'>var.</span> <span class='ocrx_word' id='word_1_455' title='bbox 1757 2521 1834 2554; x_wconf 84' lang='lat' dir='ltr'>lect.</span> <span class='ocrx_word' id='word_1_456' title='bbox 1853 2522 1883 2562; x_wconf 81' lang='lat'>5.</span> <span class='ocrx_word' id='word_1_457' title='bbox 1902 2522 2003 2555; x_wconf 61' lang='lat'>45.—</span> 
     </span>
     <span class='ocr_line' id='line_1_38' title="bbox 256 2569 2003 2613; baseline 0.002 -13"><span class='ocrx_word' id='word_1_458' title='bbox 256 2570 307 2601; x_wconf 74' lang='lat'>43.</span> <span class='ocrx_word' id='word_1_459' title='bbox 325 2570 462 2601; x_wconf 73' lang='lat' dir='ltr'>maioris</span> <span class='ocrx_word' id='word_1_460' title='bbox 477 2570 512 2600; x_wconf 90' lang='lat' dir='ltr'>T.</span> <span class='ocrx_word' id='word_1_461' title='bbox 535 2588 569 2592; x_wconf 89' lang='lat'><strong>—</strong></span> <span class='ocrx_word' id='word_1_462' title='bbox 590 2569 641 2601; x_wconf 72' lang='lat'>44.</span> <span class='ocrx_word' id='word_1_463' title='bbox 666 2570 807 2610; x_wconf 57' lang='lat' dir='ltr'>fruet-inc</span> <span class='ocrx_word' id='word_1_464' title='bbox 823 2571 858 2601; x_wconf 91' lang='lat' dir='ltr'>T.</span> <span class='ocrx_word' id='word_1_465' title='bbox 881 2589 915 2593; x_wconf 92' lang='lat'>—</span> <span class='ocrx_word' id='word_1_466' title='bbox 935 2573 987 2603; x_wconf 76' lang='lat'>45.</span> <span class='ocrx_word' id='word_1_467' title='bbox 1007 2572 1087 2604; x_wconf 74' lang='lat' dir='ltr'>sint:</span> <span class='ocrx_word' id='word_1_468' title='bbox 1111 2572 1170 2603; x_wconf 77' lang='lat' dir='ltr'>hoe</span> <span class='ocrx_word' id='word_1_469' title='bbox 1186 2572 1209 2602; x_wconf 90' lang='lat' dir='ltr'>L</span> <span class='ocrx_word' id='word_1_470' title='bbox 1224 2570 1263 2603; x_wconf 58' lang='lat'>53:</span> <span class='ocrx_word' id='word_1_471' title='bbox 1288 2573 1363 2609; x_wconf 78' lang='lat' dir='ltr'>sint,</span> <span class='ocrx_word' id='word_1_472' title='bbox 1388 2576 1423 2603; x_wconf 76' lang='lat' dir='ltr'>ut</span> <span class='ocrx_word' id='word_1_473' title='bbox 1438 2573 1496 2603; x_wconf 77' lang='lat' dir='ltr'>lioc</span> <span class='ocrx_word' id='word_1_474' title='bbox 1512 2571 1540 2604; x_wconf 65' lang='lat' dir='ltr'>*M</span> <span class='ocrx_word' id='word_1_475' title='bbox 1552 2574 1597 2609; x_wconf 82' lang='lat' dir='ltr'>A;</span> <span class='ocrx_word' id='word_1_476' title='bbox 1624 2574 1697 2611; x_wconf 77' lang='lat' dir='ltr'>sint,</span> <span class='ocrx_word' id='word_1_477' title='bbox 1717 2572 1773 2613; x_wconf 77' lang='lat' dir='ltr'>[ut]</span> <span class='ocrx_word' id='word_1_478' title='bbox 1791 2573 1848 2603; x_wconf 79' lang='lat' dir='ltr'>hoc</span> <span class='ocrx_word' id='word_1_479' title='bbox 1865 2574 1901 2604; x_wconf 92' lang='lat' dir='ltr'>O.</span> <span class='ocrx_word' id='word_1_480' title='bbox 1916 2572 2003 2613; x_wconf 73' lang='lat' dir='ltr'>(sint,</span> 
     </span>
     <span class='ocr_line' id='line_1_39' title="bbox 254 2618 2006 2661; baseline 0.003 -13"><span class='ocrx_word' id='word_1_481' title='bbox 254 2618 277 2648; x_wconf 77' lang='lat' dir='ltr'>ii</span> <span class='ocrx_word' id='word_1_482' title='bbox 292 2619 350 2649; x_wconf 81' lang='lat' dir='ltr'>hoc</span> <span class='ocrx_word' id='word_1_483' title='bbox 368 2618 546 2658; x_wconf 81' lang='lat' dir='ltr'>Halmius.)</span> <span class='ocrx_word' id='word_1_484' title='bbox 564 2637 598 2641; x_wconf 82' lang='lat'>-—</span> <span class='ocrx_word' id='word_1_485' title='bbox 619 2619 670 2650; x_wconf 61' lang='lat'>216.</span> <span class='ocrx_word' id='word_1_486' title='bbox 689 2623 725 2650; x_wconf 76' lang='lat' dir='ltr'>ut</span> <span class='ocrx_word' id='word_1_487' title='bbox 740 2620 766 2650; x_wconf 81' lang='lat' dir='ltr'>si</span> <span class='ocrx_word' id='word_1_488' title='bbox 784 2621 838 2658; x_wconf 79' lang='lat' dir='ltr'>qui</span> <span class='ocrx_word' id='word_1_489' title='bbox 854 2630 933 2652; x_wconf 79' lang='lat' dir='ltr'>me-</span> <span class='ocrx_word' id='word_1_490' title='bbox 946 2631 1037 2652; x_wconf 40' lang='lat' dir='ltr'>—fnon</span> <span class='ocrx_word' id='word_1_491' title='bbox 1056 2621 1229 2653; x_wconf 64' lang='lat' dir='ltr'>habet-mn?</span> <span class='ocrx_word' id='word_1_492' title='bbox 1254 2621 1479 2659; x_wconf 86' lang='lat' dir='ltr'>Quintilianus</span> <span class='ocrx_word' id='word_1_493' title='bbox 1497 2623 1535 2653; x_wconf 90' lang='lat' dir='ltr'>V.</span> <span class='ocrx_word' id='word_1_494' title='bbox 1553 2623 1603 2660; x_wconf 70' lang='lat' dir='ltr'>ll,</span> <span class='ocrx_word' id='word_1_495' title='bbox 1622 2623 1688 2661; x_wconf 83' lang='lat'>33.,</span> <span class='ocrx_word' id='word_1_496' title='bbox 1706 2622 1765 2654; x_wconf 88' lang='lat' dir='ltr'>ubi</span> <span class='ocrx_word' id='word_1_497' title='bbox 1782 2622 1835 2654; x_wconf 90' lang='lat' dir='ltr'>bis</span> <span class='ocrx_word' id='word_1_498' title='bbox 1853 2623 1965 2654; x_wconf 81' lang='lat' dir='ltr'>editur</span> <span class='ocrx_word' id='word_1_499' title='bbox 1979 2624 2006 2654; x_wconf 80' lang='lat' dir='ltr'>si</span> 
     </span>
     <span class='ocr_line' id='line_1_40' title="bbox 255 2668 2004 2713; baseline 0.003 -14"><span class='ocrx_word' id='word_1_500' title='bbox 255 2669 341 2708; x_wconf 66' lang='lat' dir='ltr'>(sitis,</span> <span class='ocrx_word' id='word_1_501' title='bbox 368 2677 448 2699; x_wconf 83' lang='lat' dir='ltr'>oum</span> <span class='ocrx_word' id='word_1_502' title='bbox 472 2669 591 2709; x_wconf 85' lang='lat' dir='ltr'>optimi</span> <span class='ocrx_word' id='word_1_503' title='bbox 616 2668 754 2700; x_wconf 77' lang='lat' dir='ltr'>codices</span> <span class='ocrx_word' id='word_1_504' title='bbox 780 2670 931 2701; x_wconf 71' lang='lat' dir='ltr'>habeant</span> <span class='ocrx_word' id='word_1_505' title='bbox 953 2672 980 2701; x_wconf 81' lang='lat' dir='ltr'>si</span> <span class='ocrx_word' id='word_1_506' title='bbox 1003 2672 1068 2710; x_wconf 84' lang='lat' dir='ltr'>qui.</span> <span class='ocrx_word' id='word_1_507' title='bbox 1094 2672 1169 2702; x_wconf 69' lang='lat' dir='ltr'>Viil.</span> <span class='ocrx_word' id='word_1_508' title='bbox 1189 2672 1334 2712; x_wconf 86' lang='lat' dir='ltr'>Zumptii</span> <span class='ocrx_word' id='word_1_509' title='bbox 1358 2671 1534 2712; x_wconf 75' lang='lat' dir='ltr'>Suppleni.</span> <span class='ocrx_word' id='word_1_510' title='bbox 1562 2671 1720 2703; x_wconf 80' lang='lat' dir='ltr'>editionis</span> <span class='ocrx_word' id='word_1_511' title='bbox 1744 2672 2004 2713; x_wconf 74' lang='lat' dir='ltr'>Spaldingianae</span> 
     </span>
     <span class='ocr_line' id='line_1_41' title="bbox 255 2718 2006 2762; baseline 0.002 -13"><span class='ocrx_word' id='word_1_512' title='bbox 255 2728 287 2759; x_wconf 92' lang='lat' dir='ltr'>p.</span> <span class='ocrx_word' id='word_1_513' title='bbox 302 2719 358 2750; x_wconf 69' lang='lat'>281</span> <span class='ocrx_word' id='word_1_514' title='bbox 371 2743 376 2749; x_wconf 93' lang='lat'>.</span> <span class='ocrx_word' id='word_1_515' title='bbox 390 2736 425 2741; x_wconf 87' lang='lat'>——</span> <span class='ocrx_word' id='word_1_516' title='bbox 444 2718 595 2758; x_wconf 58' lang='lat' dir='ltr'>coegisset</span> <span class='ocrx_word' id='word_1_517' title='bbox 618 2718 642 2749; x_wconf 82' lang='lat' dir='ltr'>E</span> <span class='ocrx_word' id='word_1_518' title='bbox 656 2719 680 2749; x_wconf 87' lang='lat' dir='ltr'>T</span> <span class='ocrx_word' id='word_1_519' title='bbox 694 2720 717 2748; x_wconf 83' lang='lat' dir='ltr'>G</span> <span class='ocrx_word' id='word_1_520' title='bbox 732 2728 749 2749; x_wconf 87' lang='lat' dir='ltr'>a</span> <span class='ocrx_word' id='word_1_521' title='bbox 764 2718 786 2749; x_wconf 84' lang='lat' dir='ltr'>b</span> <span class='ocrx_word' id='word_1_522' title='bbox 800 2720 819 2749; x_wconf 82' lang='lat' dir='ltr'>k</span> <span class='ocrx_word' id='word_1_523' title='bbox 834 2729 866 2751; x_wconf 82' lang='lat'>111</span> <span class='ocrx_word' id='word_1_524' title='bbox 883 2722 930 2751; x_wconf 73' lang='lat' dir='ltr'>ta</span> <span class='ocrx_word' id='word_1_525' title='bbox 948 2722 981 2752; x_wconf 85' lang='lat' dir='ltr'>et</span> <span class='ocrx_word' id='word_1_526' title='bbox 998 2720 1241 2758; x_wconf 74' lang='lat' dir='ltr'>Quintilianus:</span> <span class='ocrx_word' id='word_1_527' title='bbox 1267 2722 1438 2762; x_wconf 66' lang='lat' dir='ltr'>coeyissevit</span> <span class='ocrx_word' id='word_1_528' title='bbox 1462 2722 1484 2752; x_wconf 83' lang='lat' dir='ltr'>R</span> <span class='ocrx_word' id='word_1_529' title='bbox 1499 2723 1524 2752; x_wconf 83' lang='lat' dir='ltr'>A</span> <span class='ocrx_word' id='word_1_530' title='bbox 1541 2723 1562 2752; x_wconf 91' lang='lat' dir='ltr'>L</span> <span class='ocrx_word' id='word_1_531' title='bbox 1577 2721 1595 2753; x_wconf 61' lang='lat'>⁵3</span> <span class='ocrx_word' id='word_1_532' title='bbox 1614 2722 1691 2752; x_wconf 83' lang='grc'>0.-</span> <span class='ocrx_word' id='word_1_533' title='bbox 1720 2723 1770 2753; x_wconf 71' lang='lat'>47.</span> <span class='ocrx_word' id='word_1_534' title='bbox 1795 2723 2006 2762; x_wconf 78' lang='lat' dir='ltr'>prohibuisset</span> 
     </span>
     <span class='ocr_line' id='line_1_42' title="bbox 255 2767 2005 2808; baseline 0.002 -10"><span class='ocrx_word' id='word_1_535' title='bbox 255 2768 279 2799; x_wconf 80' lang='lat' dir='ltr'>E</span> <span class='ocrx_word' id='word_1_536' title='bbox 293 2768 317 2798; x_wconf 93' lang='lat' dir='ltr'>T</span> <span class='ocrx_word' id='word_1_537' title='bbox 330 2778 348 2798; x_wconf 83' lang='lat' dir='ltr'>a</span> <span class='ocrx_word' id='word_1_538' title='bbox 363 2767 384 2799; x_wconf 87' lang='lat' dir='ltr'>b</span> <span class='ocrx_word' id='word_1_539' title='bbox 396 2768 415 2798; x_wconf 85' lang='lat' dir='ltr'>k</span> <span class='ocrx_word' id='word_1_540' title='bbox 430 2776 451 2808; x_wconf 89' lang='lat' dir='ltr'>p</span> <span class='ocrx_word' id='word_1_541' title='bbox 466 2777 486 2808; x_wconf 83' lang='lat' dir='ltr'>q</span> <span class='ocrx_word' id='word_1_542' title='bbox 500 2778 525 2798; x_wconf 84' lang='grc' dir='ltr'>α</span> <span class='ocrx_word' id='word_1_543' title='bbox 548 2769 582 2798; x_wconf 88' lang='lat' dir='ltr'>et</span> <span class='ocrx_word' id='word_1_544' title='bbox 606 2767 851 2805; x_wconf 75' lang='lat' dir='ltr'>Quintilianus:</span> <span class='ocrx_word' id='word_1_545' title='bbox 875 2770 1109 2808; x_wconf 74' lang='lat' dir='ltr'>prohibuissent</span> <span class='ocrx_word' id='word_1_546' title='bbox 1134 2772 1158 2803; x_wconf 69' lang='lat' dir='ltr'>lt</span> <span class='ocrx_word' id='word_1_547' title='bbox 1171 2773 1195 2802; x_wconf 71' lang='lat' dir='ltr'>A</span> <span class='ocrx_word' id='word_1_548' title='bbox 1211 2771 1234 2801; x_wconf 95' lang='lat' dir='ltr'>L</span> <span class='ocrx_word' id='word_1_549' title='bbox 1249 2769 1268 2803; x_wconf 69' lang='lat'>&gt;3</span> <span class='ocrx_word' id='word_1_550' title='bbox 1283 2771 1318 2802; x_wconf 81' lang='lat' dir='ltr'>t).</span> <span class='ocrx_word' id='word_1_551' title='bbox 1353 2769 1478 2802; x_wconf 80' lang='lat' dir='ltr'>Fesellit</span> <span class='ocrx_word' id='word_1_552' title='bbox 1504 2770 1661 2802; x_wconf 85' lang='lat' dir='ltr'>librarios</span> <span class='ocrx_word' id='word_1_553' title='bbox 1679 2771 1786 2802; x_wconf 84' lang='lat' dir='ltr'>forma</span> <span class='ocrx_word' id='word_1_554' title='bbox 1804 2772 2005 2803; x_wconf 67' lang='lat' dir='ltr'>nominativi</span> 
     </span>
     <span class='ocr_line' id='line_1_43' title="bbox 255 2816 2004 2860; baseline 0.001 -11"><span class='ocrx_word' id='word_1_555' title='bbox 255 2818 341 2857; x_wconf 72' lang='lat' dir='ltr'>sing.</span> <span class='ocrx_word' id='word_1_556' title='bbox 357 2818 423 2857; x_wconf 80' lang='lat' dir='ltr'>qui.</span> <span class='ocrx_word' id='word_1_557' title='bbox 451 2817 500 2849; x_wconf 85' lang='lat' dir='ltr'>Cf.</span> <span class='ocrx_word' id='word_1_558' title='bbox 519 2826 590 2848; x_wconf 87' lang='lat' dir='ltr'>var.</span> <span class='ocrx_word' id='word_1_559' title='bbox 606 2816 682 2848; x_wconf 83' lang='lat' dir='ltr'>lect.</span> <span class='ocrx_word' id='word_1_560' title='bbox 699 2818 742 2848; x_wconf 68' lang='lat' dir='ltr'>nil</span> <span class='ocrx_word' id='word_1_561' title='bbox 761 2828 811 2850; x_wconf 87' lang='lat' dir='ltr'>or.</span> <span class='ocrx_word' id='word_1_562' title='bbox 831 2828 863 2859; x_wconf 88' lang='lat' dir='ltr'>p.</span> <span class='ocrx_word' id='word_1_563' title='bbox 883 2820 1038 2857; x_wconf 73' lang='lat' dir='ltr'>Quint-tio</span> <span class='ocrx_word' id='word_1_564' title='bbox 1056 2821 1131 2857; x_wconf 60' lang='lat'>5274</span> <span class='ocrx_word' id='word_1_565' title='bbox 1144 2838 1192 2851; x_wconf 85' lang='lat'>.—</span> <span class='ocrx_word' id='word_1_566' title='bbox 1211 2830 1275 2851; x_wconf 79' lang='lat' dir='ltr'>uon</span> <span class='ocrx_word' id='word_1_567' title='bbox 1291 2820 1440 2851; x_wconf 77' lang='lat' dir='ltr'>haberem</span> <span class='ocrx_word' id='word_1_568' title='bbox 1457 2829 1524 2852; x_wconf 85' lang='lat' dir='ltr'>om.</span> <span class='ocrx_word' id='word_1_569' title='bbox 1545 2822 1622 2851; x_wconf 83' lang='lat' dir='ltr'>T.-</span> <span class='ocrx_word' id='word_1_570' title='bbox 1643 2822 1693 2852; x_wconf 75' lang='lat'>49.</span> <span class='ocrx_word' id='word_1_571' title='bbox 1713 2830 1834 2860; x_wconf 78' lang='lat' dir='ltr'>quaero</span> <span class='ocrx_word' id='word_1_572' title='bbox 1851 2822 1928 2852; x_wconf 84' lang='lat' dir='ltr'>ET:</span> <span class='ocrx_word' id='word_1_573' title='bbox 1954 2821 2004 2851; x_wconf 87' lang='lat' dir='ltr'>lo-</span> 
     </span>
     <span class='ocr_line' id='line_1_44' title="bbox 254 2868 2004 2911; baseline 0.002 -14"><span class='ocrx_word' id='word_1_574' title='bbox 254 2876 338 2906; x_wconf 77' lang='lat' dir='ltr'>quor</span> <span class='ocrx_word' id='word_1_575' title='bbox 353 2870 382 2906; x_wconf 87' lang='lat' dir='ltr'>t;</span> <span class='ocrx_word' id='word_1_576' title='bbox 402 2876 522 2906; x_wconf 79' lang='lat' dir='ltr'>queror</span> <span class='ocrx_word' id='word_1_577' title='bbox 536 2869 559 2898; x_wconf 70' lang='lat' dir='ltr'>lt</span> <span class='ocrx_word' id='word_1_578' title='bbox 579 2868 693 2906; x_wconf 81' lang='lat' dir='ltr'>(etiam</span> <span class='ocrx_word' id='word_1_579' title='bbox 712 2877 779 2907; x_wconf 77' lang='lat' dir='ltr'>ing.</span> <span class='ocrx_word' id='word_1_580' title='bbox 796 2870 818 2908; x_wconf 74' lang='lat' dir='ltr'>t)</span> <span class='ocrx_word' id='word_1_581' title='bbox 836 2870 967 2901; x_wconf 54' lang='lat' dir='ltr'>ALQO.</span> <span class='ocrx_word' id='word_1_582' title='bbox 994 2871 1061 2902; x_wconf 82' lang='lat' dir='ltr'>Sed</span> <span class='ocrx_word' id='word_1_583' title='bbox 1078 2871 1233 2911; x_wconf 74' lang='lat' dir='ltr'>proxima</span> <span class='ocrx_word' id='word_1_584' title='bbox 1252 2870 1358 2902; x_wconf 76' lang='lat' dir='ltr'>verba</span> <span class='ocrx_word' id='word_1_585' title='bbox 1381 2871 1634 2910; x_wconf 65' lang='lat' dir='ltr'>quaestionem,</span> <span class='ocrx_word' id='word_1_586' title='bbox 1656 2879 1723 2902; x_wconf 86' lang='lat' dir='ltr'>non</span> <span class='ocrx_word' id='word_1_587' title='bbox 1741 2868 1900 2910; x_wconf 80' lang='lat' dir='ltr'>querelas</span> <span class='ocrx_word' id='word_1_588' title='bbox 1919 2878 2004 2901; x_wconf 82' lang='lat' dir='ltr'>con—</span> 
     </span>
     <span class='ocr_line' id='line_1_45' title="bbox 257 2916 2000 2960; baseline 0.002 -13"><span class='ocrx_word' id='word_1_589' title='bbox 257 2918 382 2954; x_wconf 73' lang='lat' dir='ltr'>tinent;</span> <span class='ocrx_word' id='word_1_590' title='bbox 409 2916 515 2948; x_wconf 68' lang='lat' dir='ltr'>verba</span> <span class='ocrx_word' id='word_1_591' title='bbox 533 2918 649 2948; x_wconf 74' lang='lat' dir='ltr'>autem</span> <span class='ocrx_word' id='word_1_592' title='bbox 668 2918 698 2957; x_wconf 89' lang='lat'>5.</span> <span class='ocrx_word' id='word_1_593' title='bbox 718 2917 770 2949; x_wconf 65' lang='lat' dir='ltr'>tt.</span> <span class='ocrx_word' id='word_1_594' title='bbox 797 2928 987 2957; x_wconf 76' lang='lat' dir='ltr'>queramur,</span> <span class='ocrx_word' id='word_1_595' title='bbox 1014 2921 1129 2959; x_wconf 76' lang='lat' dir='ltr'>inquit,</span> <span class='ocrx_word' id='word_1_596' title='bbox 1155 2921 1224 2951; x_wconf 78' lang='lat' dir='ltr'>licet</span> <span class='ocrx_word' id='word_1_597' title='bbox 1243 2921 1307 2951; x_wconf 80' lang='lat' dir='ltr'>eet.</span> <span class='ocrx_word' id='word_1_598' title='bbox 1327 2928 1394 2950; x_wconf 89' lang='lat' dir='ltr'>non</span> <span class='ocrx_word' id='word_1_599' title='bbox 1413 2920 1479 2950; x_wconf 77' lang='lat' dir='ltr'>liue</span> <span class='ocrx_word' id='word_1_600' title='bbox 1497 2920 1681 2960; x_wconf 81' lang='lat' dir='ltr'>pertinent,</span> <span class='ocrx_word' id='word_1_601' title='bbox 1709 2919 1771 2950; x_wconf 79' lang='lat' dir='ltr'>sed</span> <span class='ocrx_word' id='word_1_602' title='bbox 1789 2919 1831 2949; x_wconf 84' lang='lat' dir='ltr'>ad</span> <span class='ocrx_word' id='word_1_603' title='bbox 1849 2919 1878 2957; x_wconf 79' lang='lat'>5&#39;.</span> <span class='ocrx_word' id='word_1_604' title='bbox 1898 2918 1948 2950; x_wconf 69' lang='lat' dir='ltr'>tt).</span> <span class='ocrx_word' id='word_1_605' title='bbox 1967 2938 2000 2941; x_wconf 85' lang='lat'><strong>—</strong></span> 
     </span>
     <span class='ocr_line' id='line_1_46' title="bbox 258 2966 2005 3010; baseline 0.001 -13"><span class='ocrx_word' id='word_1_606' title='bbox 258 2966 430 3007; x_wconf 78' lang='lat' dir='ltr'>Quoniam]</span> <span class='ocrx_word' id='word_1_607' title='bbox 456 2966 523 3006; x_wconf 65' lang='lat' dir='ltr'>quo</span> <span class='ocrx_word' id='word_1_608' title='bbox 539 2968 580 3004; x_wconf 76' lang='lat' dir='ltr'>l‹.‘;</span> <span class='ocrx_word' id='word_1_609' title='bbox 608 2976 704 3006; x_wconf 77' lang='lat' dir='ltr'>quom</span> <span class='ocrx_word' id='word_1_610' title='bbox 728 2977 745 2999; x_wconf 90' lang='lat' dir='ltr'>a</span> <span class='ocrx_word' id='word_1_611' title='bbox 764 2978 781 2999; x_wconf 91' lang='lat' dir='ltr'>e</span> <span class='ocrx_word' id='word_1_612' title='bbox 807 2972 888 3007; x_wconf 72' lang='lat' dir='ltr'>(seo.</span> <span class='ocrx_word' id='word_1_613' title='bbox 915 2969 975 3008; x_wconf 88' lang='lat' dir='ltr'>m.)</span> <span class='ocrx_word' id='word_1_614' title='bbox 1000 2978 1022 3010; x_wconf 90' lang='lat' dir='ltr'>p</span> <span class='ocrx_word' id='word_1_615' title='bbox 1040 2979 1080 3009; x_wconf 78' lang='lat' dir='ltr'>q:</span> <span class='ocrx_word' id='word_1_616' title='bbox 1108 2980 1208 3009; x_wconf 73' lang='lat' dir='ltr'>qutun</span> <span class='ocrx_word' id='word_1_617' title='bbox 1230 2971 1271 3007; x_wconf 87' lang='lat' dir='ltr'>T;</span> <span class='ocrx_word' id='word_1_618' title='bbox 1298 2978 1371 3000; x_wconf 80' lang='lat' dir='ltr'>cum</span> <span class='ocrx_word' id='word_1_619' title='bbox 1394 2969 1416 3000; x_wconf 92' lang='lat' dir='ltr'>b</span> <span class='ocrx_word' id='word_1_620' title='bbox 1435 2978 1487 3004; x_wconf 81' lang='lat' dir='ltr'>ni;</span> <span class='ocrx_word' id='word_1_621' title='bbox 1514 2971 1671 3008; x_wconf 79' lang='lat' dir='ltr'>quomodo</span> <span class='ocrx_word' id='word_1_622' title='bbox 1696 2971 1718 3000; x_wconf 88' lang='lat' dir='ltr'><strong>G</strong></span> <span class='ocrx_word' id='word_1_623' title='bbox 1738 2979 1755 3000; x_wconf 86' lang='lat' dir='ltr'>e</span> <span class='ocrx_word' id='word_1_624' title='bbox 1782 2969 1844 3009; x_wconf 82' lang='lat' dir='ltr'>(pr.</span> <span class='ocrx_word' id='word_1_625' title='bbox 1871 2969 1929 3007; x_wconf 84' lang='lat' dir='ltr'>m.)</span> <span class='ocrx_word' id='word_1_626' title='bbox 1956 2968 2005 3007; x_wconf 64' lang='grc' dir='ltr'>ιβ</span> 
     </span>
     <span class='ocr_line' id='line_1_47' title="bbox 258 3016 2005 3059; baseline 0.002 -14"><span class='ocrx_word' id='word_1_627' title='bbox 258 3018 292 3046; x_wconf 73' lang='lat' dir='ltr'>et</span> <span class='ocrx_word' id='word_1_628' title='bbox 313 3017 358 3053; x_wconf 75' lang='lat' dir='ltr'>A;</span> <span class='ocrx_word' id='word_1_629' title='bbox 385 3016 515 3054; x_wconf 77' lang='lat' dir='ltr'>quando</span> <span class='ocrx_word' id='word_1_630' title='bbox 540 3017 559 3047; x_wconf 83' lang='lat' dir='ltr'>k</span> <span class='ocrx_word' id='word_1_631' title='bbox 576 3026 600 3046; x_wconf 78' lang='grc' dir='ltr'>α</span> <span class='ocrx_word' id='word_1_632' title='bbox 617 3018 650 3047; x_wconf 74' lang='lat' dir='ltr'>ct</span> <span class='ocrx_word' id='word_1_633' title='bbox 668 3018 689 3047; x_wconf 94' lang='lat' dir='ltr'>L</span> <span class='ocrx_word' id='word_1_634' title='bbox 708 3016 727 3048; x_wconf 58' lang='grc' dir='ltr'>ΣΙ</span> <span class='ocrx_word' id='word_1_635' title='bbox 745 3019 781 3048; x_wconf 85' lang='grc' dir='ltr'>Ο.</span> <span class='ocrx_word' id='word_1_636' title='bbox 809 3018 857 3048; x_wconf 80' lang='lat' dir='ltr'>Ci&#39;.</span> <span class='ocrx_word' id='word_1_637' title='bbox 877 3018 907 3057; x_wconf 82' lang='lat'>5.</span> <span class='ocrx_word' id='word_1_638' title='bbox 925 3018 953 3049; x_wconf 78' lang='lat'>2.</span> <span class='ocrx_word' id='word_1_639' title='bbox 974 3036 1004 3039; x_wconf 61' lang='grc'>»-</span> <span class='ocrx_word' id='word_1_640' title='bbox 1028 3021 1080 3051; x_wconf 68' lang='grc' dir='ltr'>ΕΞΞ.</span> <span class='ocrx_word' id='word_1_641' title='bbox 1106 3021 1261 3052; x_wconf 76' lang='lat' dir='ltr'>deiectum</span> <span class='ocrx_word' id='word_1_642' title='bbox 1283 3018 1382 3059; x_wconf 77' lang='lat' dir='ltr'>¹nullo]</span> <span class='ocrx_word' id='word_1_643' title='bbox 1408 3019 1531 3050; x_wconf 77' lang='lat' dir='ltr'>nullmn</span> <span class='ocrx_word' id='word_1_644' title='bbox 1555 3020 1709 3051; x_wconf 73' lang='lat' dir='ltr'>deiectum</span> <span class='ocrx_word' id='word_1_645' title='bbox 1732 3019 1767 3049; x_wconf 88' lang='lat' dir='ltr'>T.</span> <span class='ocrx_word' id='word_1_646' title='bbox 1784 3035 1816 3039; x_wconf 60' lang='grc'>»-</span> <span class='ocrx_word' id='word_1_647' title='bbox 1835 3018 1887 3049; x_wconf 61' lang='lat'>24.</span> <span class='ocrx_word' id='word_1_648' title='bbox 1905 3022 2005 3050; x_wconf 72' lang='lat' dir='ltr'>lecto-</span> 
     </span>
    </p>
   </div>
   <div class='ocr_carea' id='block_1_5' title="bbox 254 3065 2005 3159">
    <p class='ocr_par' dir='ltr' id='par_1_5' title="bbox 254 3065 2005 3159">
     <span class='ocr_line' id='line_1_48' title="bbox 258 3065 2005 3110; baseline 0.002 -15"><span class='ocrx_word' id='word_1_649' title='bbox 258 3065 327 3105; x_wconf 80' lang='lat' dir='ltr'>que]</span> <span class='ocrx_word' id='word_1_650' title='bbox 353 3068 481 3104; x_wconf 79' lang='lat' dir='ltr'>totoque</span> <span class='ocrx_word' id='word_1_651' title='bbox 495 3066 530 3096; x_wconf 87' lang='lat' dir='ltr'>T.</span> <span class='ocrx_word' id='word_1_652' title='bbox 553 3084 586 3087; x_wconf 97' lang='lat'><strong>—</strong></span> <span class='ocrx_word' id='word_1_653' title='bbox 614 3066 664 3096; x_wconf 73' lang='lat'>‘25</span> <span class='ocrx_word' id='word_1_654' title='bbox 689 3066 924 3105; x_wconf 75' lang='lat' dir='ltr'>prohibuerunt</span> <span class='ocrx_word' id='word_1_655' title='bbox 948 3068 970 3098; x_wconf 78' lang='grc' dir='ltr'><strong>Τ</strong></span> <span class='ocrx_word' id='word_1_656' title='bbox 988 3077 1005 3098; x_wconf 86' lang='lat' dir='ltr'>a</span> <span class='ocrx_word' id='word_1_657' title='bbox 1025 3079 1042 3099; x_wconf 78' lang='lat' dir='ltr'>e</span> <span class='ocrx_word' id='word_1_658' title='bbox 1061 3079 1082 3109; x_wconf 87' lang='lat' dir='ltr'>q</span> <span class='ocrx_word' id='word_1_659' title='bbox 1109 3070 1170 3110; x_wconf 81' lang='lat' dir='ltr'>(pr.</span> <span class='ocrx_word' id='word_1_660' title='bbox 1191 3068 1249 3107; x_wconf 79' lang='lat' dir='ltr'>m.)</span> <span class='ocrx_word' id='word_1_661' title='bbox 1274 3069 1304 3105; x_wconf 80' lang='lat' dir='ltr'>t;</span> <span class='ocrx_word' id='word_1_662' title='bbox 1327 3068 1531 3106; x_wconf 76' lang='lat' dir='ltr'>prohiberent</span> <span class='ocrx_word' id='word_1_663' title='bbox 1555 3067 1767 3108; x_wconf 85' lang='lat' dir='ltr'>q(see.1n.).</span> <span class='ocrx_word' id='word_1_664' title='bbox 1788 3085 1822 3089; x_wconf 92' lang='lat'>—-</span> <span class='ocrx_word' id='word_1_665' title='bbox 1849 3068 1900 3098; x_wconf 62' lang='lat'>26.</span> <span class='ocrx_word' id='word_1_666' title='bbox 1929 3069 2005 3100; x_wconf 79' lang='lat' dir='ltr'>Cal-</span> 
     </span>
     <span class='ocr_line' id='line_1_49' title="bbox 254 3113 2002 3159; baseline 0.002 -15"><span class='ocrx_word' id='word_1_667' title='bbox 254 3115 415 3153; x_wconf 70' lang='lat' dir='ltr'>phurnius</span> <span class='ocrx_word' id='word_1_668' title='bbox 438 3123 456 3146; x_wconf 87' lang='lat' dir='ltr'>e</span> <span class='ocrx_word' id='word_1_669' title='bbox 473 3113 499 3152; x_wconf 76' lang='grc' dir='ltr'>β</span> <span class='ocrx_word' id='word_1_670' title='bbox 516 3116 549 3146; x_wconf 83' lang='lat' dir='ltr'>et</span> <span class='ocrx_word' id='word_1_671' title='bbox 565 3116 603 3153; x_wconf 82' lang='grc' dir='ltr'>Α,</span> <span class='ocrx_word' id='word_1_672' title='bbox 629 3116 810 3155; x_wconf 75' lang='lat' dir='ltr'>calfurnius</span> <span class='ocrx_word' id='word_1_673' title='bbox 834 3126 864 3147; x_wconf 81' lang='lat' dir='ltr'>a.</span> <span class='ocrx_word' id='word_1_674' title='bbox 894 3135 928 3139; x_wconf 96' lang='lat'><strong>—</strong></span> <span class='ocrx_word' id='word_1_675' title='bbox 955 3117 1007 3148; x_wconf 72' lang='lat'>⁶27.</span> <span class='ocrx_word' id='word_1_676' title='bbox 1036 3118 1119 3156; x_wconf 73' lang='lat' dir='ltr'>Quid</span> <span class='ocrx_word' id='word_1_677' title='bbox 1143 3118 1175 3148; x_wconf 79' lang='lat' dir='ltr'>id</span> <span class='ocrx_word' id='word_1_678' title='bbox 1198 3118 1241 3147; x_wconf 82' lang='lat' dir='ltr'>ad</span> <span class='ocrx_word' id='word_1_679' title='bbox 1264 3118 1460 3148; x_wconf 73' lang='lat' dir='ltr'>Ernestius:</span> <span class='ocrx_word' id='word_1_680' title='bbox 1488 3119 1564 3157; x_wconf 78' lang='lat' dir='ltr'>quid</span> <span class='ocrx_word' id='word_1_681' title='bbox 1588 3119 1631 3149; x_wconf 83' lang='lat' dir='ltr'>ad</span> <span class='ocrx_word' id='word_1_682' title='bbox 1655 3117 1682 3149; x_wconf 65' lang='lat'>⁸21</span> <span class='ocrx_word' id='word_1_683' title='bbox 1699 3119 1722 3148; x_wconf 84' lang='grc' dir='ltr'>Α</span> <span class='ocrx_word' id='word_1_684' title='bbox 1743 3118 1766 3148; x_wconf 92' lang='lat' dir='ltr'>L</span> <span class='ocrx_word' id='word_1_685' title='bbox 1783 3115 1820 3153; x_wconf 55' lang='grc' dir='ltr'>’ἒς</span> <span class='ocrx_word' id='word_1_686' title='bbox 1848 3118 1924 3156; x_wconf 79' lang='lat' dir='ltr'>quid</span> <span class='ocrx_word' id='word_1_687' title='bbox 1948 3118 2002 3159; x_wconf 78' lang='lat' dir='ltr'>[id]</span> 
     </span>
    </p>
   </div>
   <div class='ocr_carea' id='block_1_6' title="bbox 258 3164 2004 3357">
    <p class='ocr_par' dir='ltr' id='par_1_6' title="bbox 258 3164 2004 3357">
     <span class='ocr_line' id='line_1_50' title="bbox 258 3164 2004 3207; baseline 0.002 -13"><span class='ocrx_word' id='word_1_688' title='bbox 258 3165 354 3195; x_wconf 74' lang='lat' dir='ltr'>ado.</span> <span class='ocrx_word' id='word_1_689' title='bbox 382 3164 430 3196; x_wconf 82' lang='lat' dir='ltr'>Cf.</span> <span class='ocrx_word' id='word_1_690' title='bbox 456 3172 519 3204; x_wconf 89' lang='lat' dir='ltr'>pro</span> <span class='ocrx_word' id='word_1_691' title='bbox 545 3164 700 3201; x_wconf 83' lang='lat' dir='ltr'>Quinctio</span> <span class='ocrx_word' id='word_1_692' title='bbox 724 3167 754 3204; x_wconf 91' lang='lat'>5.</span> <span class='ocrx_word' id='word_1_693' title='bbox 775 3166 825 3196; x_wconf 76' lang='lat'>79.</span> <span class='ocrx_word' id='word_1_694' title='bbox 852 3174 885 3205; x_wconf 91' lang='lat' dir='ltr'>p.</span> <span class='ocrx_word' id='word_1_695' title='bbox 912 3165 1017 3197; x_wconf 80' lang='lat' dir='ltr'>Balbo</span> <span class='ocrx_word' id='word_1_696' title='bbox 1042 3167 1072 3207; x_wconf 75' lang='lat'>5¹.</span> <span class='ocrx_word' id='word_1_697' title='bbox 1099 3167 1150 3198; x_wconf 83' lang='lat'>35.</span> <span class='ocrx_word' id='word_1_698' title='bbox 1176 3167 1273 3197; x_wconf 59' lang='lat' dir='ltr'>verr.</span> <span class='ocrx_word' id='word_1_699' title='bbox 1298 3168 1422 3197; x_wconf 68' lang='lat' dir='ltr'>Arcus.</span> <span class='ocrx_word' id='word_1_700' title='bbox 1449 3168 1473 3198; x_wconf 91' lang='lat'>1.</span> <span class='ocrx_word' id='word_1_701' title='bbox 1499 3167 1551 3205; x_wconf 66' lang='lat'>45,</span> <span class='ocrx_word' id='word_1_702' title='bbox 1578 3168 1650 3199; x_wconf 57' lang='lat'>4216.</span> <span class='ocrx_word' id='word_1_703' title='bbox 1678 3166 1774 3207; x_wconf 56' lang='lat' dir='ltr'>(tet.)</span> <span class='ocrx_word' id='word_1_704' title='bbox 1794 3184 1828 3188; x_wconf 86' lang='lat'>—</span> <span class='ocrx_word' id='word_1_705' title='bbox 1848 3167 1900 3198; x_wconf 71' lang='lat'>⁶28.</span> <span class='ocrx_word' id='word_1_706' title='bbox 1926 3167 2004 3205; x_wconf 78' lang='lat' dir='ltr'>quid</span> 
     </span>
     <span class='ocr_line' id='line_1_51' title="bbox 259 3214 2004 3255; baseline 0.002 -12"><span class='ocrx_word' id='word_1_707' title='bbox 259 3214 393 3252; x_wconf 74' lang='lat' dir='ltr'>(lenique</span> <span class='ocrx_word' id='word_1_708' title='bbox 408 3231 424 3236; x_wconf 91' lang='lat'><em>-</em></span> <span class='ocrx_word' id='word_1_709' title='bbox 438 3231 455 3236; x_wconf 95' lang='lat'><em>-</em></span> <span class='ocrx_word' id='word_1_710' title='bbox 471 3214 695 3245; x_wconf 76' lang='lat' dir='ltr'>iniuriarum?</span> <span class='ocrx_word' id='word_1_711' title='bbox 717 3214 801 3255; x_wconf 80' lang='lat' dir='ltr'>Plus]</span> <span class='ocrx_word' id='word_1_712' title='bbox 826 3216 903 3254; x_wconf 77' lang='lat' dir='ltr'>quid</span> <span class='ocrx_word' id='word_1_713' title='bbox 926 3216 1062 3254; x_wconf 76' lang='lat' dir='ltr'>denique</span> <span class='ocrx_word' id='word_1_714' title='bbox 1084 3217 1127 3247; x_wconf 84' lang='lat' dir='ltr'>ad</span> <span class='ocrx_word' id='word_1_715' title='bbox 1149 3217 1199 3246; x_wconf 84' lang='lat' dir='ltr'>ius</span> <span class='ocrx_word' id='word_1_716' title='bbox 1220 3216 1312 3247; x_wconf 66' lang='lat' dir='ltr'>civile</span> <span class='ocrx_word' id='word_1_717' title='bbox 1336 3219 1393 3247; x_wconf 80' lang='lat' dir='ltr'>aut</span> <span class='ocrx_word' id='word_1_718' title='bbox 1416 3217 1459 3247; x_wconf 76' lang='lat' dir='ltr'>ad</span> <span class='ocrx_word' id='word_1_719' title='bbox 1482 3218 1603 3248; x_wconf 77' lang='lat' dir='ltr'>actoris</span> <span class='ocrx_word' id='word_1_720' title='bbox 1623 3217 1784 3247; x_wconf 74' lang='lat' dir='ltr'>notionem</span> <span class='ocrx_word' id='word_1_721' title='bbox 1807 3216 1913 3255; x_wconf 78' lang='lat' dir='ltr'>adque</span> <span class='ocrx_word' id='word_1_722' title='bbox 1927 3216 2004 3246; x_wconf 74' lang='lat' dir='ltr'>ani-</span> 
     </span>
     <span class='ocr_line' id='line_1_52' title="bbox 258 3264 2003 3305; baseline 0.002 -12"><span class='ocrx_word' id='word_1_723' title='bbox 258 3264 514 3295; x_wconf 64' lang='lat' dir='ltr'>madum-sionem</span> <span class='ocrx_word' id='word_1_724' title='bbox 537 3265 603 3295; x_wconf 79' lang='lat' dir='ltr'>aies</span> <span class='ocrx_word' id='word_1_725' title='bbox 626 3265 826 3296; x_wconf 78' lang='lat' dir='ltr'>iniuriarum</span> <span class='ocrx_word' id='word_1_726' title='bbox 845 3265 920 3305; x_wconf 81' lang='lat' dir='ltr'>plus</span> <span class='ocrx_word' id='word_1_727' title='bbox 944 3266 985 3303; x_wconf 86' lang='lat' dir='ltr'>E;</span> <span class='ocrx_word' id='word_1_728' title='bbox 1013 3265 1091 3304; x_wconf 82' lang='lat' dir='ltr'>quid</span> <span class='ocrx_word' id='word_1_729' title='bbox 1113 3266 1248 3304; x_wconf 78' lang='lat' dir='ltr'>(lenique</span> <span class='ocrx_word' id='word_1_730' title='bbox 1271 3266 1315 3296; x_wconf 78' lang='lat' dir='ltr'>ad</span> <span class='ocrx_word' id='word_1_731' title='bbox 1337 3266 1387 3296; x_wconf 83' lang='lat' dir='ltr'>ius</span> <span class='ocrx_word' id='word_1_732' title='bbox 1409 3266 1499 3297; x_wconf 79' lang='lat' dir='ltr'>civile</span> <span class='ocrx_word' id='word_1_733' title='bbox 1523 3269 1580 3297; x_wconf 78' lang='lat' dir='ltr'>aut</span> <span class='ocrx_word' id='word_1_734' title='bbox 1596 3266 1716 3297; x_wconf 78' lang='lat' dir='ltr'>actoris</span> <span class='ocrx_word' id='word_1_735' title='bbox 1729 3266 1891 3297; x_wconf 72' lang='lat' dir='ltr'>notionem</span> <span class='ocrx_word' id='word_1_736' title='bbox 1906 3269 2003 3304; x_wconf 77' lang='lat' dir='ltr'>acque</span> 
     </span>
     <span class='ocr_line' id='line_1_53' title="bbox 260 3313 2000 3357; baseline 0.001 -13"><span class='ocrx_word' id='word_1_737' title='bbox 260 3313 573 3346; x_wconf 75' lang='lat' dir='ltr'>animadversionem</span> <span class='ocrx_word' id='word_1_738' title='bbox 595 3323 672 3357; x_wconf 56' lang='lat' dir='ltr'>ages</span> <span class='ocrx_word' id='word_1_739' title='bbox 693 3315 894 3347; x_wconf 77' lang='lat' dir='ltr'>iniuriarwn</span> <span class='ocrx_word' id='word_1_740' title='bbox 910 3315 987 3355; x_wconf 74' lang='lat' dir='ltr'>plus</span> <span class='ocrx_word' id='word_1_741' title='bbox 1009 3316 1052 3353; x_wconf 78' lang='lat' dir='ltr'>T3</span> <span class='ocrx_word' id='word_1_742' title='bbox 1078 3315 1156 3354; x_wconf 77' lang='lat' dir='ltr'>quid</span> <span class='ocrx_word' id='word_1_743' title='bbox 1178 3315 1313 3353; x_wconf 76' lang='lat' dir='ltr'>denique</span> <span class='ocrx_word' id='word_1_744' title='bbox 1335 3316 1378 3345; x_wconf 85' lang='lat' dir='ltr'>ad</span> <span class='ocrx_word' id='word_1_745' title='bbox 1399 3315 1450 3346; x_wconf 81' lang='lat' dir='ltr'>ius</span> <span class='ocrx_word' id='word_1_746' title='bbox 1465 3315 1559 3347; x_wconf 74' lang='lat' dir='ltr'>ciuile</span> <span class='ocrx_word' id='word_1_747' title='bbox 1573 3318 1631 3346; x_wconf 73' lang='lat' dir='ltr'>aut</span> <span class='ocrx_word' id='word_1_748' title='bbox 1646 3315 1690 3346; x_wconf 84' lang='lat' dir='ltr'>ad</span> <span class='ocrx_word' id='word_1_749' title='bbox 1705 3315 1825 3347; x_wconf 75' lang='lat' dir='ltr'>actoris</span> <span class='ocrx_word' id='word_1_750' title='bbox 1839 3316 2000 3348; x_wconf 76' lang='lat' dir='ltr'>notionem</span> 
     </span>
    </p>
   </div>
  </div>
 </body>
</html>
