2127 3708
595 186 690 227 ομ».
720 184 906 226 xvn—
921 183 1069 225 xvm.
1107 181 1181 236 §§·
1212 181 1265 224 53
1281 182 1416 224 -57.
1826 181 1879 224 45

135 303 304 357 quicum
344 300 444 341 mihi
483 297 747 339 necessitudo
789 302 930 345 vetus,
975 296 1262 336 controversia
1305 296 1355 336 de
1387 309 1431 335 re
1462 297 1705 349 pecuniaria
1734 310 1879 336 recens

135 364 369 405 intercedit.
427 360 651 402 Postulone
691 373 714 399 a
750 363 962 412 praetore,
1004 365 1049 400 ut
1088 360 1176 399 eius
1215 360 1327 399 bona
1358 358 1458 397 mihi
1489 360 1703 412 possidere
1733 359 1879 406 liceat,

136 441 211 475 an,
251 440 343 466 cum
372 426 525 465 Romae
557 422 703 462 domus
737 422 844 469 eius,
882 436 1009 470 uxor,
1050 423 1169 461 liberi
1202 423 1302 469 sint,
1345 422 1514 461 domum
1546 422 1685 474 potius
1722 422 1881 461 denun-

138 491 262 530 tiem?
307 488 416 536 Quid
447 491 527 533 est,
560 485 673 538 quod
703 485 780 525 hac
811 485 977 524 tandem
1009 485 1059 524 de
1090 498 1133 524 re
1164 485 1282 524 vobis
1314 484 1447 537 possit
1477 484 1638 523 videri?
1678 484 1880 531 Profecto,

137 553 169 591 si
203 556 311 591 recte
342 554 518 590 vestram
548 547 778 586 bonitatem
809 552 933 599 atque
963 547 1228 599 prudentiam
1259 546 1465 599 cognovi,
1496 560 1580 586 non
1612 547 1784 586 multum
1816 561 1881 587 me
1913 562 1931 590 5

136 614 260 660 fallit,
291 612 325 652 si
347 609 643 655 consulamini,
666 609 766 662 quid
789 609 879 647 sitis
901 610 1167 661 responsuri:
1200 609 1401 662 primum,
1423 613 1685 662 exspectare3
1718 610 1881 658 deinde,

137 676 169 715 si
209 675 368 714 latitare
408 686 453 712 ac
494 671 651 711 diutius
690 668 903 710 ludificare
934 672 1145 719 videatur,
1183 673 1339 712 amicos
1377 672 1619 719 convenire3
1660 686 1881 726 quaerere,

137 737 229 790 quis
259 740 504 789 procurator
535 736 609 781 sit;
650 734 820 773 domum
851 734 1111 774 denuntiare.
1170 734 1260 774 Dici
1292 735 1364 773 vix
1393 739 1556 787 potest,
1598 749 1724 788 quam
1754 736 1883 776 multa

137 800 237 848 sint,
268 812 374 852 quae
404 797 691 850 respondeatis
722 802 817 836 ante
855 794 945 836 fieri
976 802 1169 849 oportere
1202 810 1327 850 quam
1358 797 1409 836 ad
1439 797 1546 837 hanc
1577 797 1781 837 rationem
1813 812 1884 838 ex-

136 866 308 902 tremam
338 860 616 902 necessariam
647 860 856 901 devenire.
916 858 981 898 55.
1023 860 1136 908 Quid
1166 860 1217 899 ad
1248 860 1350 899 haec
1381 860 1593 900 Naevius?
1652 860 1776 899 Ridet
1805 860 1933 903 sci-10

136 924 232 964 licet
260 930 443 965 nostram
474 923 720 970 amentiam,
753 923 825 976 qui
855 922 899 961 in
929 922 1013 962 vita
1043 935 1118 962 sua
1148 923 1353 962 rationem
1385 923 1534 962 summi
1568 921 1693 962 officii
1721 922 1885 962 deside-

134 1000 271 1027 remus
291 992 332 1027 et
351 987 542 1027 instituta
574 986 760 1026 virorum
789 985 997 1025 bonorum
1018 985 1298 1038 requiramus.
1349 985 1460 1033 Quid
1482 985 1597 1033 mihi,
1619 986 1768 1039 inquit,
1791 999 1884 1025 cum

136 1049 217 1090 ista
247 1049 521 1090 sanctimonia
551 1062 598 1089 ac
630 1048 879 1100 diligentia?
938 1047 1150 1094 Viderint,
1192 1047 1348 1100 inquit,
1379 1047 1458 1087 ista
1488 1046 1626 1088 officia
1654 1047 1731 1088 viri
1761 1048 1884 1096 boni3

135 1113 184 1152 de
215 1125 279 1152 me
310 1116 446 1152 autem
478 1112 535 1151 ita
566 1111 855 1158 considerent,
887 1124 993 1157 non,
1027 1110 1128 1163 quid
1158 1109 1356 1158 habeam,
1388 1111 1460 1150 sed
1486 1111 1637 1164 quibus
1667 1112 1792 1152 rebus
1823 1111 1885 1151 in-

134 1174 341 1221 venerim;
374 1179 577 1227 quaerant
607 1179 647 1213 et
677 1173 1029 1227 quemadmodum
1059 1178 1182 1213 natus
1214 1178 1254 1213 et
1284 1187 1367 1227 quo
1408 1179 1529 1226 pacto
1562 1175 1761 1215 educatus
1793 1175 1935 1216 simus,

134 1236 326 1285 Memini3
356 1241 474 1276 vetus
506 1241 586 1284 est,
616 1236 660 1275 de
688 1248 832 1275 scurra
861 1236 983 1275 multo
1008 1236 1172 1287 facilius
1200 1236 1358 1276 divitem
1387 1249 1505 1288 quam
1528 1242 1685 1289 patrem
1706 1238 1886 1290 familias

131 1300 220 1351 fieri
241 1312 368 1351 posse.
427 1297 493 1338 56.
530 1299 642 1339 Haec
674 1298 768 1346 ille,
807 1298 841 1338 si
870 1298 1008 1338 verbis
1040 1311 1126 1337 non
1156 1299 1305 1345 audet,
1346 1312 1390 1338 re
1422 1299 1592 1352 quidem
1621 1313 1720 1340 vera
1748 1301 1886 1354 palam

134 1361 332 1415 loquitur.
381 1362 545 1402 Etenim
575 1362 608 1401 si
639 1361 729 1401 vult
748 1361 934 1401 virorum
964 1361 1172 1400 bonorum
1202 1361 1393 1401 instituto
1414 1362 1578 1409 vivere,
1609 1363 1741 1402 multa
1762 1377 1886 1417 opor-

135 1429 194 1464 tet
237 1425 368 1465 discat
413 1429 538 1478 atque
583 1424 791 1464 dediscat:
838 1437 1017 1477 quorum
1056 1423 1119 1463 illi
1159 1424 1283 1464 aetati
1326 1429 1551 1479 utrumque
1599 1423 1767 1466 difficile
1811 1431 1885 1466 est.

133 1487 282 1527 XVIII.
320 1488 412 1528 Non
443 1487 653 1535 dubitavi,
698 1487 861 1541 inquit,
905 1500 999 1526 cum
1038 1487 1327 1527 vadimonium
1358 1488 1567 1528 desertum
1599 1494 1731 1538 esset,
1777 1490 1937 1531 bona20

134 1549 407 1604 proscribere.
428 1573 481 1580 —
510 1550 725 1603 Improbe;
757 1562 925 1597 verum,
958 1550 1157 1603 quoniam
1188 1554 1233 1590 tu
1262 1551 1305 1590 id
1334 1551 1410 1590 tibi
1440 1565 1611 1605 arrogas
1643 1557 1684 1592 et
1713 1553 1885 1593 concedi

134 1612 343 1665 postulas,
384 1613 674 1653 concedamus.
707 1612 850 1660 Quid?
881 1612 915 1652 si
945 1625 1174 1666 numquam
1196 1613 1394 1662 deseruit,
1426 1614 1461 1654 si
1491 1614 1571 1655 ista
1601 1628 1725 1655 causa
1753 1615 1887 1655 abste

136 1680 221 1714 tota
250 1688 323 1728 per
354 1688 555 1716 summam
585 1674 776 1715 fraudem
807 1679 848 1714 et
877 1675 1078 1714 malitiam
1108 1673 1204 1716 ficta
1226 1681 1314 1724 est,
1346 1677 1380 1716 si
1409 1677 1695 1718 vadimonium
1716 1679 1887 1719 omnino

136 1736 209 1776 tibi
239 1750 332 1777 cum
362 1739 404 1778 P.
438 1737 634 1785 Quinctio
665 1737 828 1777 nullum
857 1737 963 1777 fuit:
1003 1752 1087 1791 quo
1118 1744 1158 1778 te
1189 1740 1358 1779 nomine
1389 1740 1679 1793 appellemus?
1728 1742 1890 1795 Impro—

135 1798 260 1838 bum?
303 1800 357 1839 At
386 1800 510 1839 etiam
540 1800 575 1839 si
606 1800 817 1839 desertum
848 1800 1134 1840 vadimonium
1165 1806 1296 1849 esset,
1338 1806 1478 1842 tamen
1518 1803 1562 1842 in
1592 1803 1672 1844 ista
1702 1805 1889 1858 postula-
1903 1812 1939 1843 25

136 1860 249 1899 tione
281 1865 322 1900 et
351 1861 656 1914 proscriptione
685 1862 893 1901 bonorum
923 1862 1257 1914 improbissimus
1280 1865 1560 1917 reperiebare.
1603 1866 1887 1908 Malitiosum‘?

137 1921 230 1961 Non
259 1935 398 1974 negas.
458 1923 812 1963 Fraudulentum‘?
856 1924 941 1963 Iam
972 1924 1013 1963 id
1046 1924 1216 1978 quidem
1248 1938 1417 1978 arrogas
1449 1927 1526 1967 tibi
1557 1933 1599 1968 et
1626 1930 1889 1981 praeclarum

138 1988 272 2036 putas.
331 1984 566 2025 Audacem?
606 1986 832 2039 cupidum?
876 1984 1178 2039 perfidiosum?
1232 1988 1432 2041 Vulgaria
1472 1994 1514 2030 et
1551 1991 1739 2031 obsoleta
1769 1996 1889 2040 sunt3

138 2058 204 2085 res
235 2052 373 2087 autem
401 2061 511 2088 nova
540 2053 667 2102 atque
698 2048 898 2087 inaudita.
943 2046 1011 2087 57.
1045 2049 1157 2096 Quid
1188 2062 1286 2102 ergo
1318 2053 1412 2090 est?
1456 2052 1616 2092 Vereor
1636 2053 1889 2102 mehercule,

138 2121 189 2148 ne
219 2114 291 2149 aut
319 2110 580 2162 gravioribus
612 2115 704 2150 utar
733 2110 889 2158 verbis,
922 2124 1048 2164 quam
1078 2117 1226 2151 natura
1252 2112 1354 2161 fert,
1386 2119 1458 2154 aut
1477 2114 1730 2164 levioribus,
1764 2129 1890 2170 quam
1905 2125 1941 2155 30

138 2183 262 2211 causa
296 2172 492 2224 postulat.
551 2172 622 2212 Ais
654 2186 743 2212 esse
774 2173 1060 2212 vadimonium
1091 2174 1314 2214 desertum.
1365 2175 1584 2224 Quaesivit
1613 2192 1637 2218 a
1667 2184 1706 2219 te
1737 2180 1889 2228 statim,

136 2238 183 2273 ut
210 2234 383 2274 Romam
413 2234 558 2282 rediit,
591 2233 833 2282 Quinctius,
865 2248 948 2288 quo
981 2235 1047 2274 die
1077 2236 1366 2277 vadimonium
1396 2238 1504 2278 istuc
1535 2238 1691 2281 factum
1713 2255 1803 2282 esse
1825 2243 1888 2282 di-

137 2309 263 2336 ceres.
321 2296 589 2350 Respondisti
629 2297 786 2346 statim,
825 2297 957 2338 Nonis
996 2297 1247 2339 Februariis.
1306 2300 1536 2342 Discedens
1568 2302 1612 2343 in
1642 2305 1889 2345 memoriam

223 2457 254 2489 4.
285 2466 423 2496 quocum
449 2457 662 2490 Rufinianus.
695 2458 772 2490 Vid.
799 2458 923 2490 Iordan
951 2458 996 2491 ad
1020 2468 1070 2491 or.
1095 2469 1158 2501 pro
1184 2461 1286 2493 Caec.
1311 2470 1346 2503 p.
1374 2462 1447 2495 440.
1477 2481 1513 2486 -
1545 2473 1656 2497 recens
1679 2466 1717 2498 de
1738 2476 1775 2499 re
1793 2476 1892 2508 pecu-

136 2506 250 2539 niaria
270 2507 302 2539 k.
332 2526 366 2530 ——
393 2508 422 2540 3.
449 2508 526 2551 eius]
552 2509 580 2541 ei
604 2517 622 2540 e
648 2510 682 2540 et
704 2510 742 2541 A.
777 2508 825 2541 Cf.
854 2508 884 2549 S.
911 2509 962 2541 86.
991 2527 1027 2531 —
1058 2509 1089 2542 4.
1114 2511 1206 2542 uobis
1233 2512 1295 2543 hac
1328 2513 1460 2545 tandem
1484 2514 1521 2545 de
1543 2524 1581 2547 re
1605 2524 1642 2555 e,
1677 2519 1807 2550 tandem
1829 2519 1892 2551 hac

137 2558 176 2589 de
196 2566 232 2590 re
253 2557 344 2590 uobis
365 2557 387 2590 l.
416 2576 451 2580 —
477 2559 508 2590 5.
534 2558 642 2598 alque]
667 2567 707 2590 ac
730 2560 769 2590 A.
798 2577 833 2580 —
861 2559 891 2590 6.
917 2560 1005 2600 quid]
1032 2561 1117 2600 quod
1138 2561 1171 2592 k.
1200 2579 1236 2583 *
1262 2563 1293 2594 8.
1320 2563 1376 2602 qui
1400 2572 1435 2601 e,
1469 2564 1578 2603 inquis
1599 2567 1642 2604 Β,
1667 2569 1776 2608 ecquis
1798 2570 1892 2602 Ursi-

135 2616 211 2640 nus.
234 2626 269 2630 —
295 2609 423 2641 demum
444 2609 477 2640 k.
499 2626 534 2631 —
563 2609 592 2640 9.
619 2611 803 2640 extremam
826 2618 866 2640 ac
891 2611 1107 2642 necessariam
1123 2611 1159 2648 L,
1185 2615 1368 2644 extremam
1390 2622 1448 2645 nec
1469 2617 1689 2648 necessariam
1713 2618 1797 2650 Cod.
1816 2620 1892 2652 Ian-

137 2658 248 2695 noct„
272 2661 357 2690 extr.
382 2659 663 2699 necessariamque
685 2659 805 2691 Palatt.
831 2661 862 2691 5.
882 2660 927 2700 7.,
953 2664 1039 2692 extr.
1067 2662 1285 2694 necessarium
1307 2663 1347 2694 sit
1369 2662 1536 2697 Halmius.
1560 2683 1595 2688 -—
1621 2666 1673 2698 40.
1701 2668 1785 2707 Quid
1809 2669 1889 2710 cet.]

139 2707 188 2739 Cf.
213 2707 335 2748 Aquila
358 2709 454 2740 Rom.
487 2717 521 2749 p.
548 2709 622 2740 489.
648 2708 709 2740 Iul.
735 2709 846 2741 Rufin.
872 2717 906 2750 p.
933 2710 1006 2741 ⁵226.
1033 2710 1189 2743 Frotsch.
1219 2730 1254 2733 —
1288 2712 1340 2744 44.
1374 2713 1430 2752 qui
1451 2731 1537 2737 ---
1560 2716 1785 2759 desideremus]
1819 2718 1888 2751 «al.

137 2766 211 2788 cum
233 2774 251 2780 —
266 2775 285 2781 -
301 2775 319 2780 -
343 2758 594 2789 desideramus.»
620 2766 688 2798 mg.
708 2757 741 2792 8.
771 2777 805 2780 —
833 2759 884 2790 112.
909 2760 1058 2791 virorum
1081 2760 1239 2792 bonorum
1254 2762 1279 2793 B
1294 2763 1319 2793 G
1332 2761 1354 2793 h
1369 2771 1387 2794 c
1402 2763 1424 2794 d
1439 2772 1458 2795 e
1473 2763 1551 2796 {lm
1565 2774 1587 2797 n
1612 2768 1646 2798 et
1660 2768 1706 2799 A:
1733 2768 1891 2800 bonorum

136 2808 285 2839 virorum
308 2817 388 2840 cum
412 2809 537 2840 ceteris
562 2808 741 2841 codicibus
766 2810 800 2840 et
822 2809 1001 2842 Rufiniano
1024 2810 1134 2844 LssO.
1167 2811 1216 2843 Cs.
1242 2821 1274 2843 v,
1302 2812 1354 2844 43.
1381 2813 1413 2854 S.
1439 2814 1492 2846 5⁴.
1518 2815 1548 2856 S.
1575 2816 1627 2848 56.
1655 2818 1685 2858 g.
1706 2818 1758 2850 66.
1786 2818 1816 2859 S.
1836 2819 1888 2851 67.

141 2858 170 2899 S.
197 2858 249 2890 94.
279 2877 314 2882 —
341 2858 403 2890 «al.
428 2859 659 2898 requirimus.»
686 2867 754 2899 mg.
781 2858 814 2891 8.
845 2876 880 2880 —-
907 2860 957 2891 43.
982 2861 1047 2892 ista
1069 2861 1466 2902 BGabcdfghiln:
1493 2865 1556 2896 ista
1578 2875 1705 2899 summa
1729 2869 1830 2901 ekm
1855 2871 1890 2901 et

138 2909 202 2940 AL
217 2907 288 2942 80.
316 2927 351 2931 —
377 2908 546 2948 diliqentia
568 2917 607 2940 ac
630 2909 847 2940 sanctimonia
871 2917 889 2940 e
915 2910 949 2940 et
970 2910 1015 2948 A,
1040 2912 1258 2943 sanctimonia
1280 2915 1309 2944 et
1332 2913 1501 2953 diliyentia
1516 2915 1548 2947 k.
1570 2935 1605 2940 —
1630 2918 1736 2958 inquit
1758 2927 1827 2951 om.
1850 2921 1887 2953 L.

142 2974 178 2981 —-
203 2957 256 2990 44.
281 2958 400 3000 autem]
431 2961 558 2990 lavatum
581 2959 613 2990 k.
642 2977 678 2981 —
713 2959 772 2998 ita]
808 2960 871 2990 ista
900 2959 954 2999 gk
985 2969 1066 2992 cum
1098 2961 1218 2993 codice
1251 2962 1329 2995 Car.
1355 2963 1530 3004 Stephani.
1559 2983 1594 2988 —
1626 2967 1677 2998 45.
1705 2973 1890 3007 quaerant:

140 3009 408 3046 quemadmodum
432 3009 467 3040 L.
495 3025 530 3030 —
561 3011 590 3040 et
613 3009 687 3048 quo]
718 3018 733 3040 e
757 3018 820 3048 quo
843 3009 875 3040 k.
904 3026 939 3030 —
965 3010 1119 3042 educatus
1140 3020 1218 3050 sim,
1243 3012 1376 3043 memini
1398 3013 1472 3052 La,
1497 3015 1653 3047 educatus
1673 3017 1750 3057 sim,
1774 3021 1892 3052 memi-

138 3057 247 3089 nerint
269 3057 346 3090 cod.
371 3058 492 3091 Ursini.
513 3076 549 3080 —
577 3059 628 3090 46.
653 3062 744 3090 vetus
766 3062 811 3091 est
833 3059 871 3090 cle
889 3067 1027 3091 scurra:
1050 3061 1152 3092 multo
1176 3069 1256 3093 cum
1273 3062 1422 3093 Manutio
1441 3063 1478 3095 O.
1499 3081 1533 3087 —-
1562 3065 1613 3097 48.
1639 3066 1666 3098 εἰ
1687 3068 1768 3110 vult]
1787 3070 1891 3102 simu-

139 3105 185 3137 lat
208 3115 238 3138 e.
260 3125 296 3130 —
321 3107 479 3140 bonorum
500 3109 653 3141 uirorum
675 3108 741 3150 dg.
780 3110 829 3142 Cf.
853 3109 883 3150 g.
902 3109 955 3141 55.
983 3125 1019 3133 —
1053 3111 1106 3142 49.
1132 3110 1241 3152 atque]
1271 3120 1312 3142 ac
1339 3112 1556 3153 Bcdhim‚
1583 3118 1613 3147 et
1634 3116 1666 3148 k.
1695 3135 1731 3141 --
1756 3119 1808 3151 24.
1833 3129 1891 3153 ve-

137 3156 225 3198 rum]
247 3160 360 3189 utrum
382 3157 538 3190 aefhil
562 3161 597 3191 et
610 3162 649 3192 A.
670 3177 707 3183 —
733 3159 790 3191 tibi
813 3163 848 3191 tu
869 3160 903 3191 id
918 3160 950 3191 k.
971 3178 1007 3184 —
1031 3162 1084 3194 23.
1100 3162 1193 3201 facta
1216 3161 1270 3193 ab
1285 3162 1537 3197 ceshilmn.
1558 3183 1593 3187 —
1612 3166 1665 3198 25.
1684 3167 1839 3201 disertum
1854 3170 1888 3203 k.

141 3222 177 3228 —
202 3206 255 3238 26.
280 3207 505 3239 Malitiosam?
526 3209 601 3240 Non
622 3209 733 3250 negas]
757 3210 832 3241 Non
853 3209 1052 3242 malitiosum
1073 3220 1175 3252 ueyas
1196 3212 1221 3243 B
1235 3211 1327 3244 Gab
1344 3221 1362 3244 c
1375 3212 1397 3244 d
1410 3222 1428 3245 e
1443 3213 1613 3255 fghilm
1626 3224 1665 3256 n,
1689 3226 1769 3250 num
1790 3220 1891 3251 mali-

138 3254 278 3287 tiosum?
298 3257 435 3298 neyask
451 3259 486 3290 et
500 3257 572 3292 ΑΒ..
597 3259 805 3291 Emendavit
821 3258 1021 3292 Lambinus.
1042 3279 1077 3284 —
1102 3261 1155 3293 ⁶29.
1182 3262 1291 3303 atque]
1315 3266 1344 3294 ec
1362 3263 1385 3294 k
1406 3264 1440 3295 et
1462 3266 1489 3295 A
1503 3265 1527 3295 L
1541 3263 1574 3297 8.
1596 3282 1631 3286 ——
1657 3265 1709 3298 30.
1735 3271 1795 3300 aut
1817 3277 1887 3302 om.

139 3303 173 3338 k.
192 3323 227 3330 —-
252 3305 306 3339 32.
328 3306 416 3340 istud
437 3307 536 3349 agk.
563 3326 599 3332 —
625 3308 678 3341 33.
702 3308 893 3342 Februariis
916 3310 964 3341 G:
987 3309 1162 3344 Februarii
1182 3311 1215 3344 k.
1250 3312 1366 3346 Ceteri
1388 3313 1637 3356 compendium
1660 3316 1836 3352 exhibent.
