2143 3713
601 195 698 237 ομ».
728 195 1139 236 xxvm-xxlx.
1177 193 1250 249 §§·
1271 193 1466 236 74—80.
1833 190 1906 235 631

162 311 212 350 de
253 309 406 363 oppido
448 308 604 356 dicam,
649 307 683 347 si
723 306 815 359 quis
855 312 918 347 est
956 307 1087 355 forte,
1131 320 1254 361 quem
1286 306 1427 360 Capua
1466 308 1597 360 magis
1628 321 1753 362 quam
1783 309 1913 349 Roma

160 372 351 412 delectet.
403 370 598 423 Quinque
641 367 754 408 milia
785 368 1025 409 colonorum
1059 370 1240 423 Capuam
1271 368 1393 408 scribi
1426 368 1553 409 iubet.
1603 370 1666 410 Ad
1695 370 1807 410 hunc
1835 384 1911 410 nu-

160 447 316 474 merum
348 433 579 486 quingenos
609 430 687 470 sibi
719 429 870 481 singuli
902 436 1079 471 sument.
1138 429 1204 470 77.
1238 430 1427 479 Quaeso,
1459 431 1590 470 nolite
1610 437 1769 471 vosmet
1797 431 1910 484 ipsos

159 494 388 535 consolari:
419 507 513 534 vere
544 496 585 532 et
614 491 837 543 diligenter
867 493 1139 533 considerate.
1180 494 1286 532 Num
1318 491 1436 531 vobis
1468 497 1537 531 aut
1558 493 1684 532 vestri
1707 493 1911 532 similibus

158 557 352 609 integris,
397 554 568 609 quietis,
609 553 753 592 otiosis
784 553 1023 595 hominihus
1054 555 1095 594 in
1125 555 1205 595 hoe
1236 566 1409 593 numero
1440 552 1579 592 locum
1607 553 1696 594 fore
1727 555 1942 607 putatis?5

159 620 202 659 Si
243 623 305 659 est
346 617 537 657 omnibus
577 614 715 661 vobis,
756 615 790 654 si
830 617 972 655 maiori
1004 623 1185 656 vestrum
1222 615 1350 669 parti,
1394 628 1648 668 quamquam
1679 630 1744 656 me
1775 622 1912 656 vester

157 682 290 721 honos
330 678 500 731 vigilare
540 676 626 715 dies
667 682 789 730 atque
830 683 972 717 noctes
1017 683 1057 717 et
1087 677 1259 718 intentis
1290 676 1421 717 oculis
1455 690 1599 716 omnes
1629 679 1688 717 rei
1719 678 1910 731 publicae

160 747 297 796 partes
327 739 474 780 intueri
506 738 644 785 iubet,
690 743 826 777 tamen
858 740 1088 793 paulisper,
1131 741 1165 780 si
1196 741 1253 780 ita
1284 740 1547 780 commodum
1579 744 1761 780 vestrum
1792 739 1910 787 seret,

158 803 369 844 conivebo.
431 800 511 840 Sed
542 800 576 839 si
609 801 795 853 quinque
830 799 1042 842 hominum
1075 803 1242 842 milibus
1263 802 1314 842 ad
1337 802 1441 849 vim,
1472 801 1633 842 facinus
1655 801 1908 854 caedemque

158 864 326 905 delectis
367 863 481 902 locus
527 867 652 915 atquc
692 862 812 909 urbs,
859 876 965 916 quae
1004 864 1158 904 bellum
1199 864 1333 904 sacere
1364 868 1490 917 atque
1520 863 1726 903 instruere
1755 863 1959 916 possit,io

157 926 389 981 quaeritur,
422 929 614 964 tamenne
646 924 857 977 patiemini
889 931 1024 965 vestro
1055 926 1224 965 nomine
1256 931 1401 966 contra
1421 939 1495 966 vos
1518 924 1670 965 firmari
1691 939 1816 978 opeS,
1847 938 1910 965 ar-

155 988 255 1028 mari
284 986 515 1040 praesidia,
555 986 702 1033 urbes,
740 999 884 1039 agros,
927 988 1064 1040 copias
1096 989 1356 1041 comparari?
1415 986 1480 1027 78.
1511 989 1614 1027 Nam
1646 1000 1788 1040 agrum
1819 987 1911 1040 qui-

155 1050 248 1090 dem
288 1048 564 1102 Campanum,
605 1062 728 1101 quem
770 1049 887 1089 vobis
929 1054 1156 1096 ostentant,
1195 1049 1273 1102 ipsi
1312 1050 1660 1103 concupiverunt:
1706 1047 1911 1088 deducent

152 1124 272 1159 suos,
303 1124 480 1164 quorum
510 1111 678 1151 nomine
710 1111 789 1164 ipsi
821 1116 988 1151 teneant
1019 1117 1059 1151 et
1088 1111 1300 1161 fruantur3
1338 1116 1527 1153 coement
1555 1116 1790 1166 praeterea3
1829 1111 1910 1151 ista

151 1173 259 1214 dena
288 1173 429 1226 iugera
460 1173 775 1213 continuabunt.
835 1174 937 1212 Nam
968 1173 1001 1212 si
1035 1173 1173 1213 dicent
1207 1187 1281 1226 per
1309 1174 1444 1226 legem
1474 1175 1516 1214 id
1546 1188 1632 1215 non
1661 1173 1813 1221 licere,
1855 1183 1958 1213 neth·

150 1249 237 1289 per⁴
257 1235 493 1276 Corneliam
524 1234 695 1288 quidem
717 1234 825 1275 licet.
869 1235 923 1274 At
942 1235 1131 1275 videmus
1146 1266 1155 1282 ‚
1187 1240 1233 1275 ut
1253 1236 1481 1290 longinqua
1500 1237 1733 1283 mittamus,
1764 1248 1908 1288 agrum

150 1297 463 1338 Praenestinum
493 1310 516 1336 a
546 1297 688 1350 paucis
718 1297 948 1350 posside1·i;
979 1310 1115 1350 neque
1136 1297 1308 1338 istorum
1331 1298 1522 1351 pecuniis
1542 1298 1775 1352 quidquam
1795 1295 1908 1337 aliud

150 1360 297 1400 deesse
327 1359 449 1400 video
480 1359 561 1399 nisi
593 1359 682 1399 eius
714 1358 827 1398 modi
858 1358 1032 1405 fundos,
1064 1372 1241 1412 quorum
1271 1359 1455 1399 subsidio
1484 1359 1732 1400 familiarum
1754 1359 1910 1412 magni·

149 1421 314 1462 tudines
345 1425 386 1461 et
417 1421 695 1462 Cumanorum
725 1434 772 1460 ac
802 1421 1123 1462 Puteolanorum
1162 1422 1427 1474 praediorum
1458 1426 1647 1475 sumptus
1677 1426 1908 1463 sustentare

147 1483 322 1538 possint.
381 1482 502 1531 Quod
542 1483 575 1522 si
606 1487 787 1523 vestrum
820 1484 1083 1523 commodum
1121 1489 1304 1536 spectat,
1343 1485 1481 1524 veniat
1511 1490 1552 1525 et
1581 1498 1718 1525 coram
1748 1498 1908 1526 mecum
1921 1494 1958 1523 20

149 1547 201 1587 de
232 1546 319 1599 agri
352 1545 549 1599 Campani
582 1544 788 1585 divisione
816 1545 1014 1598 disputet.
1073 1546 1228 1585 XXIX.
1251 1544 1317 1585 79.
1341 1546 1541 1594 Quaesivi
1563 1561 1615 1587 ex
1638 1561 1686 1588 eo
1707 1546 1907 1588 Kalendis

147 1609 372 1656 Ianuariis,
405 1608 555 1661 quibus
584 1606 824 1647 hominibus
856 1612 896 1647 et
926 1621 1048 1660 quem
1080 1608 1131 1647 ad
1164 1609 1332 1648 modum
1362 1608 1479 1648 illum
1510 1622 1654 1662 agrum
1685 1613 1796 1650 esset
1825 1609 1908 1649 dis-

149 1671 390 1712 tributurus.
435 1668 668 1723 Respondit
694 1682 716 1709 a
737 1670 916 1710 Romilia
948 1671 1054 1710 tribu
1077 1684 1121 1710 se
1144 1671 1307 1711 initium
1330 1684 1420 1711 esse
1451 1670 1670 1712 facturum.
1711 1673 1906 1720 Primum,

149 1746 256 1786 quae
296 1737 359 1772 est
395 1732 475 1772 ista
512 1731 707 1784 superbia
745 1737 786 1772 et
826 1733 1097 1780 (contumelia,
1139 1737 1184 1773 ut
1218 1733 1363 1787 populi
1394 1746 1489 1786 pars
1520 1738 1773 1788 amputetur,
1804 1733 1906 1774 ordo

150 1796 328 1836 tribuum
359 1794 621 1847 negligatur?
652 1799 747 1834 ante
779 1795 943 1835 rusticis
975 1794 1096 1834 detur
1125 1808 1242 1847 ager,
1274 1795 1346 1849 qui
1368 1794 1542 1845 habent,
1576 1810 1703 1851 quam
1722 1796 1905 1846 urbanis,
1919 1806 1955 1835 25

148 1858 300 1911 quibus
331 1857 409 1897 ista
439 1857 526 1909 agri
557 1870 650 1910 spes
683 1862 723 1896 et
752 1857 987 1897 iucunditas
1021 1858 1288 1898 ostenditur?
1317 1859 1423 1906 Aut,
1455 1859 1488 1898 si
1509 1858 1590 1899 hoc
1611 1859 1661 1899 ab
1681 1873 1726 1899 se
1747 1858 1905 1899 dietum

147 1924 271 1972 negat
300 1923 341 1959 et
370 1919 468 1958 satis
499 1918 634 1958 facere
667 1920 856 1959 omnibus
887 1921 1003 1960 vobis
1034 1920 1206 1973 cogitat,
1236 1919 1438 1973 proferat3
1469 1921 1512 1961 in
1538 1922 1684 1975 iugera
1703 1922 1812 1962 dena
1833 1921 1905 1961 de-

146 1981 322 2029 scribam
353 1994 376 2021 a
407 1980 623 2020 Suburana
652 1995 786 2035 usque
818 1982 868 2021 ad
889 1983 1135 2022 Arniensem
1156 1982 1327 2022 nomina
1348 1988 1484 2023 vestra
1504 1988 1721 2038 proponat.
1752 1984 1797 2024 Si
1818 1997 1903 2024 non

147 2043 270 2083 modo
302 2044 409 2083 dena
439 2043 581 2095 iugera
611 2043 698 2083 dari
731 2044 869 2091 vobis,
912 2044 988 2084 sed
1028 2058 1080 2084 ne
1112 2045 1336 2098 constipari
1368 2046 1537 2098 quidem
1567 2050 1728 2087 tantum
1757 2060 1904 2087 nume·

144 2119 235 2145 rum
274 2105 490 2145 hominum
533 2119 656 2158 posse
697 2106 739 2145 in
770 2119 913 2158 agrum
947 2107 1203 2159 Campanum
1235 2107 1498 2160 intelligetis,
1537 2113 1728 2149 tamenne
1759 2108 1902 2149 vexari
1915 2117 1952 2148 30

144 2180 232 2206 rem
262 2167 493 2220 publicam,
525 2168 734 2207 contemni
767 2168 1024 2208 maiestatem
1054 2169 1196 2222 populi
1219 2170 1412 2217 Romani,
1444 2170 1585 2210 deludi
1605 2176 1767 2212 vosmet
1786 2172 1901 2225 ipsos

145 2228 302 2269 diutius
333 2242 357 2269 a
388 2229 553 2268 tribuno
584 2229 717 2282 plebis
748 2230 998 2283 patiemini?

257 2289 323 2330 80.
356 2290 479 2339 Quod
518 2291 552 2330 si
590 2296 732 2346 posset
761 2305 859 2345 ager
887 2291 965 2331 iste
997 2292 1048 2333 ad
1078 2305 1153 2333 vos
1183 2294 1425 2347 pervenire,
1465 2308 1607 2335 nonne
1637 2309 1731 2337 eum
1762 2301 1902 2337 tamen

143 2354 187 2394 in
216 2353 468 2408 patrimonio
499 2358 635 2394 vestro
666 2367 880 2395 remanere
902 2354 1112 2394 malletis?
1148 2355 1339 2396 Unumne
1369 2356 1546 2397 fundum
1574 2358 1901 2412 pulcherrimum

143 2415 289 2470 populi
318 2416 521 2463 Romani,
563 2422 685 2469 caput
714 2421 872 2457 vestrae
908 2417 1133 2470 pecuniae,
1174 2418 1288 2472 pacis
1320 2426 1630 2468 ornamentum,
1669 2420 1951 2461 subsidium35

142 2478 267 2526 belli,
306 2477 623 2518 fundamentum
655 2479 935 2531 vectigalium,
975 2478 1170 2519 horreum
1209 2480 1447 2534 legionum,
1487 2482 1679 2523 solatium
1709 2495 1901 2522 annonae

145 2539 345 2594 disperire
374 2540 626 2593 patiemini?
670 2542 734 2580 An
774 2541 891 2581 obliti
923 2541 1043 2588 estis,
1084 2542 1226 2582 Italico
1256 2543 1367 2583 bello
1399 2544 1561 2584 amissis
1592 2545 1742 2585 ceteris
1772 2545 1901 2584 vecti-

145 2602 304 2655 galibus
335 2606 516 2656 quantos
546 2603 634 2656 agri
667 2603 864 2657 Campani
894 2602 1092 2644 fructibus
1124 2606 1328 2646 exercitus
1359 2606 1581 2647 aluei-itis?
1614 2607 1679 2647 An
1699 2606 1899 2660 ignoratis

145 2668 282 2705 cetera
321 2665 393 2705 illa
436 2663 652 2718 magnifica
692 2665 836 2719 populi
875 2666 1049 2706 Romani
1091 2668 1309 2720 vectigalia
1344 2669 1501 2722 perlevi
1532 2682 1657 2723 saepe
1687 2673 1897 2710 momento

232 2862 262 2893 2.
289 2861 418 2893 delectet
443 2862 489 2902 (ut
513 2864 712 2895 coniecerat
727 2864 911 2904 Weiskius)
938 2865 979 2895 E:
1006 2864 1140 2896 delectat
1164 2865 1225 2896 ΡΑ
1241 2863 1348 2897 Lsso.
1369 2882 1403 2886 —-
1431 2866 1573 2904 quinque
1595 2865 1699 2907 milia]
1726 2865 1774 2896 .V.
1800 2865 1837 2897 E.
1860 2883 1894 2887 —

143 2912 173 2944 3.
200 2912 377 2953 quingenos
400 2912 641 2945 Lanredanus:
669 2914 915 2954 quinqaayenos
939 2914 963 2945 E
978 2915 999 2945 1³
1013 2916 1094 2952 ΡΑς
1122 2915 1313 2956 quinqencos
1328 2913 1360 2947 53.
1383 2933 1417 2936 —
1442 2919 1573 2947 sumunt
1596 2916 1620 2947 E
1634 2916 1705 2946 FP.
1728 2931 1759 2937 -
1788 2913 1820 2946 4.
1840 2918 1900 2946 auh

142 2962 250 3003 vestri]
277 2971 299 2994 a
321 2963 437 2994 uestris
459 2964 503 3000 E3
540 2967 599 2994 aut
621 2964 738 2995 uestris
763 2965 783 2995 F
796 2966 834 2995 A.
872 2964 1077 2995 Emendavit
1100 2966 1172 2997 Nic.
1198 2964 1372 3005 Angelius.
1402 2983 1436 2986 ——
1472 2966 1503 2996 5.
1536 2964 1727 3005 hominibus]
1752 2963 1899 2996 omnibus

144 3012 181 3043 E.
201 3028 238 3035 —
265 3012 296 3044 6.
321 3013 348 3044 si
371 3013 413 3044 T:
439 3016 497 3044 aut
520 3021 601 3045 cum
625 3014 681 3045 ed.
700 3013 821 3045 Aldina
838 3015 861 3045 L
877 3013 954 3050 Q0;
981 3022 1049 3045 om.
1077 3014 1136 3045 EF
1149 3017 1188 3045 A.
1210 3032 1241 3037 —
1272 3014 1484 3056 quamquam]
1511 3023 1611 3055 quam
1634 3014 1693 3046 EF
1706 3014 1745 3044 Α.
1771 3013 1898 3045 Emen-

145 3061 237 3093 davit
268 3063 341 3094 Nic.
375 3062 550 3103 Angelius.
586 3082 619 3086 —
658 3064 688 3096 8.
722 3064 821 3104 feret,
857 3063 1018 3103 conivebo]
1052 3064 1116 3103 fert
1144 3064 1348 3096 commouebo
1378 3065 1438 3096 EF
1451 3065 1493 3103 P3
1529 3065 1593 3105 fert
1622 3062 1826 3095 commonebo
1854 3063 1894 3094 A.

145 3110 351 3143 Emendavit
373 3112 445 3143 Nic.
472 3111 647 3152 Angelius.
682 3131 716 3136 -—
755 3114 807 3145 Μ.
831 3113 968 3152 palienli
991 3113 1033 3150 E;
1068 3113 1244 3152 patiamini
1267 3115 1302 3145 F.
1336 3132 1370 3135 —
1405 3113 1457 3146 44.
1483 3117 1624 3146 coement
1647 3111 1893 3144 Lauredanus:

145 3164 292 3192 coemant
313 3161 462 3194 EFPA.
502 3163 611 3194 «Fert.
637 3166 779 3195 coement
802 3163 885 3194 alios
903 3166 1098 3202 practerea»
1122 3171 1191 3204 mg.
1220 3162 1251 3196 Q.
1280 3181 1316 3187 —
1344 3164 1395 3195 46.
1423 3165 1552 3204 quidem
1574 3164 1608 3195 icl
1630 3163 1701 3194 licet
1725 3162 1758 3193 F.
1787 3178 1822 3183 —-
1848 3161 1894 3202 at]

146 3218 185 3240 ac
207 3210 232 3241 E
246 3210 316 3243 FP.
344 3228 380 3234 —-
413 3213 466 3244 25.
492 3212 619 3253 habent]
651 3214 770 3245 emitur
793 3214 831 3245 E.
859 3231 894 3236 —
932 3213 983 3244 27.
1006 3213 1175 3253 proferat:
1206 3214 1241 3244 in
1263 3214 1405 3255 singynlos
1428 3214 1544 3255 iugera
1567 3214 1651 3245 dena
1674 3210 1834 3243 describat
1854 3212 1891 3243 L.

147 3258 197 3291 Cf.
223 3259 253 3300 S.
278 3259 331 3292 85.
358 3279 393 3284 —
430 3263 483 3295 28.
510 3272 533 3294 a
555 3263 733 3296 Suburana
755 3263 998 3295 Lauredanus:
1031 3263 1072 3294 ab
1104 3272 1206 3294 usura
1237 3273 1313 3295 nam
1337 3263 1493 3302 EFPA3
1530 3263 1570 3295 ab
1594 3261 1788 3295 Ocriculana
1812 3269 1893 3294 cum

147 3308 201 3340 ed.
226 3309 359 3343 Iuntina
383 3310 416 3347 Σὲ.
446 3330 479 3334 -
507 3313 551 3344 ad
571 3312 789 3346 Narniensem
812 3322 900 3355 cum,
918 3312 972 3345 ed.
1000 3313 1132 3345 Iuntina
1156 3311 1188 3347 ἓ.
