2143 3713
276 212 355 254 540
821 213 1021 255 ORATIO
1051 214 1154 255 PRO
1185 215 1233 255 A.
1265 215 1492 257 CAECINA

273 337 400 377 negas
431 324 552 364 deiici
581 337 718 378 posse.
777 322 842 365 91.
884 326 966 365 Cur
996 338 1093 379 ergo
1124 331 1194 366 aut
1229 328 1272 367 in
1304 326 1408 367 illud
1440 325 1730 381 quotidianum
1759 328 2025 370 interdictum

272 399 377 426 VNDE
409 398 503 426 ILLE
534 400 592 427 ME
623 401 665 428 v1
695 401 865 428 nemeir
895 388 1061 428 additur
1101 400 1187 429 cvM
1225 402 1306 428 EGO
1346 402 1623 436 POSSIDEREM,
1667 388 1701 427 si
1743 388 1867 430 deiici
1902 404 2025 431 nemo

271 453 426 501 potest,
459 449 532 502 qui
561 463 647 489 non
676 451 884 504 possidet,
927 455 999 490 aut
1028 450 1070 489 in
1100 450 1180 489 hoe
1210 450 1475 490 interdictum
1506 464 1558 489 DE
1590 463 1814 490 HOMINIBVS
1844 463 2026 493 Amnius

271 524 354 550 non
384 510 562 559 additur,
593 512 628 551 si
659 519 825 565 oportet
854 512 999 566 quaeri
1030 511 1265 564 possederit
1294 514 1453 552 necne?
1504 515 1639 564 Negas
1671 512 1810 559 deiici,
1842 514 1922 553 nisi
1954 515 2026 567 qui

240 572 497 626 5possideat.
556 574 764 622 Ostendo,
805 575 838 614 si
871 576 959 614 sine
990 574 1156 613 armatis
1189 575 1392 615 coactisve
1422 574 1662 614 hominibus
1695 575 1882 616 deiectus
1914 578 2028 630 quis-

268 637 380 690 piam
410 638 485 684 sit,
517 651 631 685 eum,
662 637 734 690 qui
764 636 942 677 fateatur
971 649 1014 675 se
1046 635 1266 684 deiecisse,
1296 636 1462 676 vincere
1494 636 1790 689 sponsionem,
1823 638 1856 677 si
1889 645 2027 678 osten-

268 699 336 739 dat
365 713 460 739 eum
491 713 574 740 non
604 699 856 753 possedisse.
914 700 1048 749 Negas
1079 698 1227 745 deiici,
1257 698 1338 737 nisi
1370 698 1440 750 qui
1472 698 1697 751 possideat.
1757 698 1942 740 Ostendo
1975 713 2027 740 ex

266 761 345 801 hoc
375 761 595 801 interdicto
626 774 678 800 DE
709 774 887 801 Anxuris
918 774 1155 807 1103115113v8‚
1187 760 1257 813 qui
1284 761 1417 813 possit
1439 761 1660 800 ostendere
1683 773 1766 799 non
1788 762 2026 813 possedisse

268 837 384 871 eum,
425 824 496 877 qui
537 823 721 863 deiectus
760 824 833 870 sit,
873 822 1142 862 condemnari
1182 826 1320 861 tamen
1357 822 1597 875 sponsionis
1639 835 1808 862 necesse
1839 836 1951 872 esse,
1992 824 2026 863 si

219 884 445 925 iofateatur
476 898 566 925 esse
598 885 816 924 deiectum.
866 885 1040 923 XXXII.
1073 882 1139 923 92.
1170 884 1402 936 Dupliciter
1433 884 1624 924 homines
1660 884 1924 932 deiiciuntur,
1957 890 2029 924 aut

266 948 356 987 sine
396 947 549 986 coactis
586 947 811 986 armatisve
849 946 1110 993 hominibus,
1153 950 1225 985 aut
1262 959 1335 998 per
1374 946 1463 985 eius
1504 947 1615 986 modi
1656 948 1859 985 rationem
1900 951 2026 1001 atque

266 1010 362 1049 vim.
421 1009 483 1049 Ad
515 1009 617 1048 duas
648 1009 872 1048 dissimiles
912 1022 976 1047 res
1017 1009 1099 1047 duo
1142 1008 1327 1048 diiuncta
1367 1008 1588 1048 interdicta
1627 1014 1737 1048 sunt.
1796 1009 1843 1048 In
1884 1009 1958 1048 illa
1986 1009 2025 1049 vi

267 1072 510 1125 quotidiana
539 1084 626 1110 non
657 1071 756 1110 satis
788 1075 851 1111 est
880 1084 1005 1123 posse
1037 1069 1188 1109 docere
1215 1083 1258 1109 56
1281 1070 1500 1117 deiectum,
1533 1071 1612 1109 nisi
1636 1070 1854 1109 ostendere
1875 1076 2025 1123 potest,

265 1147 360 1172 cum
389 1133 645 1186 possideret,
688 1137 774 1172 tum
805 1133 1027 1172 deiectum.
1085 1134 1145 1171 Ne
1177 1132 1218 1171 id
1250 1132 1419 1184 quidem
1450 1133 1548 1171 satis
1580 1138 1661 1179 est,
1705 1133 1784 1171 nisi
1817 1133 1939 1172 docet
1969 1133 2026 1172 ita

216 1202 252 1232 45
266 1210 309 1235 56
340 1195 603 1248 possedisse,
642 1200 688 1235 ut
717 1209 792 1235 nec
823 1196 863 1235 vi
895 1208 972 1234 nec
1004 1195 1109 1234 clam
1146 1208 1222 1233 nec
1263 1195 1450 1246 precario
1493 1195 1737 1246 possederit.
1797 1194 1943 1246 Itaque
1976 1194 2024 1241 is,

265 1257 335 1311 qui
367 1271 411 1297 se
439 1258 671 1297 restituisse
702 1258 820 1305 dixit,
852 1270 1001 1309 magna
1030 1270 1131 1297 voce
1163 1269 1288 1309 saepe
1320 1254 1506 1295 confiteri
1538 1256 1643 1295 solet
1668 1269 1711 1295 se
1735 1256 1774 1295 vi
1797 1256 2023 1304 deiecisse,

263 1333 407 1360 verum
436 1319 541 1358 illud
572 1319 714 1359 addit:
763 1321 879 1359 «Non
909 1319 1200 1372 possidebat‚»
1244 1318 1309 1358 vel
1340 1318 1488 1365 otiam,
1521 1331 1613 1357 cum
1645 1318 1725 1357 hoc
1755 1317 1891 1370 ipsum
1925 1330 2022 1356 con-

265 1382 410 1430 cessit,
450 1381 580 1421 vincit
616 1386 754 1421 tamen
785 1382 1033 1434 sponsione,
1075 1381 1109 1421 si
1146 1381 1315 1433 planum
1346 1380 1445 1420 facit
1474 1380 1525 1419 ab
1558 1393 1601 1420 se
1634 1380 1750 1418 illum
1781 1385 1852 1419 aut
1881 1379 1921 1420 vi
1954 1383 2024 1419 aut

264 1445 370 1485 clam
400 1448 472 1484 aut
499 1444 687 1497 precario
718 1443 970 1496 possedisse.
1029 1442 1095 1482 93.
1136 1443 1374 1490 Videtisne,
1415 1447 1519 1496 quot
1561 1442 1875 1481 defensionibus
1914 1456 2022 1490 eum,

214 1515 250 1545 20
265 1508 336 1561 qui
369 1507 457 1547 sine
488 1506 612 1546 armis
641 1518 688 1544 ac
719 1505 983 1545 multitudine
1013 1506 1096 1544 vim
1126 1504 1293 1551 fecerit,
1333 1505 1394 1544 uti
1424 1518 1547 1558 posse
1579 1505 1756 1544 maiores
1786 1504 2022 1544 voluerint?

264 1571 385 1609 Hunc
415 1582 528 1616 vero,
560 1568 630 1621 qui
661 1567 712 1607 ab
744 1567 848 1615 iure,
880 1566 1035 1615 officio,
1066 1567 1189 1606 bonis
1221 1567 1402 1606 moribus
1434 1567 1485 1606 ad
1516 1566 1692 1614 ferrum,
1723 1566 1774 1606 ad
1805 1579 1939 1614 arma,
1971 1567 2021 1607 ad

264 1632 434 1672 caedem
465 1630 718 1683 confugerit,
750 1631 908 1669 nudum
940 1629 982 1668 in
1014 1642 1139 1668 causa
1171 1628 1418 1668 destitutum
1448 1629 1620 1675 videtis,
1651 1634 1708 1675 ut,
1740 1630 1811 1681 qui
1840 1634 2021 1669 armatus

265 1695 315 1735 de
336 1694 603 1747 possessione
624 1692 920 1738 contendisset,
951 1691 1134 1730 inermus
1157 1691 1280 1742 plane
1304 1690 1355 1729 de
1378 1690 1606 1742 sponsione
1628 1695 1815 1730 certaret.
1859 1691 2021 1744 Ecquid

262 1757 388 1809 igitur
416 1756 601 1802 interest,
632 1755 741 1802 l’iso,
772 1755 879 1793 inter
908 1753 1011 1792 haec
1042 1753 1291 1792 interdicta?
1323 1752 1472 1804 ecquid
1504 1751 1688 1798 interest,
1718 1757 1857 1791 utrum
1876 1753 1918 1791 in
1939 1753 2019 1792 hoc

213 1827 249 1857 ‘25
264 1820 315 1859 sit
354 1818 538 1859 additum
579 1829 662 1857 (ΝΜ
692 1818 739 1856 Λ.
773 1816 955 1855 ΟΛΕριΝΛ
994 1828 1250 1855 PossmEnEr
1287 1816 1447 1853 necno?
1506 1814 1668 1865 Ecquid
1699 1819 1738 1853 te
1769 1815 1874 1853 ratio
1905 1814 2020 1861 iuris,

263 1881 415 1934 ecquid
436 1879 753 1919 interdictorum
776 1877 1089 1925 dissimilitudo,
1116 1876 1265 1931 ecquid
1288 1877 1510 1916 auctoritas
1532 1876 1736 1915 maiorum
1759 1879 2020 1915 commovet?

263 1943 305 1983 Si
346 1947 456 1983 osset
497 1942 709 1988 additum,
750 1941 800 1980 de
842 1954 891 1980 eo
934 1939 1077 1993 quaeri
1114 1945 1345 1992 oporteret:
1403 1938 1589 1978 additum
1631 1951 1715 1977 non
1756 1943 1838 1986 est,
1882 1944 2020 1978 tamen

261 2005 498 2058 oportebit?
557 2001 622 2043 94.
652 2005 789 2057 Atque
822 2016 898 2055 ego
930 2002 971 2040 in
1002 2002 1081 2041 hoc
1113 2002 1333 2041 Caecinam
1363 2015 1446 2040 non
1468 2000 1672 2040 defendo:
1703 2001 1890 2053 possedit
1910 2002 2019 2040 enim

263 2068 451 2115 Caecina,
481 2071 810 2119 recuperatoreS,
842 2070 882 2104 et
912 2065 967 2111 id,
998 2064 1160 2103 tametsi
1191 2069 1309 2103 extra
1330 2076 1495 2102 causam
1518 2067 1592 2109 est,
1623 2076 1859 2114 percurram
1880 2068 2019 2104 tamen

211 2130 393 2177 3obrevi,
443 2134 489 2169 ut
533 2142 615 2168 non
661 2129 800 2168 minus
837 2127 1051 2167 hominem
1097 2127 1233 2178 ipsum
1272 2139 1396 2178 quam
1435 2125 1500 2164 ius
1541 2138 1760 2164 commune
1801 2125 2019 2165 defensum

259 2181 411 2232 velitis.
471 2190 742 2231 Caesenniam
773 2189 1013 2242 possedisse
1043 2194 1215 2242 propter
1254 2202 1373 2227 usum
1412 2187 1591 2227 fructum
1622 2201 1707 2227 non
1736 2200 1876 2240 negas.
1936 2187 2016 2235 Qui

261 2254 434 2295 colonus
463 2252 609 2293 habuit
638 2252 889 2292 conductum
920 2251 970 2290 dc
1002 2251 1231 2291 Caesennia
1260 2249 1457 2298 fundum,
1503 2264 1596 2290 cum
1638 2248 1747 2290 idem
1789 2263 1841 2290 ex
1871 2249 2017 2290 eadem

347 2484 377 2515 1.
403 2482 483 2514 deici
506 2482 580 2513 ET.
608 2498 643 2503 —-
671 2480 701 2513 4.
728 2481 808 2512 deici
832 2480 868 2511 T.
890 2499 925 2502 ——
951 2480 983 2511 5.
1010 2480 1164 2518 Ostende,
1191 2480 1217 2511 si
1234 2497 1283 2503 —-
1298 2479 1360 2510 nisi
1384 2478 1438 2518 qui
1458 2478 1622 2518 possideat
1645 2487 1714 2509 om.
1734 2479 1769 2509 T.
1791 2496 1825 2500 —-
1852 2479 2015 2518 quispiam

260 2532 307 2565 E:
339 2533 511 2572 quisquam
534 2529 722 2563 RALQO.
752 2546 786 2551 —
819 2530 848 2560 6.
874 2530 1042 2569 sponsione
1067 2531 1101 2561 L.
1136 2530 1233 2561 (lons.
1260 2539 1292 2561 v.
1319 2529 1369 2560 18.
1398 2546 1432 2550 -
1461 2529 1513 2559 41.
1539 2531 1638 2567 atque
1661 2528 1779 2559 lflTo:
1813 2532 1870 2560 aul,
1893 2529 2010 2567 RASJ‘,

259 2586 288 2614 ot
313 2584 352 2620 L3
380 2590 419 2613 ac
444 2590 512 2621 mg.
538 2579 572 2614 Β.
606 2597 641 2602 —-
682 2580 732 2610 402.
758 2580 904 2610 ‹liiunela
928 2588 997 2618 mg.
1023 2578 1062 2617 8,
1090 2582 1135 2609 0:
1172 2579 1316 2610 scium-m
1340 2587 1429 2610 corr.
1456 2586 1499 2618 q;
1538 2577 1687 2608 deiuncta
1711 2578 1734 2608 R
1750 2576 1826 2616 [ἒς
1863 2578 2015 2609 deuincla

259 2634 297 2663 Α.
327 2650 360 2655 -
387 2632 425 2662 In
448 2631 505 2661 illa
528 2631 560 2660 vi
591 2629 785 2668 quolidiana
809 2628 889 2669 cet]
919 2628 968 2659 Cl'.
994 2637 1027 2669 p.
1052 2628 1157 2659 Tullio
1183 2630 1214 2668 ξ.
1234 2628 1274 2660 44-
1299 2638 1350 2668 sq.
1373 2646 1407 2650 --
1432 2628 1465 2658 vi
1489 2636 1557 2658 om.
1576 2629 1614 2658 A.
1643 2644 1676 2647 —
1710 2626 1762 2657 [111.
1786 2627 1952 2658 cotidiana
1975 2628 2010 2658 Τ.

262 2699 297 2703 -
322 2689 386 2711 sese
409 2680 565 2711 deiectum
588 2688 631 2716 α;
657 2679 710 2709 sed
731 2679 842 2718 fictum
866 2678 890 2708 12*
905 2678 948 2714 '1¹3
980 2679 1034 2709 sed
1064 2687 1096 2709 se
1119 2680 1274 2710 deiectum
1294 2681 1406 2719 ficium
1431 2680 1454 2708 G
1469 2679 1510 2709 M.
1541 2695 1574 2699 —-
1603 2679 1707 2716 polest
1730 2676 1814 2707 ET:
1842 2679 1949 2715 posset
1971 2685 2009 2714 a;

254 2731 354 2770 possit
379 2731 439 2761 RA
457 2727 513 2761 [ἕ
531 2729 568 2759 0.
596 2727 645 2759 Cs.
670 2736 703 2758 v.
724 2726 780 2757 44:
808 2727 869 2757 nisi
892 2728 990 2758 ‹loc-el.
1012 2745 1046 2749 —
1076 2727 1127 2759 114.
1154 2731 1222 2759 lum
1245 2729 1379 2759 eiectum
1402 2727 1500 2759 ETti
1516 2727 1577 2758 Ma
1592 2726 1612 2757 b
1628 2735 1693 2757 eni
1709 2734 1728 2766 p
1744 2724 1792 2764 tf}
1816 2727 1850 2757 et
1865 2727 1903 2757 Α.
1931 2726 2012 2756 Cor-

258 2781 345 2811 rexit
368 2779 558 2818 Naugerius
583 2777 617 2808 in
641 2776 774 2808 Aldina.
802 2776 851 2807 Cf.
878 2776 908 2817 g.
935 2778 987 2808 86.
1016 2795 1051 2800 —
1078 2778 1128 2808 1155.
1154 2780 1189 2807 ul
1213 2785 1282 2808 oni.
1309 2778 1332 2808 κζ
1346 2778 1370 2807 Τ
1385 2778 1408 2807 G
1424 2777 1455 2808 M
1469 2785 1485 2807 a
1502 2785 1567 2807 ein
1583 2778 1712 2816 pqta.
1740 2794 1773 2798 -—
1802 2777 1853 2807 46.
1880 2776 1954 2806 dicit
1972 2777 2007 2806 L.

266 2847 295 2852 —
315 2829 366 2860 47.
389 2827 561 2868 possidebit
577 2828 612 2858 T.
633 2844 668 2848 —
696 2828 747 2858 48.
765 2827 933 2865 sponsione
957 2827 980 2857 lsi
995 2827 1018 2857 T
1033 2827 1055 2856 G
1071 2836 1088 2855 a
1104 2824 1125 2856 b
1141 2835 1162 2864 1)
1176 2834 1198 2865 q
1212 2827 1223 2856 t
1237 2824 1263 2864 β
1288 2828 1321 2857 et
1337 2827 1361 2856 Α
1377 2826 1399 2856 L
1413 2824 1434 2858 ἓ
1451 2835 1456 2855 ;
1483 2826 1685 2865 sponsionem
1702 2826 1725 2855 R
1741 2826 1777 2856 O.
1805 2824 1854 2856 cf.
1873 2833 1903 2856 v.
1923 2825 1953 2855 6.
1972 2841 2006 2846 —

257 2878 309 2909 20.
328 2879 396 2909 sine
412 2886 480 2909 om.
496 2876 525 2909 *a
542 2878 682 2917 praeter
697 2877 732 2915 T,
754 2876 786 2906 in
804 2885 872 2915 quo
890 2878 941 2907 est
957 2884 1023 2907 ses
1063 2877 1203 2906 armatis
1219 2877 1232 2906 t
1248 2876 1309 2916 (pr.
1327 2876 1386 2915 ni.)
1405 2878 1439 2906 et
1457 2876 1490 2906 L.
1511 2894 1543 2896 —
1570 2875 1704 2905 maioris
1721 2875 1756 2905 T.
1778 2892 1811 2895 Μ
1837 2874 2010 2905 uoluerunt

258 2928 359 2959 ETG
372 2928 435 2959 Ma
450 2926 471 2957 l)
486 2936 539 2967 ep
554 2924 641 2963 last
665 2927 699 2957 ct
722 2928 745 2956 A
763 2924 795 2959 9.
826 2944 859 2947 -
886 2926 936 2956 (21.
964 2926 1068 2966 llam]
1093 2926 1166 2956 hinc
1183 2926 1225 2963 '1¹3
1252 2934 1337 2955 iimcc
1361 2935 1396 2955 α.
1419 2943 1452 2946 κ
1479 2926 1531 2956 122.
1557 2926 1664 2956 cedem
1688 2925 1723 2955 T.
1744 2941 1778 2945 -—
1805 2924 2010 2954 destitutum-

257 2987 317 3017 que
340 2986 421 3009 eum
444 2977 577 3008 Iuntina
602 2976 672 3009 12³3.
705 2976 772 3007 Sed
798 2975 840 3007 cs.
866 2977 963 3007 Vei-r.
990 2978 1113 3007 Aecus.
1140 2976 1179 3006 11.
1207 2975 1238 3015 g.
1257 2974 1309 3006 74.
1337 2975 1373 3005 V.
1401 2974 1430 3013 g
1452 2975 1524 3005 ΜΟ.
1548 2992 1582 2996 -
1610 2977 1642 3005 ιιι
1666 2974 1720 3012 qui
1743 2973 1767 3004 E
1781 2974 1822 3011 Τ,
1850 2972 1906 3003 ed.
1932 2974 2010 3004 lun—

256 3029 337 3065 tina,
363 3028 386 3058 L
401 3026 480 3060 80:
512 3028 566 3065 qui
590 3030 698 3057 aulem
722 3028 744 3057 R
760 3028 797 3057 A.
818 3043 852 3047 ——
879 3025 930 3056 23.
958 3027 1101 3057 incrinus
1124 3025 1149 3056 Ε
1175 3024 1228 3062 (de
1253 3024 1277 3054 ‘l'
1301 3022 1377 3054 silet
1402 3022 1629 3062 llarlessius):
1661 3022 1793 3053 inermis
1816 3022 1839 3052 R
1854 3023 1879 3052 A
1894 3019 1953 3054 Lss
1968 3022 2005 3052 Ο.

258 3077 307 3109 Ct.
334 3077 364 3117 ἓ.
390 3077 442 3109 33.
472 3094 506 3098 -
539 3075 663 3115 ecquid]
692 3079 721 3106 ei
744 3076 821 3115 quid
844 3076 1027 3115 quinquies
1052 3075 1112 3105 EG
1129 3073 1282 3113 abekp
1299 3072 1399 3110 tufi,
1426 3073 1546 3110 lertio,
1584 3073 1706 3112 quarto
1731 3073 1765 3102 et
1788 3071 1907 3111 quinto
1931 3070 2006 3102 loeo

257 3127 292 3158 T.
314 3145 349 3148 —w
374 3126 427 3159 ⁴24.
453 3126 556 3167 iyilur
578 3133 647 3155 om.
667 3126 702 3155 T.
732 3143 767 3147 —
793 3125 969 3156 inlerdicta
993 3133 1062 3155 om.
1082 3124 1117 3155 T.
1135 3140 1169 3144 —-
1194 3125 1306 3153 ulrum
1328 3122 1361 3152 in¹
1385 3122 1442 3152 hoc
1465 3123 1503 3153 sit
1528 3122 1673 3152 additum
1691 3122 1736 3151 T:
1763 3123 1874 3150 uirum
1898 3120 1931 3151 in
1947 3120 2005 3151 hoe

256 3176 296 3207 sit
320 3177 486 3208 addictum
508 3176 550 3213 E3
575 3179 688 3206 utrum
709 3174 767 3205 hoc
791 3175 938 3205 additum
964 3175 1043 3214 (om.
1064 3174 1098 3204 in
1121 3175 1156 3204 ct
1178 3173 1227 3211 sil)
1252 3173 1276 3203 R
1289 3173 1313 3203 A
1332 3173 1352 3202 l.
1368 3170 1387 3205 Ε
1402 3172 1438 3202 O.
1467 3172 1575 3211 (usort.
1603 3171 1749 3201 addilum
1772 3170 1836 3200 sii»
1861 3177 1929 3208 mg.
1956 3168 2004 3209 53.)

260 3225 308 3256 Cf.
328 3226 358 3265 g.
378 3226 429 3257 91.
453 3234 486 3266 p.
505 3223 612 3257 Tullio
630 3226 660 3264 g.
680 3224 731 3256 38.
752 3224 803 3255 39.
817 3242 851 3246 -
870 3225 923 3255 25.
944 3224 1122 3262 possideret
1146 3224 1182 3254 P.
1201 3221 1394 3253 Manutius:
1416 3221 1593 3259 possederit
1616 3218 1683 3252 QtA
1697 3221 1719 3250 L
1733 3219 1754 3252 8
1768 3222 1803 3251 0.
1831 3220 1881 3251 Cf.
1900 3220 1931 3259 5⁸.
1950 3219 2001 3249 91,

259 3274 311 3305 92.
338 3283 399 3314 pro
423 3273 529 3306 Tullio
554 3274 585 3315 ξ.
611 3273 663 3305 44.
692 3291 727 3296 ——
753 3275 806 3306 26.
831 3277 861 3305 et
884 3274 961 3313 quid
984 3273 1166 3304 auctoritas
1187 3273 1226 3303 A.
1255 3287 1289 3292 —-
1326 3271 1379 3302 ⁶20.
1404 3274 1521 3303 emera
1542 3278 1644 3302 causa
1668 3270 1703 3301 T.
1732 3287 1767 3293 —-
1793 3269 1846 3301 30.
1870 3272 1906 3301 ut
1928 3267 2001 3309 non]

260 3331 325 3354 non
347 3326 383 3354 ub
405 3324 441 3355 T.
470 3340 504 3347 -
530 3322 583 3355 31.
608 3331 702 3354 usum
723 3323 893 3364 fructuum
916 3323 953 3354 T.
981 3340 1016 3346 —
1044 3320 1116 3362 Qui]
1141 3319 1295 3362 quoniam
1318 3320 1357 3351 V.
