2143 3713
579 231 763 273 1.m.1v.
805 229 899 271 οη.
929 231 1107 272 1v-v,
1146 230 1219 284 §§·
1249 229 1421 272 6—40.
1790 228 1871 271 327

133 343 238 383 nihil
266 342 418 384 habere
449 344 641 397 cuiquam
671 346 881 395 praeterea
902 341 1076 382 licebit?
1108 346 1168 381 tot
1189 342 1335 382 domus
1355 342 1701 395 locupletissimas
1723 344 1872 383 domus

132 404 251 445 istius
280 419 363 447 una
392 406 550 460 capiet?
582 404 740 444 Idcirco
770 417 892 443 nemo
923 405 1182 456 superiorum
1211 405 1364 456 attigit,
1395 408 1440 443 ut
1460 404 1526 443 hic
1555 405 1746 445 tolleret?
1777 406 1872 446 ideo

134 466 176 506 C.
210 466 407 507 Claudius
437 467 613 507 Pulcher
648 466 826 512 rettulit,
867 470 913 504 ut
955 466 996 505 C.
1028 467 1176 506 Verres
1206 470 1349 518 posset
1378 465 1568 505 auferre?
1615 468 1667 506 At
1695 481 1779 507 non
1810 481 1874 507 re-

133 528 323 582 quirebat
360 530 430 569 ille
462 529 620 581 Cupido
658 528 822 567 lenonis
852 527 1021 567 domum
1052 540 1098 566 ac
1129 528 1399 566 meretriciam
1431 526 1713 579 disciplinam;
1751 529 1873 569 facile

131 591 203 629 illo
235 591 413 630 sacrario
444 591 576 644 patrio
608 589 918 629 continebatur:
949 589 1056 628 IIeio
1087 601 1131 627 se
1156 601 1180 628 a
1201 589 1426 628 maioribus
1447 588 1638 629 relictum
1660 603 1749 629 esse
1771 591 1905 631 scie-5

130 653 200 692 bat
229 653 272 692 in
302 652 529 692 hereditate
560 664 793 697 sacrorum;
824 664 907 690 non
939 650 1165 704 quaerebat
1194 651 1423 690 meretricis
1454 650 1662 691 heredem.
1722 650 1761 690 8.
1795 652 1874 691 Sed

131 715 232 768 quid
263 728 339 767 ego
370 720 452 754 tam
482 713 748 753 vehementer
778 713 983 753 invehor?
1026 712 1160 752 Verbo
1190 726 1273 752 uno
1304 712 1494 766 repellar.
1515 733 1569 741 —-
1589 713 1698 760 Emi,
1728 713 1875 765 inquit.

129 797 182 805 —
211 776 262 816 Di
302 775 572 823 immortales,
613 775 867 828 praeclaram
901 774 1205 814 defensionem!
1246 780 1516 814 mercatorem
1547 775 1589 814 in
1619 774 1876 827 provinciam

130 851 221 878 cum
267 838 442 890 imperio
481 851 528 876 ac
565 837 778 877 securibus
817 837 1026 883 misimus,
1072 838 1210 876 omnia
1241 837 1312 891 qui
1355 836 1494 889 signa,
1539 836 1699 876 tabulas
1730 836 1875 890 pictas,

129 913 250 940 omne
280 904 514 952 argentum,
557 913 725 946 aurum,
763 900 884 946 ebur,
915 911 1096 950 gemmas
1128 903 1356 945 coemeret,
1388 898 1493 937 nihil
1525 900 1719 952 cuiquam
1749 897 1925 943 relin-110

128 967 286 1016 queret.
344 961 455 1001 Haec
494 963 605 1002 enim
642 962 742 1001 mihi
783 962 833 1001 ad
873 960 1011 1002 omnia
1041 959 1227 1000 defensio
1259 961 1446 1013 patefieri
1476 961 1664 1000 videtur:
1711 959 1874 999 emisse.

126 1023 327 1070 Primum,
368 1024 401 1062 si
440 1023 504 1071 id,
548 1023 661 1078 quod
693 1024 774 1070 vis,
817 1024 889 1062 tibi
921 1036 996 1075 ego
1029 1022 1276 1070 concedam,
1318 1028 1363 1062 ut
1392 1023 1561 1070 emeris,
1602 1022 1801 1076 quoniam
1831 1022 1874 1061 in

127 1090 212 1126 toto
256 1085 336 1125 hoc
366 1099 517 1138 genere
556 1086 631 1125 hac
661 1099 743 1125 una
776 1085 1018 1125 defensione
1049 1098 1201 1124 usurus
1234 1098 1297 1125 es:
1330 1099 1507 1139 quaero,
1538 1085 1657 1125 cuius
1688 1083 1798 1123 modi
1829 1089 1874 1123 tu

125 1148 279 1188 iudicia
308 1148 462 1187 Romae
492 1148 649 1202 putaris
681 1160 793 1195 esse,
825 1148 859 1187 si
891 1147 965 1186 tibi
996 1147 1076 1186 hoc
1107 1160 1359 1200 quemquam
1389 1160 1687 1187 concessurum
1706 1146 1874 1199 putasti,

124 1216 164 1251 te
195 1211 237 1250 in
267 1216 460 1264 praetura
490 1215 615 1264 atque
646 1210 820 1262 imperio
854 1214 914 1249 tot
943 1223 1009 1248 res
1040 1214 1122 1249 tam
1154 1210 1379 1261 pretiosas,
1412 1223 1554 1249 omnes
1582 1210 1764 1262 denique
1794 1221 1923 1255 reS‚i5

125 1286 232 1326 quae
271 1272 444 1312 alicuius
481 1272 603 1326 pretii
642 1272 814 1319 fuerint,
853 1276 939 1311 tota
979 1285 1030 1310 ex
1060 1272 1275 1324 provincia
1304 1273 1518 1311 coemisse.
1577 1273 1625 1312 V.
1655 1270 1693 1310 9.
1724 1271 1874 1311 Videte

124 1336 328 1376 maiorum
357 1334 630 1387 diligentiam,
662 1334 734 1388 qui
766 1333 971 1373 nihildum
994 1333 1118 1373 etiam
1149 1334 1267 1373 istius
1298 1334 1410 1374 modi
1432 1335 1771 1387 suspicabantur,
1803 1348 1873 1374 ve-

122 1411 213 1438 rum
254 1402 391 1439 tamen
431 1410 497 1444 ea,
545 1410 651 1450 quae
692 1397 828 1450 parvis
869 1396 911 1434 in
951 1396 1075 1436 rebus
1113 1395 1300 1436 accidere
1331 1401 1546 1448 poterant,
1586 1396 1872 1449 providebant.

122 1460 363 1507 Neminem,
396 1459 467 1513 qui
500 1472 592 1498 cum
623 1462 828 1513 potestate
854 1463 925 1498 aut
945 1458 1153 1511 legatione
1175 1458 1217 1498 in
1238 1459 1493 1511 provinciam
1516 1463 1626 1499 esset
1645 1460 1870 1513 profectus,

122 1526 205 1562 tam
244 1526 451 1561 amentem
489 1521 578 1560 fore
616 1524 888 1574 putaverunt,
932 1525 978 1560 ut
1014 1526 1168 1561 emeret
1197 1526 1434 1574 argentum3
1475 1521 1649 1561 dabatur
1679 1522 1789 1562 enim
1820 1522 1871 1561 de
1885 1535 1921 1564 20

121 1584 311 1638 publico:
343 1588 390 1623 ut
420 1587 596 1631 vestem;
627 1583 903 1635 praebebatur
925 1584 1034 1623 enim
1055 1583 1238 1636 legibus:
1269 1583 1520 1637 mancipium
1540 1588 1754 1637 putarunt,
1787 1597 1870 1638 quo

122 1651 162 1687 et
192 1658 335 1686 omnes
367 1645 524 1685 utimur
555 1649 594 1684 et
623 1658 706 1684 non
737 1638 960 1698 praebetur
989 1659 1013 1685 a
1041 1647 1210 1700 populo.
1271 1647 1529 1694 Sanxerunt,
1559 1660 1611 1687 NE
1643 1660 1734 1694 Qv1s
1765 1658 1871 1686 EME-

121 1722 200 1749 mzr
239 1720 322 1748 Nisi
360 1721 401 1748 IN
440 1720 652 1747 nemonrw
692 1720 843 1748 Loevm.
904 1708 947 1747 Si
987 1708 1058 1761 qui
1096 1709 1249 1749 Romae
1281 1713 1392 1748 esset
1421 1708 1691 1749 demortuus?
1730 1709 1871 1756 lmmo,

122 1772 155 1812 si
186 1771 280 1825 quis
311 1770 480 1810 ibidem.
539 1771 633 1809 Non
663 1770 773 1810 enim
804 1775 842 1810 te
878 1771 1080 1811 instruere
1112 1772 1281 1811 domum
1312 1776 1423 1812 tuam
1454 1772 1676 1813 voluerunt
1702 1772 1746 1812 in
1775 1784 1871 1826 pro-

121 1834 280 1880 vincia,
319 1831 391 1872 sed
431 1831 548 1871 illum
578 1845 700 1871 usum
728 1833 968 1885 provinciae
997 1834 1205 1888 supplere.
1264 1830 1328 1873 40.
1361 1834 1478 1883 Quae
1506 1833 1585 1874 fuit
1614 1847 1759 1882 causa,
1798 1846 1919 1878 cur25

122 1901 204 1934 tam
234 1893 456 1947 diligenter
485 1907 561 1934 nos
591 1894 634 1933 in
664 1895 893 1946 provinciis
924 1896 974 1935 ab
1005 1896 1283 1949 emptionibus
1313 1899 1602 1938 removerent?
1643 1897 1776 1945 Haec,
1806 1897 1870 1937 iu-

122 1956 260 2004 dices,
298 1956 411 2010 quod
442 1956 644 2009 putabant
673 1958 929 2009 ereptionem
960 1971 1072 2005 esse,
1110 1971 1195 1998 non
1226 1960 1498 2012 emptionem,
1541 1972 1633 2000 cum
1663 1959 1869 2001 venditori

121 2034 194 2060 suo
225 2019 424 2059 arbitratu
455 2018 635 2058 vendere
667 2031 749 2058 non
779 2019 936 2060 liceret.
988 2021 1033 2059 In
1063 2021 1290 2074 provinciis
1321 2021 1623 2074 intelligebant,
1653 2023 1686 2062 si
1715 2022 1764 2070 is,
1795 2022 1867 2075 qui

120 2087 230 2123 esset
258 2095 351 2122 cum
382 2081 555 2134 imperio
587 2095 632 2121 ac
661 2086 886 2134 potestate,
919 2083 1031 2136 quod
1062 2082 1172 2135 apud
1196 2096 1405 2136 quemque
1428 2089 1555 2131 esset,
1587 2097 1722 2123 emere
1742 2083 1870 2124 vellet

120 2145 245 2197 idque
277 2143 314 2183 ei
353 2143 517 2190 liceret,
555 2142 643 2183 fore
683 2144 765 2191 uti,
812 2145 924 2197 quod
956 2145 1135 2198 quisque
1167 2145 1308 2192 vellet,
1347 2146 1434 2185 sive
1466 2151 1575 2186 esset
1603 2146 1750 2186 venale
1781 2146 1867 2186 sive
1880 2159 1916 2189 30

118 2219 203 2247 non
233 2208 362 2252 esset,
393 2206 538 2258 quanti
568 2205 694 2246 vellet
723 2205 916 2246 auferret.
965 2208 1084 2247 Dicet
1113 2207 1288 2260 aliquis:
1332 2208 1449 2248 «Noli
1480 2208 1560 2247 isto
1592 2209 1717 2249 modo
1746 2222 1867 2262 agere

119 2283 212 2310 cum
242 2268 392 2308 Verre:
432 2268 519 2307 noli
559 2268 648 2308 eius
687 2268 795 2308 facta
832 2269 883 2308 ad
913 2269 1110 2322 antiquae
1141 2269 1357 2322 religionis
1388 2270 1593 2311 rationem
1624 2270 1866 2323 exquirere:

118 2330 328 2378 concede,
366 2334 412 2370 ut
451 2331 622 2383 impune
662 2331 829 2378 emerit,
874 2331 998 2370 modo
1038 2336 1084 2370 ut
1116 2331 1227 2371 bona
1257 2332 1416 2371 ratione
1447 2332 1616 2380 emerit,
1656 2332 1762 2372 nihil
1791 2346 1866 2386 pro

117 2396 345 2448 potestate,
376 2392 483 2432 nihil
513 2393 563 2432 ab
593 2393 748 2440 invito,
779 2393 884 2432 nihil
914 2406 989 2446 per
1020 2393 1253 2433 iniuriam.»
1309 2394 1377 2433 Sic
1407 2407 1539 2448 agam.
1589 2394 1632 2434 Si
1666 2395 1767 2447 quid
1797 2408 1868 2434 ve-

109 2593 112 2596 *
204 2554 234 2585 4.
259 2553 415 2593 cuiquam
433 2556 609 2593 praeterea
624 2553 648 2584 R
662 2552 701 2591 V,
720 2552 828 2592 Lg‘29:
852 2561 907 2592 pr.
925 2553 1080 2593 cuiquam
1103 2552 1176 2586 rell.
1195 2554 1232 2586 Ο,
1254 2572 1288 2577 —
1315 2557 1361 2585 tot
1383 2554 1493 2585 domos
1509 2553 1568 2585 Ld.
1590 2572 1625 2576 —
1650 2553 1742 2585 istius
1757 2555 1870 2586 domus

117 2604 156 2636 V.
177 2621 212 2625 -
238 2604 269 2635 2.
294 2603 345 2634 liic
368 2603 432 2642 R3,
452 2602 483 2641 λ,
503 2603 613 2643 Lg29:
639 2603 697 2634 iste
713 2602 795 2634 dett.
812 2603 848 2633 O.
877 2602 975 2643 [Item
998 2604 1118 2643 Maius,
1145 2606 1179 2636 et
1202 2605 1252 2636 sie
1276 2605 1426 2636 Brunnio
1452 2613 1591 2645 quoque
1609 2603 1718 2635 codex
1735 2603 1867 2636 habere

116 2653 264 2692 videtur,
284 2661 499 2693 quamquam
515 2653 685 2694 scriptura
702 2653 736 2684 in
752 2651 828 2684 loco
846 2652 917 2684 sere
936 2653 1102 2685 exstincta
1123 2654 1200 2694 est]
1214 2673 1248 2678 —
1268 2654 1298 2686 3.
1314 2654 1348 2686 C.
1364 2656 1443 2686 ante
1461 2654 1576 2686 Claud.
1592 2653 1699 2685 habet
1714 2654 1753 2692 V,
1773 2654 1867 2694 quod

117 2710 235 2734 errore
259 2702 368 2734 Maius
391 2711 460 2734 om.
490 2720 525 2725 —
550 2702 673 2734 rettulit
697 2703 740 2733 V:
772 2702 883 2733 retulit
906 2703 947 2740 R,
974 2702 1044 2741 alii,
1071 2703 1108 2734 Ο.
1137 2721 1172 2726 —
1205 2703 1235 2736 4.
1269 2704 1392 2744 Cupido
1423 2704 1456 2735 in
1480 2705 1509 2734 V
1531 2713 1637 2736 manu
1661 2702 1867 2736 scholiastae

117 2752 160 2792 (v.
180 2751 296 2783 adnot.
317 2752 346 2783 4.
366 2751 443 2783 Maii
466 2759 544 2792 pag.
564 2751 651 2788 508.)
675 2752 950 2792 superscriptum
968 2753 1030 2783 est.
1051 2752 1129 2793 (Br.)
1150 2771 1184 2775 —
1212 2753 1242 2785 6.
1262 2754 1306 2785 ad
1327 2754 1537 2785 hereditatem
1554 2753 1638 2785 dett.
1665 2752 1739 2794 [sed
1756 2753 1868 2786 nullus

115 2803 233 2842 Lagg.,
261 2810 304 2833 ex
327 2800 453 2842 quibus
478 2801 561 2832 dett.
589 2811 634 2832 an
656 2802 865 2833 hereditatem
890 2801 1044 2842 habent]
1073 2819 1107 2824 —
1133 2802 1164 2833 7.
1189 2812 1255 2835 uno
1278 2803 1347 2834 R3:
1373 2803 1441 2834 iam
1456 2812 1521 2834 uno
1538 2803 1621 2835 dett.
1641 2803 1677 2834 O.
1707 2801 1756 2842 [In
1772 2804 1799 2834 V
1816 2804 1870 2836 est

115 2851 240 2884 vocula
257 2852 336 2883 ante
359 2860 445 2890 urm,
471 2851 533 2882 sed
553 2860 635 2883 num
652 2852 695 2883 sit
718 2853 797 2890 iam,
823 2851 973 2882 Brunnio
998 2851 1170 2883 incertum
1187 2852 1350 2894 videtur]
1374 2871 1407 2875 —
1434 2853 1464 2884 8.
1485 2854 1516 2884 di
1532 2853 1578 2885 R3
1595 2862 1601 2883 :
1628 2862 1646 2884 o
1663 2853 1707 2884 dii
1724 2853 1808 2884 dett.
1828 2854 1865 2886 Ο.

115 2901 155 2942 [V
178 2900 286 2933 habet
308 2901 356 2939 (ἰὴ
394 2910 478 2933 num
503 2902 607 2934 etlam
633 2912 669 2941 o,
709 2911 788 2934 cun]
820 2901 953 2933 litterae
979 2903 1058 2933 ante
1083 2903 1115 2933 di
1139 2903 1358 2941 evanuerint,
1397 2902 1547 2935 discerni
1571 2912 1639 2934 non
1663 2903 1801 2944 potest]
1830 2921 1865 2927 —-

115 2951 146 2983 9.
171 2960 245 2983 cum
268 2951 404 2991 imperio
428 2961 468 2982 ae
491 2953 596 2983 securi
618 2953 652 2984 in
673 2962 766 2992 prov.
794 2953 819 2983 O
844 2954 962 2983 contra
988 2952 1091 2983 codd.
1120 2969 1155 2973 —
1188 2952 1243 2991 qui·
1276 2953 1387 2983 omnia
1410 2952 1494 2983 dett.
1521 2953 1558 2984 Ο.
1587 2971 1621 2975 —
1657 2953 1709 2984 40.
1734 2953 1815 2984 nihil
1837 2962 1864 2985 c.

114 3000 173 3032 rel.
198 3001 276 3032 haec
300 3010 369 3033 oin.
396 3000 497 3041 ng.
520 3019 554 3023 —
582 3002 632 3032 4⁶2.
659 3011 716 3042 eqo
740 3001 795 3032 tibi
820 3001 919 3040 Lg29.
951 3019 984 3023 —
1013 3001 1062 3033 43.
1088 3001 1159 3042 hac]
1185 3011 1224 3033 ac
1248 3003 1272 3033 R
1291 3003 1348 3033 G2.
1378 3021 1411 3025 —-
1440 3004 1491 3034 ⁴5.
1513 3003 1697 3042 praetiosus
1720 3003 1744 3034 R
1762 3003 1801 3034 V.
1829 3021 1864 3026 —

116 3050 168 3081 46.
191 3051 325 3091 fuerunt
341 3053 378 3083 R.
407 3050 614 3090 [terminatio
638 3053 672 3083 in
690 3052 718 3082 V
742 3060 809 3083 non
835 3052 949 3091 potest
972 3050 1159 3091 distingui]
1180 3069 1215 3073 —
1242 3053 1294 3083 ⁶20.
1315 3055 1479 3091 putarunt
1501 3053 1524 3084 L
1551 3054 1584 3084 et
1608 3053 1709 3093 Lagg.
1728 3054 1867 3093 praeter

116 3152 232 3180 emeret
254 3149 316 3187 R3,
342 3148 363 3180 λ
389 3149 500 3190 (prob.
526 3149 637 3181 Madv.
665 3150 764 3191 epist.
791 3159 823 3191 p.
852 3151 934 3190 26.):
963 3154 1078 3181 emeret
1099 3151 1300 3189 mancipium
1324 3150 1407 3183 dett.
1427 3152 1464 3183 O.
1486 3171 1520 3174 —
1546 3151 1599 3183 ⁶23.
1624 3152 1650 3182 si
1675 3152 1745 3191 quis
1760 3152 1861 3193 Lagg.

121 3216 154 3220 —
181 3197 233 3230 24.
259 3199 344 3230 enim
367 3208 437 3231 oni.
465 3200 510 3230 G2
537 3199 596 3231 Ld.
625 3217 659 3222 ——
696 3200 748 3231 28.
783 3200 891 3231 liceret
915 3202 956 3239 R,
993 3199 1056 3231 sed
1085 3209 1205 3231 rasura
1235 3199 1362 3232 factum
1396 3201 1509 3239 licere,
1547 3204 1585 3233 ut
1609 3202 1660 3232 est
1684 3202 1716 3232 in
1740 3202 1799 3233 Gi.
1828 3220 1862 3225 -

118 3247 169 3278 30.
195 3248 223 3279 ei
246 3257 314 3281 om.
340 3250 443 3289 Lagg.
469 3251 610 3289 praeter
633 3249 684 3281 4-2.
720 3268 755 3272 —
791 3250 861 3289 fore
883 3253 918 3280 ut
940 3249 1043 3289 Lg29.
1071 3266 1106 3272 —
1139 3250 1190 3281 3¹2-
1217 3249 1270 3290 ad]
1307 3254 1341 3281 at
1364 3252 1389 3283 R
1412 3260 1463 3292 pr.
1492 3260 1559 3289 m.;
1597 3255 1631 3282 ut
1654 3260 1724 3282 sec.
1752 3260 1799 3282 nl.
1829 3270 1863 3273 —

119 3295 171 3327 33.
195 3299 231 3327 ut
252 3297 286 3328 in
308 3298 392 3330 bona
415 3298 521 3330 idem.
541 3316 578 3322 —-
603 3299 684 3330 nihil
700 3309 764 3341 pro
782 3303 940 3343 potestate
963 3306 1033 3331 om.
1058 3300 1160 3339 Lagg.
1187 3301 1328 3340 praeter
1352 3300 1403 3333 48.
1432 3319 1467 3323 —
1493 3301 1545 3333 34.
1571 3301 1597 3332 si
1620 3301 1698 3340 quid
1721 3300 1809 3341 Lg42
1825 3300 1864 3333 45

119 3343 181 3378 48:
206 3345 234 3377 si
256 3349 342 3386 quod
363 3348 428 3388 R3,
458 3347 532 3381 rell.
557 3350 661 3389 Lagg.
