2127 3708
290 183 343 226 30
668 187 866 229 ORATIO
896 186 999 229 PRO
1032 188 1148 230 SEX.
1178 186 1371 230 ROSCIO
1403 188 1644 230 AMERINO

400 302 430 341 I.
463 297 500 340 ll.
532 300 663 341 Credo
694 314 771 354 ego
791 314 888 348 vos,
919 301 1099 348 iudices,
1130 301 1293 349 mirari,
1326 301 1426 355 quid
1448 302 1502 341 sit
1524 301 1655 354 quod,
1687 314 1780 340 cum
1801 304 1863 340 tot
1883 301 2034 341 summi

291 369 476 404 oratores
514 363 791 417 hominesque
835 363 1083 402 nobilissimi
1125 364 1318 410 sedeant,
1361 377 1436 417 ego
1469 363 1731 416 potissimum
1763 363 2032 409 surrexerim,

290 428 361 480 qui
393 440 531 480 neque
561 431 694 466 aetate
725 438 861 478 neque
892 425 1060 477 ingenio
1092 439 1229 478 neque
1261 426 1505 464 auctoritate
1537 426 1614 464 sim
1645 438 1739 464 cum
1759 424 1844 471 his,
1876 424 1946 476 qui
1969 438 2033 463 se-

289 490 438 537 deant,
470 488 785 540 comparandus.
837 486 991 525 Omnes
1022 486 1086 531 hi,
1120 501 1225 540 quos
1256 487 1406 526 videtis
1437 489 1604 534 adesse,
1638 488 1680 527 in
1710 487 1941 525 hac-causa
1972 486 2034 525 in-

258 552 435 591 5iuriam
473 564 582 591 novo
624 549 779 588 scelere
814 550 1032 587 conflatam
1065 553 1211 600 putant
1241 554 1434 600 oportere
1466 549 1656 596 defendi,
1700 547 1922 587 defendere
1952 548 2032 600 ipsi

288 619 459 666 propter
488 612 750 664 iniquitatem
784 615 1016 663 temporum
1047 624 1129 649 non
1162 610 1327 649 audent.
1372 611 1432 649 Ita
1462 609 1526 657 fit,
1558 617 1602 650 ut
1633 611 1767 650 adsint
1799 614 2032 662 propterea,

289 676 401 728 quod
433 673 615 713 officium
648 678 900 725 sequuntur,
934 677 1096 711 taceant
1125 678 1262 711 autem
1294 672 1472 719 idcirco,
1506 674 1604 726 quia
1635 673 1865 725 periculum
1887 673 2030 712 vitant.

286 735 324 776 ἱ).
358 738 469 785 Quid
501 737 627 787 ergo?
659 734 961 773 audacissimus
993 748 1068 787 ego
1092 748 1143 773 ex
1166 734 1389 773 omnibus?
1435 735 1617 775 Minime.
1664 737 1716 774 At
1739 741 1849 775 tanto
1873 733 2034 775 officio-

288 801 373 839 sior
412 812 536 853 quam
577 799 731 839 ceteri?
780 800 840 838 Ne
884 798 1002 838 istius
1040 799 1208 851 quidem
1250 797 1383 836 laudis
1424 797 1480 836 ita
1511 798 1587 836 sini
1621 799 1817 850 cupidus,
1865 803 1911 837 ut
1939 797 2034 836 aliis

239 871 274 900 40
289 875 377 901 eam
408 866 668 914 praereptam
699 861 837 900 velim.
887 860 1003 908 Quae
1036 874 1099 899 me
1133 860 1256 911 igitur
1286 873 1352 898 res
1384 864 1547 910 praeter
1579 865 1738 898 ceteros
1770 860 1958 912 impulit,
1989 864 2035 898 ut

288 938 453 963 causam
486 925 580 963 Sex.
611 923 749 963 Roscii
780 923 1038 975 reciperem?
1082 922 1211 970 Quia,
1244 922 1277 959 si
1309 920 1381 973 qui
1413 920 1586 960 istorum
1618 921 1812 968 dixisset,
1847 935 1952 975 quos
1974 921 2034 961 vi-

287 986 393 1025 detis
425 986 591 1032 adesse,
636 985 676 1023 in
709 985 860 1037 quibus
893 996 1051 1023 summa
1082 983 1307 1022 auctoritas
1339 986 1400 1021 est
1430 988 1554 1036 atque
1586 983 1837 1035 amplitudo,
1879 984 1912 1023 si
1944 996 2035 1023 ver-

286 1048 381 1087 bum
415 1049 464 1087 de
496 1062 538 1087 re
570 1046 736 1100 publica
759 1046 947 1093 fecisset,
979 1046 1021 1084 id
1045 1045 1157 1098 quod
1180 1045 1221 1083 in
1242 1045 1318 1083 hac
1342 1057 1466 1083 causa
1487 1043 1573 1083 lieri
1598 1058 1766 1083 necesse
1790 1050 1870 1093 est,
1903 1045 2033 1084 multo

286 1111 405 1164 plura
436 1110 615 1156 dixisse,
659 1122 782 1162 quam
815 1109 1012 1155 dixisset,
1051 1112 1292 1160 putaretur:
1332 1104 1369 1145 3.
1403 1119 1478 1159 ego
1513 1107 1636 1146 etiam
1669 1108 1701 1146 si
1735 1108 1895 1155 onmia,
1927 1120 2033 1161 quae

237 1182 273 1210 45
287 1173 462 1212 dicenda
493 1177 610 1219 sunt,
641 1171 769 1210 libere
793 1171 958 1217 dixero,
991 1183 1257 1222 nequaquam
1278 1174 1415 1208 tamen
1437 1169 1630 1208 similiter
1651 1170 1783 1208 oratio
1806 1182 1896 1209 mea
1918 1169 2033 1209 exire

286 1240 411 1287 atque
443 1234 484 1273 in
513 1234 662 1285 vulgus
694 1229 885 1272 emanare
920 1232 1091 1284 poterit:
1124 1232 1293 1278 deinde,
1327 1231 1440 1284 quod
1463 1236 1697 1270 ceterorum
1718 1244 1856 1284 neque
1879 1231 2033 1270 dictum

286 1296 509 1335 obscurum
539 1301 677 1349 potest
707 1309 798 1335 esse
828 1300 1000 1347 propter
1030 1294 1288 1333 nobilitatem
1312 1299 1352 1332 et
1373 1293 1689 1345 amplitudinem
1722 1306 1859 1346 neque
1881 1298 2034 1332 temere

286 1359 396 1398 dicto
438 1358 610 1398 concedi
653 1362 824 1410 propter
860 1361 1037 1395 aetatem
1068 1360 1108 1394 et
1138 1355 1425 1409 prudentiam;
1466 1368 1541 1407 ego
1574 1356 1608 1394 si
1640 1355 1741 1408 quid
1772 1356 1943 1395 liberius
1975 1355 2036 1394 di-

284 1434 408 1467 xero,
439 1420 505 1460 vel
537 1420 745 1460 occultum
777 1432 890 1466 esse,
920 1423 1142 1471 propterea
1173 1418 1285 1471 quod
1317 1418 1502 1456 nonduin
1530 1418 1580 1457 ad
1612 1432 1697 1457 rem
1728 1418 1937 1470 publicam
1969 1431 2036 1457 ac-

236 1491 272 1522 20
287 1483 414 1529 cessi,
456 1482 522 1522 vel
562 1483 722 1535 ignosci
760 1481 1068 1522 adolescentiae
1099 1480 1276 1532 poterit:
1325 1480 1487 1519 tametsi
1520 1494 1604 1519 non
1635 1481 1758 1519 modo
1790 1479 2035 1533 ignoscendi

285 1546 411 1592 ratio,
441 1558 586 1584 verum
617 1546 740 1584 etiam
773 1542 1053 1597 cognoscendi
1086 1542 1345 1581 consuetudo
1378 1543 1457 1581 iam
1491 1543 1540 1581 de
1572 1543 1737 1582 civitate
1769 1542 1930 1582 sublata
1961 1547 2034 1582 est.

285 1606 323 1646 4.
354 1607 527 1646 Accedit
557 1606 627 1647 illa
659 1620 829 1660 quoque
862 1619 1006 1652 causa,
1040 1605 1152 1658 quod
1185 1617 1207 1643 a
1239 1604 1387 1643 ceteris
1420 1604 1592 1644 forsitan
1624 1605 1680 1644 ita
1711 1605 1887 1657 petitum
1919 1604 1972 1644 sit
1992 1609 2037 1643 ut

286 1670 490 1716 dicerent,
532 1674 578 1708 ut
606 1669 810 1708 utrumvis
842 1669 956 1707 salvo
989 1664 1127 1706 officio
1159 1666 1294 1705 facere
1328 1680 1371 1705 se
1404 1680 1525 1718 posse
1558 1668 1878 1707 arbitrarentur:
1918 1681 1941 1707 a
1971 1681 2035 1706 me

285 1738 422 1771 autem
454 1731 481 1771 ii
514 1732 838 1776 contenderunt,
881 1730 951 1783 qui
993 1729 1104 1781 apud
1136 1743 1200 1767 mc
1233 1733 1273 1767 ct
1303 1729 1485 1768 amicitia
1517 1734 1557 1768 et
1586 1728 1800 1769 beneficiis
1832 1735 1872 1769 et
1902 1729 2036 1781 digni-

236 1803 272 1832 ‘25
286 1799 368 1834 tate
400 1793 624 1846 plurimum
646 1798 844 1845 possunt,
878 1805 1056 1845 quorum
1085 1804 1160 1843 ego
1184 1804 1259 1829 nec
1280 1790 1616 1830 benevolentiam
1639 1804 1735 1843 erga
1756 1805 1820 1831 me
1843 1792 2034 1844 ignorare

284 1869 360 1896 nec
391 1855 680 1895 auctoritatem
711 1853 924 1906 aspernari
956 1866 1032 1892 nec
1054 1853 1311 1892 voluntatem
1345 1852 1555 1904 negligere
1578 1853 1763 1892 debeam.
1812 1854 1860 1892 11.
1893 1853 1930 1892 5.
1960 1853 2035 1892 llis

285 1919 335 1958 de
367 1918 503 1958 causis
533 1930 609 1969 ego
639 1916 737 1956 huic
770 1929 918 1955 causae
950 1920 1151 1968 patronus
1184 1914 1347 1961 exstiti,
1379 1928 1463 1953 non
1496 1915 1652 1954 electus
1682 1928 1815 1962 unus,
1848 1915 1920 1968 qui
1951 1928 2036 1954 ma-

283 1980 397 2021 ximo
435 1980 628 2033 ingenio,
674 1979 745 2019 sed
788 1979 956 2018 relictus
999 1991 1050 2016 ex
1081 1977 1293 2023 omnibus,
1339 1977 1411 2030 qui
1442 1977 1615 2016 minimo
1646 1977 1834 2030 periculo
1865 1990 2033 2031 possem

285 2043 445 2089 dicere,
484 2054 621 2094 neque
659 2041 720 2080 uti
761 2040 859 2080 satis
898 2038 1015 2079 firmo
1054 2038 1265 2091 praesidio
1298 2039 1493 2078 defensus
1526 2039 1621 2078 Sex.
1653 2039 1850 2087 Roscius,
1889 2052 2033 2079 verum

235 2105 344 2144 souti
375 2118 426 2144 ne
458 2104 629 2143 omnino
661 2104 849 2143 desertus
881 2106 1003 2142 esset.
1050 2100 1241 2139 Forsitan
1273 2100 1504 2153 quaeratis,
1537 2100 1608 2153 qui
1640 2100 1717 2139 iste
1748 2105 1882 2141 terror
1912 2102 1964 2141 sit
1994 2106 2035 2141 et

285 2180 393 2221 quae
422 2170 538 2206 tanta
566 2165 767 2212 formido,
811 2177 918 2218 quae
963 2167 1024 2203 tot
1054 2177 1101 2203 ac
1131 2163 1234 2203 tales
1265 2163 1377 2202 viros
1408 2163 1633 2216 impediat,
1675 2176 1758 2216 quo
1790 2163 1927 2203 minus
1957 2176 2033 2216 pro

370 2308 550 2340 lsscnu’no
575 2313 755 2337 ominosis.
802 2304 848 2335 M.
876 2304 908 2334 T.
936 2304 969 2336 C.
990 2312 1054 2343 pro
1078 2304 1166 2335 Sesto
1189 2303 1301 2335 Roscio
1324 2302 1477 2334 Amerino
1500 2303 1606 2334 oratio
1630 2302 1743 2342 incipit
1766 2304 1816 2341 M3
1853 2304 1948 2335 Sexti
1970 2304 2036 2336 Ro·-

284 2358 341 2390 scii
363 2357 503 2391 amerini
526 2356 633 2388 oratio
656 2354 770 2394 incipit
793 2353 827 2384 in
850 2362 965 2394 =qenere
988 2354 1130 2384 iuditiali
1153 2353 1257 2392 Gud.;
1284 2354 1317 2385 in
1343 2354 1368 2384 G
1393 2352 1482 2384 nulla
1508 2355 1561 2385 est
1583 2354 1683 2384 vetus
1708 2353 1896 2394 inscriptio.

371 2408 401 2440 3.
430 2407 484 2447 qm·
508 2406 581 2438 VM
597 2415 619 2436 v
636 2414 654 2436 a
672 2414 712 2436 c:
738 2404 766 2435 is
789 2404 845 2442 qui
869 2405 950 2442 GL,
976 2404 995 2434 2
1020 2403 1122 2434 codd.
1150 2402 1230 2434 Lall.
1253 2419 1287 2425 —
1313 2404 1361 2434 his
1377 2404 1450 2435 VM
1466 2413 1485 2434 v
1503 2412 1520 2434 a
1539 2412 1579 2434 c:
1605 2403 1666 2434 hiis
1689 2404 1715 2434 G
1740 2405 1789 2444 (ut
1811 2412 1953 2445 semper
1976 2404 2036 2437 ha-

284 2457 346 2490 bet
368 2458 401 2489 et
424 2466 487 2498 pro
511 2456 559 2487 his
582 2456 616 2486 et
639 2463 701 2495 pro
724 2454 781 2492 iis,
809 2453 902 2493 quod
927 2453 1072 2493 posthac
1096 2462 1164 2485 non
1189 2453 1367 2493 enotabo);
1393 2454 1433 2485 iis
1456 2453 1558 2485 codd.
1578 2453 1643 2485 alii.
1666 2471 1699 2475 -—
1726 2454 1833 2486 sedent
1855 2455 1874 2486 2
1892 2456 1970 2496 Lag.
1998 2473 2033 2478 —-

285 2507 316 2540 4.
342 2506 573 2547 conparandas
594 2505 634 2536 V.
666 2522 697 2527 —
727 2512 834 2535 omnes
857 2503 889 2533 hi
910 2503 955 2541 V,
989 2504 1088 2543 Sch.,
1115 2504 1193 2544 Lag.
1221 2505 1282 2536 65:
1317 2513 1424 2536 omnes
1455 2505 1539 2535 enim
1561 2504 1592 2534 hi
1616 2503 1689 2535 rell.
1716 2505 1752 2535 Ο.
1782 2505 1968 2543 —'adesse,
2000 2505 2035 2536 in

284 2558 345 2588 hac
367 2556 481 2597 caasa]
508 2556 556 2587 sic
581 2554 733 2586 distinxit
756 2554 779 2584 Ι.
801 2554 843 2584 M.
864 2553 1071 2591 Heusinger:
1097 2552 1150 2584 alii
1169 2562 1305 2585 comma
1323 2556 1400 2595 post
1417 2563 1518 2585 causa
1534 2553 1676 2585 habent.
1704 2554 1754 2586 Cf.
1775 2554 1886 2586 Madv.
1907 2555 2032 2596 Opusc.

285 2608 324 2639 11.
351 2616 383 2648 p.
411 2606 484 2638 338.
511 2607 580 2637 not.
608 2605 638 2636 4.
668 2622 702 2626 -
728 2605 758 2634 5.
786 2603 856 2643 ipsi]
882 2603 942 2642 ipsi
966 2605 1080 2634 aulem
1103 2603 1142 2634 V.
1171 2621 1205 2625 —
1239 2604 1269 2635 6.
1295 2604 1446 2643 temporis
1469 2605 1547 2643 Lag.
1567 2604 1596 2634 9.
1626 2621 1659 2625 —-
1695 2604 1724 2635 7.
1750 2607 1906 2643 sequntur
1928 2604 1966 2634 V.
1994 2620 2032 2626 —

285 2660 395 2688 autem
425 2664 494 2687 om.
522 2656 601 2693 Lag.
628 2654 680 2685 65.
710 2671 744 2676 —
770 2653 875 2684 ritant
898 2653 944 2682 V:
978 2655 1122 2683 metuunt
1155 2652 1226 2684 rell.
1254 2653 1289 2685 O.
1318 2671 1354 2676 —
1381 2654 1411 2685 8.
1439 2654 1484 2694 at]
1511 2654 1561 2684 sic
1586 2652 1687 2684 codd.
1717 2653 1788 2684 fere
1813 2661 1958 2685 omnes:
1995 2661 2035 2684 ac

285 2705 314 2737 V
337 2707 372 2737 et
400 2706 479 2744 Lag.
505 2705 564 2741 ⁶263
601 2713 645 2735 an
675 2703 752 2734 Sch.
786 2703 896 2743 (atque
924 2702 1055 2734 minime
1085 2706 1175 2734 lanto
1204 2703 1253 2742 G.)
1287 2719 1322 2725 —
1355 2704 1385 2735 9.
1411 2703 1472 2734 sim
1495 2703 1522 2733 V
1548 2705 1581 2734 et
1604 2704 1683 2742 Lag.
1710 2703 1767 2734 026:
1806 2712 1874 2735 om.
1901 2703 1961 2734 sim
1985 2704 2031 2741 G;

284 2764 355 2786 sum
378 2754 450 2786 rell.
478 2754 514 2785 O.
542 2771 578 2776 —
606 2754 657 2785 40.
682 2762 755 2785 eam
779 2762 846 2784 oni.
875 2753 954 2791 Lag.
981 2752 1033 2783 26.
1063 2770 1097 2775 —
1124 2753 1175 2783 ll.
1204 2754 1293 2784 Rosci
1315 2753 1354 2784 V.
1383 2770 1418 2775 —
1445 2754 1471 2783 si
1496 2753 1550 2792 (μιὶ
1574 2753 1618 2783 V:
1645 2754 1671 2783 si
1695 2753 1766 2792 quis
1789 2752 1861 2784 rell.
1889 2754 1925 2785 O.
1963 2753 2032 2793 Ego

284 2804 425 2836 malim:
451 2804 477 2835 si
501 2805 572 2843 quis
587 2804 714 2835 horum.
735 2821 770 2824 -—
798 2803 849 2833 43.
875 2802 978 2833 mulla
995 2802 1031 2833 G.
1054 2821 1088 2825 ——
1116 2802 1166 2834 tl.
1188 2804 1286 2835 etiam
1305 2804 1332 2835 si
1349 2805 1373 2835 G
1387 2804 1419 2835 M
1435 2813 1454 2833 v
1472 2812 1490 2834 a
1508 2812 1526 2833 c
1543 2812 1548 2833 2
1575 2803 1631 2834 elsi
1649 2802 1823 2834 Charisius
1841 2810 1873 2842 p.
1894 2802 1956 2833 4³20
1974 2802 2008 2833 L.
2024 2810 2031 2839 ;

285 2859 396 2886 autem
417 2855 443 2885 si
467 2854 495 2884 V
519 2853 631 2891 solus,
658 2861 763 2893 quem
788 2853 821 2883 h.
848 2851 868 2883 l.
895 2853 1036 2892 propter
1061 2852 1204 2884 Charisii
1229 2853 1469 2885 auctoritatem
1494 2853 1593 2892 sequi
1619 2851 1721 2883 nolui.
1760 2851 1809 2883 Cs.
1829 2853 1944 2883 tamen
1961 2851 2035 2881 Ior-

286 2905 354 2936 dan
377 2905 410 2935 in
433 2904 582 2935 Zeilscln·.
607 2904 663 2943 sar
686 2904 735 2933 die
757 2902 994 2934 Allerlhzmisw.
1021 2901 1115 2933 4845.
1141 2912 1174 2943 p.
1202 2904 1275 2935 059.
1303 2919 1339 2925 —
1365 2903 1417 2933 46.
1444 2902 1558 2942 uolgus
1581 2903 1619 2932 V.
1653 2918 1687 2924 —
1721 2902 1773 2933 20.
1799 2900 2034 2932 adulescentiae

284 2955 332 2987 V:
363 2954 597 2986 adolescentiae
618 2961 709 2984 meae
731 2951 804 2983 rell.
832 2952 869 2982 Ο.
898 2970 931 2974 -
962 2952 1013 2982 ⁶2¹.
1040 2952 1107 2982 iam
1131 2961 1199 2983 om.
1226 2954 1263 2983 G.
1291 2970 1326 2975 —
1360 2952 1490 2983 cirtlale
1514 2953 1585 2991 ipsa
1608 2953 1645 2983 G.
1675 2969 1709 2973 —-
1745 2951 1903 2982 sublatast
1925 2950 1964 2981 V.
1994 2965 2029 2971 —

284 3005 338 3037 22.
364 3013 490 3044 quoque
513 3012 582 3034 om.
609 3003 688 3033 Sch.
716 3019 750 3023 —
777 3001 830 3032 ⁵23.
856 3005 891 3032 ut
914 3002 993 3032 ante
1016 3004 1081 3032 utr.
1109 3010 1177 3033 om.
1202 3002 1229 3032 V
1241 3011 1273 3033 v.
1304 3020 1338 3024 —
1362 3003 1470 3042 facere
1493 3011 1524 3033 se
1539 3011 1578 3032 v:
1604 3002 1661 3041 sa.
1681 3026 1686 3032 .
1705 3026 1710 3032 .
1730 3009 1766 3032 .e
1789 3001 1817 3031 V
1835 2999 2032 3041 («abscissis

285 3053 395 3085 ultimi
424 3060 546 3085 versus
576 3050 713 3089 litteris,
744 3050 951 3090 videturque
976 3058 1044 3082 non
1069 3052 1237 3083 omissum
1262 3051 1364 3083 fuisse
1389 3060 1601 3092 pronomen,
1635 3050 1698 3083 sed
1728 3051 1895 3091 scriptum
1924 3050 2034 3090 facere

284 3112 328 3142 se,
355 3103 448 3143 quod
472 3101 552 3134 edd.
579 3101 753 3141 principes
779 3100 978 3131 exhibent.»
999 3101 1191 3139 Nffinunn.);
1218 3109 1248 3132 se
1270 3101 1378 3141 facere
1403 3104 1426 3132 G
1442 3103 1471 3133 M
1486 3102 1586 3132 Oac.
1620 3101 1668 3132 Cf.
1695 3100 1725 3140 g.
1745 3101 1805 3131 40:
1832 3108 1932 3139 quam
1947 3099 2035 3139 ferre

284 3162 336 3184 me
354 3162 448 3192 posse
469 3152 623 3191 intelligo.
652 3166 687 3172 -—·
720 3149 773 3181 ⁶24.
799 3151 822 3180 ii
846 3151 916 3189 ΜΞ,
947 3159 1015 3181 ac:
1047 3150 1078 3181 1ιὶ
1102 3151 1128 3181 V
1142 3152 1206 3189 Ml,
1232 3160 1266 3182 v.
1295 3169 1330 3174 —
1361 3155 1439 3191 apul
1463 3151 1489 3182 V
1503 3153 1528 3182 G
1552 3152 1614 3191 (sic
1637 3159 1779 3191 semper
1803 3150 1851 3187 G).
1879 3166 1914 3170 —-
1948 3148 2033 3179 beni-

283 3202 365 3243 ficiis
389 3204 427 3233 G.
456 3219 490 3224 —-
516 3203 569 3233 25.
594 3209 652 3232 nec
674 3201 701 3230 V
716 3201 758 3231 L:
788 3209 890 3239 neque
913 3199 986 3232 rell.
1006 3201 1042 3231 O.
1072 3219 1107 3223 —
1132 3201 1379 3233 benivolentiam
1403 3202 1429 3231 G
1445 3201 1475 3231 M
1488 3210 1560 3239 va,
1586 3202 1623 3231 ut
1646 3207 1796 3239 semper.
1818 3213 1853 3220 -
1881 3206 1961 3237 erga
1983 3204 2033 3228 me

287 3259 355 3283 om.
385 3252 463 3291 Lag.
484 3251 535 3282 65.
557 3269 591 3273 —
617 3251 670 3282 ⁶26.
696 3258 798 3289 neque
818 3249 871 3281 bis
887 3259 909 3281 v
931 3259 994 3291 pro
1011 3259 1078 3281 nec.
1100 3268 1135 3273 —
1153 3251 1303 3282 debebam
1321 3251 1407 3281 coni.
1428 3250 1573 3281 Ernesti.
1595 3268 1629 3271 —
1656 3249 1707 3279 027.
1727 3246 1820 3279 extiti
1837 3247 1862 3277 G
1876 3253 1926 3277 va
1940 3253 1970 3283 c,
1996 3245 2034 3276 ut

287 3310 439 3343 semper.
456 3319 492 3325 -
509 3301 562 3335 28.
576 3301 699 3342 possim
714 3299 755 3341 V,
774 3301 833 3342 qui
849 3300 905 3334 hio
922 3301 1059 3334 desinit.
1078 3317 1113 3323 —
1131 3300 1184 3332 30.
1203 3300 1364 3341 quaeretis
1379 3301 1459 3340 Lag.
1478 3299 1530 3331 48.
1551 3316 1587 3323 -
1605 3298 1659 3330 31.
1677 3297 1752 3329 talis
1765 3298 1798 3329 M
1810 3304 1830 3328 a
1847 3296 1881 3328 et
1897 3295 1915 3327 9
1927 3295 2030 3336 Lagg.
