2127 3708
158 214 237 258 422
667 222 720 261 IN
750 220 968 261 VERREM
995 219 1155 261 ACTIO
1186 221 1348 261 PRIMA

158 331 343 370 omnium
361 330 573 371 voluntate
603 331 842 385 iudicioque
863 332 1096 371 damnatam
1116 332 1257 385 aliqua
1277 346 1328 372 ex
1356 337 1471 385 parte
1493 332 1625 385 possit
1644 330 1892 373 defendere?

160 390 174 430 l
188 390 224 430 l.
247 392 389 441 cuius,
418 398 465 433 ut
483 393 787 434 adolescentiae
809 394 990 433 maculas
1012 395 1341 447 ignominiasque
1362 400 1630 446 praeteream,
1660 399 1895 446 quaestura,

158 454 314 506 primus
343 455 494 508 gradus
522 456 716 503 honoris,
757 455 857 508 quid
887 456 999 494 aliud
1030 455 1152 493 habet
1182 456 1223 494 in
1254 469 1296 494 se
1328 457 1406 495 nisi
1438 457 1510 495 Cn.
1544 455 1771 494 Carbonem
1801 467 1897 507 spo-

156 516 300 555 liatum
330 530 354 557 a
375 523 593 571 quaestore
615 531 690 557 suo
719 518 896 570 pecunia
916 517 1103 569 publica,
1134 516 1333 556 nudatum
1368 523 1407 557 et
1433 518 1643 570 proditum
1664 516 1898 563 consulem,

126 577 365 618 5desertum
395 581 643 626 exercitum,
681 580 865 619 relictam
895 579 1169 631 provinciam,
1210 579 1331 618 sortis
1360 579 1707 619 necessitudinem
1737 578 1900 631 religio-

157 653 337 693 nemque
366 642 591 681 violatam?
622 642 738 681 cuius
769 641 919 692 legatio
951 642 1121 680 exitium
1152 640 1230 679 fuit
1248 641 1370 680 Asiae
1401 642 1525 681 totius
1557 647 1597 680 et
1620 641 1899 694 Pamphyliae,

158 701 309 754 quibus
339 703 378 742 in
410 704 633 756 provinciis
664 702 812 741 multas
844 701 1009 748 domos,
1041 701 1238 754 plurimas
1264 702 1408 749 urbes,
1439 704 1578 742 omnia
1597 703 1693 743 fana
1714 703 1900 755 depopu—

156 763 264 803 latus
296 770 358 804 est
388 770 495 812 tum,
527 779 619 804 cum
650 766 690 804 in
724 764 794 802 Cu.
817 763 1074 802 Dolabellam
1106 777 1225 802 suum
1257 763 1391 802 scelus
1417 764 1519 803 illud
1541 766 1759 816 p1istinum
1781 776 1901 803 reno-

157 826 268 865 vavit
296 832 336 866 et
364 828 606 866 instauravit
636 826 936 879 quaestorium;
969 839 1061 864 cum
1094 838 1210 872 eum,
1242 825 1308 864 cui
1340 825 1498 877 legatus
1520 832 1560 865 et
1584 840 1658 879 pro
1681 831 1900 879 quaestore

108 887 323 936 tofuisset,
364 895 404 928 et
440 890 481 928 in
519 889 713 928 invidiam
753 888 838 927 suis
869 885 1079 926 maleficiis
1110 887 1286 926 adduxit
1315 892 1356 926 et
1385 888 1427 926 in
1458 888 1557 940 ipsis
1588 889 1783 941 periculis
1815 901 1900 927 nou

156 950 289 990 solum
332 951 534 997 deseruit,
579 949 650 989 sed
691 950 812 989 etiam
844 950 1099 1001 oppugnavit
1127 962 1173 989 ac
1214 948 1416 1002 prodidit:
1465 947 1528 989 11¹2.
1560 951 1676 990 cuius
1707 955 1901 1001 praetura

155 1012 314 1051 urbana
343 1013 507 1052 aedium
538 1024 746 1051 sacrarum
775 1011 854 1050 suit
882 1011 1229 1064 publicorumque
1261 1024 1433 1063 operum
1456 1012 1744 1064 depopulatio,
1778 1010 1900 1051 simul

155 1075 197 1112 in
228 1075 316 1113 iure
347 1074 527 1113 dicundo
557 1074 762 1112 bonorum
792 1073 1192 1126 possessionumque
1223 1078 1366 1112 contra
1397 1075 1582 1113 omnium
1612 1074 1801 1114 instituta
1830 1073 1901 1113 ad-

157 1135 280 1174 dictio
320 1140 361 1175 et
398 1135 662 1175 condonatio.
720 1135 805 1173 Iam
842 1147 941 1174 vero
980 1135 1163 1187 omnium
1201 1135 1396 1175 vitiorum
1436 1149 1606 1175 suorum
1644 1135 1823 1187 plurima
1863 1139 1904 1174 et

110 1207 143 1237 15
157 1199 335 1237 maxima
365 1198 579 1237 constituit
608 1201 882 1247 monumenta
907 1201 947 1235 et
975 1196 1129 1236 indicia
1158 1198 1200 1237 in
1230 1197 1444 1249 provincia
1475 1197 1638 1244 Sicilia,
1670 1209 1795 1249 quam
1825 1197 1902 1236 iste

155 1272 230 1313 per
258 1260 480 1299 triennium
512 1260 568 1299 ita
596 1258 761 1299 vexavit
789 1272 836 1297 ac
865 1258 1066 1311 perdidit,
1098 1264 1143 1298 ut
1173 1272 1221 1299 ea
1252 1260 1413 1299 restitui
1443 1261 1484 1299 in
1513 1259 1732 1312 antiquum
1754 1263 1904 1298 statum

155 1320 270 1362 nullo
300 1320 422 1360 modo
453 1322 606 1373 possit,
636 1321 705 1360 vix
736 1325 874 1360 autem
903 1334 979 1373 per
1007 1321 1159 1360 multos
1190 1335 1320 1361 annos
1344 1322 1670 1373 innocentesque
1692 1325 1904 1373 praetores

155 1383 295 1436 aliqua
326 1396 378 1423 ex
406 1388 524 1436 parte
554 1383 729 1423 recreari
760 1382 985 1436 aliquando
1016 1396 1139 1435 posse
1169 1383 1368 1423 videatur.
1415 1381 1478 1423 13.
1511 1384 1599 1423 Hoc
1630 1387 1821 1435 praetore
1843 1382 1905 1421 Si-

156 1446 237 1486 culi
266 1459 405 1501 neque
436 1459 531 1487 suas
563 1446 675 1499 leges
701 1459 837 1499 neque
860 1451 1001 1485 nostra
1022 1445 1384 1485 senatusconsulta
1405 1458 1541 1498 neque
1563 1445 1797 1484 communia
1816 1444 1907 1484 iura

106 1519 143 1551 20
156 1513 399 1549 tenuerunt:
432 1513 590 1548 tantum
621 1509 800 1561 quisque
830 1507 955 1547 habet
984 1508 1026 1547 in
1058 1508 1217 1554 Sicilia,
1250 1512 1451 1561 quantum
1477 1508 1656 1547 hominis
1677 1507 1905 1547 avarissimi

156 1575 197 1609 et
235 1570 563 1610 libidinosissimi
602 1575 674 1610 aut
712 1570 1033 1623 imprudentiam
1074 1570 1323 1622 subterfugit
1361 1575 1432 1609 aut
1470 1570 1649 1609 satietati
1689 1567 1904 1621 superfuit.

156 1632 204 1671 V.
233 1631 356 1671 Nulla
386 1646 451 1672 res
482 1646 556 1685 per
586 1634 808 1673 triennium
839 1633 918 1671 nisi
949 1632 1000 1671 ad
1031 1638 1177 1672 nutum
1207 1633 1324 1673 istius
1356 1632 1536 1671 iudicata
1566 1636 1652 1677 est3
1696 1630 1810 1669 nulla
1840 1643 1905 1668 res

156 1698 240 1732 tam
279 1696 411 1746 patria
451 1696 697 1748 cuiusquam
737 1700 862 1748 atque
892 1695 1001 1734 avita
1029 1694 1124 1741 fuit,
1165 1708 1271 1747 quae
1303 1707 1387 1733 non
1419 1694 1468 1732 ab
1501 1707 1548 1733 eo
1580 1693 1753 1745 imperio
1786 1691 1906 1731 istius

157 1756 474 1797 abiudicaretur.
533 1757 859 1796 Innumerabiles
891 1758 1092 1809 pecuniae
1125 1770 1177 1795 ex
1202 1761 1410 1795 aratorum
1440 1756 1559 1794 honis
1590 1768 1698 1794 novo
1730 1754 1907 1794 nefario-

108 1830 145 1860 515
159 1831 240 1872 que
261 1819 449 1858 instituto
471 1824 658 1867 coactae,
690 1820 790 1859 socii
811 1817 1038 1858 fidelissimi
1060 1819 1102 1857 in
1122 1818 1306 1857 hostium
1328 1830 1500 1856 numero
1523 1818 1766 1863 existimati,
1798 1818 1907 1856 cives

157 1881 331 1920 Romani
360 1881 552 1921 servilem
582 1882 623 1921 in
653 1882 821 1921 modum
853 1881 1023 1920 cruciati
1046 1886 1085 1919 et
1106 1880 1264 1926 necati,
1294 1880 1486 1919 homines
1509 1879 1793 1918 nocentissimi
1814 1892 1909 1931 pro-

158 1947 249 1996 pter
283 1944 482 1995 pecunias
522 1943 676 1983 iudicio
716 1943 901 1989 liberati,
939 1943 1221 1982 honestissimi
1263 1946 1387 1994 atque
1432 1941 1685 1993 integerrimi
1716 1941 1908 1980 absentes

157 2005 215 2044 rei
245 2004 363 2051 facti,
393 2005 548 2045 indicta
579 2019 703 2045 causa
734 2005 915 2045 damnati
947 2010 988 2044 et
1018 2005 1159 2050 eiecti,
1197 2009 1341 2056 portus
1381 2003 1666 2050 munitissimi,
1706 2003 1909 2042 maximae

159 2067 475 2120 tutissimaeque
496 2068 618 2107 urbes
649 2069 792 2121 piratis
823 2066 1188 2120 praedonibusque
1220 2065 1470 2118 patefactae,
1501 2070 1650 2104 nautae
1674 2064 1909 2117 militesque

108 2142 145 2174 3ο
161 2128 414 2177 Siculorum,
447 2131 547 2170 socii
576 2132 706 2170 nostri
737 2136 862 2183 atque
893 2130 1035 2176 amici,
1068 2128 1174 2168 fame
1206 2129 1363 2175 necati,
1395 2128 1548 2167 classes
1580 2129 1761 2179 optimae
1783 2131 1909 2178 atque

159 2191 534 2243 opportunissimae
573 2205 666 2231 cum
704 2205 852 2244 magna
888 2192 1114 2243 ignominia
1152 2190 1295 2242 populi
1335 2190 1509 2228 Romani
1539 2190 1714 2228 amissae
1747 2192 1787 2226 et
1816 2201 1909 2239 per-

161 2253 282 2294 ditae.
350 2250 414 2293 Ἰ4.
458 2254 571 2294 ldem
616 2255 692 2294 iste
731 2259 898 2307 praetor
937 2257 1203 2292 monumenta
1248 2252 1537 2304 antiquissima
1577 2251 1726 2303 partim
1766 2262 1908 2301 regum

159 2314 603 2368 locupletissimorum,
645 2330 751 2370 quae
790 2317 847 2356 illi
881 2320 1124 2354 ornamento
1157 2314 1326 2353 urbibus
1359 2326 1448 2352 esse
1479 2313 1722 2358 voluerunt,
1760 2312 1909 2364 partim

161 2378 283 2416 etiam
312 2382 548 2417 nostrorum
579 2379 899 2431 imperatorum,
931 2390 1037 2430 quae
1059 2378 1234 2415 victores
1267 2376 1499 2415 civitatibus
1523 2374 1671 2414 Siculis
1694 2379 1765 2414 aut
1786 2373 1910 2413 dede-

111 2444 257 2482 35runt
285 2444 357 2479 aut
386 2440 677 2488 reddiderunt,
709 2440 904 2493 spoliavit
932 2440 1187 2492 nudavitque
1218 2439 1369 2478 omnia.
1415 2439 1558 2490 Neque
1590 2437 1668 2476 hoc
1699 2436 1834 2476 solum
1865 2437 1907 2476 iu

249 2593 278 2624 1.
300 2593 401 2632 possit
416 2593 488 2632 g(‘?)
503 2592 581 2624 dtt.:
602 2596 709 2632 posset
730 2594 769 2624 Gt
790 2593 807 2623 2
822 2593 860 2623 D.
882 2610 916 2614 ——
948 2592 977 2622 3.
1005 2591 1162 2630 quidnam
1185 2590 1278 2620 habet
1301 2589 1393 2619 aliud
1415 2589 1447 2619 in
1471 2598 1503 2620 se
1523 2588 1680 2619 Diomed.
1707 2597 1741 2629 p.
1759 2587 1833 2620 463.
1860 2589 1910 2626 P.‚

161 2643 239 2682 quid
260 2643 353 2674 habet
375 2643 466 2674 aliud
489 2643 522 2673 in
545 2651 610 2674 sese
632 2642 790 2674 Diomed.
823 2641 898 2673 cod.
932 2643 1065 2672 Monac.
1093 2641 1190 2671 Saec.
1218 2639 1270 2669 IX.
1300 2656 1330 2659 —
1361 2638 1391 2670 li.
1418 2639 1579 2669 nudatum
1601 2639 1738 2677 inquam
1762 2646 1785 2668 a
1808 2646 1913 2675 quae-

160 2696 246 2723 slore
268 2696 296 2724 ec
314 2694 410 2732 prod.
438 2694 532 2723 Parr.
559 2692 718 2723 Diomed.
746 2694 780 2723 P.
809 2694 841 2723 ot
866 2691 943 2722 cod.
970 2692 1059 2722 Mon.
1090 2708 1123 2710 —
1159 2690 1190 2721 7.
1216 2688 1430 2727 depopulatus
1461 2691 1505 2719 est
1528 2688 1682 2725 G3gBC
1709 2685 1810 2717 codd.
1838 2685 1909 2717 Lbi.

162 2742 203 2773 cf.
230 2742 339 2773 Divin.
367 2742 396 2783 ἓ.
424 2744 475 2774 11.
502 2742 587 2773 infra
613 2744 643 2783 δ’.
671 2742 722 2772 12.
752 2741 800 2772 li.
829 2741 901 2772 Lib.
928 2742 952 2772 Ι.
980 2741 1010 2780 g.
1038 2739 1096 2771 48:
1124 2738 1329 2778 depeculatus
1359 2741 1402 2768 esl
1427 2739 1447 2768 S
1471 2737 1592 2775 utto,
1619 2736 1713 2777 quod
1737 2744 1914 2767 commen-

162 2791 263 2822 datur
296 2792 329 2822 h.
356 2791 377 2823 l.
413 2794 446 2823 et
474 2792 560 2823 infra
592 2792 622 2831 g.
650 2791 700 2823 44.
733 2790 902 2823 similibus
932 2788 1099 2829 exemplis
1130 2798 1161 2819 v,
1189 2798 1218 2819 c.
1246 2788 1298 2818 lv,
1334 2788 1364 2825 ξ.
1391 2788 1442 2818 37.
1469 2788 1521 2819 79.
1556 2787 1626 2817 Fin.
1652 2787 1706 2817 111.
1734 2786 1765 2825 g.
1791 2785 1843 2817 32.
1870 2785 1913 2816 ad

163 2842 313 2872 llerenn.
332 2841 386 2872 IV.
413 2842 442 2881 g.
469 2842 520 2872 37.
552 2859 582 2864 —
612 2842 642 2872 8.
668 2844 753 2877 tumvv
779 2850 853 2871 cum
877 2840 917 2870 Gt
936 2840 1071 2870 GZBCD
1087 2837 1239 2878 ngli'ss.
1267 2837 1343 2867 cod.
1372 2838 1463 2868 L'rs.:
1497 2840 1605 2867 tanzcn
1628 2844 1701 2866 cum
1725 2835 1809 2871 dtt.;
1846 2838 1915 2865 tum

163 2899 232 2921 om.
253 2891 289 2922 Ο.
319 2909 354 2912 -
379 2899 473 2922 saum
495 2893 596 2922 scelus
618 2891 698 2921 illud
721 2891 761 2922 Gt
782 2891 799 2920 ’2
814 2891 854 2920 S:
879 2889 950 2920 scel.
976 2896 1071 2918 suum
1094 2888 1173 2918 illud
1196 2888 1253 2918 ctt.
1273 2887 1308 2917 Ο.
1339 2904 1373 2908 —-
1400 2886 1429 2916 9.
1455 2887 1507 2916 cui
1532 2886 1583 2916 ille
1606 2885 1665 2926 leq.
1693 2886 1733 2915 Gt
1752 2895 1789 2923 ς,
1815 2885 1868 2915 cai
1890 2884 1911 2914 l.

165 2940 196 2978 (i.
223 2948 253 2971 e.
280 2939 344 2979 vel)
369 2940 429 2981 leq.
457 2942 522 2978 G-Z,
555 2941 607 2970 cai
635 2940 693 2970 illa
721 2940 781 2979 leq.
808 2939 873 2976 Ld,
906 2938 958 2969 cui
981 2941 1009 2968 cc
1032 2938 1092 2978 leq.
1120 2937 1220 2977 Lgffl).
1250 2954 1284 2958 —
1320 2937 1370 2966 11.
1398 2939 1494 2974 atque
1518 2936 1563 2967 62
1578 2935 1637 2966 Ld.
1668 2953 1702 2957 —
1738 2935 1789 2966 12.
1815 2936 1914 2974 depo—

160 2989 298 3029 pulatio]
322 2990 520 3028 depeculatio
544 2990 632 3021 coni.
659 2989 720 3020 Lb.
749 3005 784 3011 -
823 2989 874 3019 1¹3.
901 2988 1033 3018 dicendo
1057 2988 1156 3024 028,
1188 2985 1272 3017 (bido
1297 2986 1354 3015 Gt.
1386 3003 1419 3006 —
1450 2986 1499 3016 15.
1526 2985 1725 3015 monimenta
1748 2984 1788 3014 Gt
1809 2984 1912 3015 BCD

165 3039 254 3079 ng
277 3038 319 3070 al.
348 3057 382 3061 ——
411 3039 460 3071 16.
485 3040 618 3070 vacavit
642 3037 815 3079 (ὶ2ςλΑῑ
842 3037 1001 3076 vastavit,
1036 3037 1168 3067 cecavit
1193 3036 1251 3067 Gt.
1289 3037 1331 3066 At
1354 3034 1396 3065 cs.
1425 3034 1535 3065 Madv.
1562 3035 1585 3065 Ι.
1613 3042 1646 3074 p.
1674 3034 1746 3065 333.
1773 3033 1846 3065 338.
1876 3051 1910 3054 m

168 3088 218 3119 18.
245 3088 424 3126 aliquando
448 3097 516 3120 om.
543 3089 601 3119 (34.
629 3106 665 3111 —
702 3090 754 3119 21.
785 3087 1021 3126 impudentiam
1051 3087 1139 3117 coni.
1167 3086 1291 3117 Osann.
1318 3084 1361 3114 ad
1392 3085 1474 3124 Rep.
1502 3092 1534 3123 p.
1561 3083 1633 3114 ⁶289.
1664 3100 1698 3104 —
1735 3083 1915 3113 satietatem

167 3138 228 3176 (32,
255 3138 414 3169 satietatis
435 3139 472 3176 B,
496 3139 643 3169 satietate
665 3139 685 3169 S
700 3139 736 3169 C.
756 3156 789 3159 -«
816 3138 869 3168 23.
892 3139 1036 3176 paterna
1061 3136 1126 3173 Ld,
1150 3135 1276 3174 patrita
1300 3134 1389 3165 Man.
1417 3135 1450 3163 et
1474 3132 1578 3163 Klotz.
1608 3131 1661 3170 (ad
1681 3131 1817 3163 Tuscul.
1842 3131 1914 3163 Ad—

168 3186 226 3217 dit.
252 3195 284 3227 p.
310 3187 362 3218 25.
390 3197 430 3219 ex
454 3187 551 3219 libris
575 3188 691 3219 nescio
716 3187 843 3227 quibus
868 3186 1033 3225 Fabritii),
1060 3186 1253 3224 cuiusquam
1276 3187 1344 3215 tam
1363 3183 1478 3221 patria
1503 3191 1534 3219 ς.
1572 3180 1751 3221 vulgatam
1777 3182 1916 3211 tuentur

169 3237 327 3277 exempla
357 3237 478 3269 similia
509 3246 541 3269 v,
568 3246 598 3268 e.
625 3246 656 3277 p.
684 3236 748 3277 leg.
776 3238 864 3268 Man.
897 3236 926 3275 5.
953 3236 1004 3266 21.
1032 3244 1064 3275 p.
1092 3234 1183 3266 Cael.
1217 3234 1247 3273 g.
1274 3232 1324 3264 31.
1353 3234 1424 3263 Cat.
1451 3233 1493 3262 M.
1520 3232 1571 3262 22.
1598 3229 1741 3270 Capitol.
1768 3230 1800 3261 in
1824 3231 1911 3263 Max.

170 3288 204 3318 et
226 3286 321 3318 Balb.
341 3297 370 3319 c.
389 3289 419 3318 2.
447 3286 540 3319 Paul.
559 3287 727 3318 Sentcntt.
754 3285 811 3317 lib.
830 3287 884 3317 111.
904 3284 947 3316 dc
972 3286 1108 3315 testam.
1131 3302 1165 3305 —
1192 3284 1244 3314 27.
1269 3282 1424 3322 pecunias
1441 3282 1481 3312 Gt
1501 3279 1552 3311 2λ
1575 3279 1636 3311 al.:
1660 3279 1835 3318 pecuniam
1851 3279 1912 3310 dtt.

171 3337 207 3368 Ο.
227 3354 260 3357 n—
280 3346 301 3367 a
324 3337 442 3369 iudicio
459 3338 517 3369 (32.
538 3354 572 3358 —
593 3336 644 3368 33.
664 3339 857 3368 ornamenta
875 3336 992 3367 Franc.
1008 3334 1108 3366 Mein.
1133 3335 1175 3366 At
1192 3333 1234 3365 cs.
1252 3333 1277 3364 1.
1298 3332 1348 3371 22,
1367 3331 1419 3363 58.
1437 3348 1472 3352 -
1498 3330 1550 3362 35.
1569 3329 1829 3367 connudavitque
1843 3327 1912 3360 Pal.
