2143 3713
220 235 300 276 362
710 238 765 278 IN
793 238 1012 278 VERREM
1039 238 1199 279 ACTIO
1231 239 1470 280 SECUNDA

219 347 409 388 audieras
440 353 479 388 et
507 348 616 388 hono
647 354 826 389 auctore.
876 349 956 397 Qui
987 349 1029 388 id
1059 354 1195 402 potes,
1233 350 1304 404 qui
1334 365 1386 391 ne
1417 365 1469 390 ex
1498 351 1585 391 viro
1616 351 1785 405 quidem
1815 353 1954 393 audire

218 410 430 463 potueris?
488 411 647 451 Audisti
677 412 799 463 igitur
828 426 879 451 ex
910 411 1100 457 muliere,
1132 413 1323 464 quoniam
1353 414 1393 452 id
1424 414 1499 453 viri
1530 427 1606 452 nec
1636 413 1787 454 vidisse
1818 429 1955 469 neque

218 485 339 512 nosse
377 477 579 525 poterant.
646 472 821 521 Qualem
863 487 984 527 porro
1023 473 1133 512 illam
1173 472 1366 514 feminam
1407 474 1531 514 fuisse
1571 476 1743 528 putatis,
1788 476 1956 525 iudices,

218 546 340 586 quam
381 534 590 587 pudicam,
633 548 738 588 quae
778 549 867 575 cum
907 536 1033 574 Verre
1078 534 1343 587 loqueretur?
1393 550 1515 589 quam
1554 537 1808 589 religiosam,
1851 552 1956 592 quae

184 596 379 636 asacrarii
409 596 612 649 spoliandi
642 597 837 636 rationem
870 596 1134 637 ostenderet?
1191 598 1253 635 An
1284 597 1449 637 minime
1488 598 1653 645 mirum,
1699 612 1803 652 quae
1844 614 1959 640 sacra

215 671 290 710 per
319 671 518 698 summam
550 659 831 698 castimoniam
861 660 1041 698 virorum
1080 672 1126 697 ae
1157 658 1373 699 mulierum
1402 660 1523 706 fiant,
1563 660 1704 700 eadem
1736 675 1812 713 per
1841 662 1957 702 istius

215 724 403 773 stuprum
424 733 470 760 ae
490 718 689 773 flagitium
710 734 801 759 esse
822 720 996 760 violata?
1042 721 1184 760 XLVI.
1207 720 1315 768 Quid
1337 725 1464 774 ergo?
1494 723 1571 762 hoc
1593 723 1726 762 solum
1748 723 1958 764 auditione

215 787 410 835 expetere
448 783 606 835 coepit,
649 796 740 822 cum
773 782 811 822 id
842 783 931 834 ipse
962 796 1043 822 non
1073 782 1272 822 vidisset?
1330 783 1457 823 Immo
1488 798 1584 825 vero
1616 785 1695 825 alia
1725 785 1957 838 complura:

215 855 268 882 ex
307 844 456 897 quibus
499 844 646 896 eligam
686 844 974 897 spoliationem
1009 844 1250 884 nobilissimi
1290 850 1412 898 atque
1448 847 1724 900 antiquissimi
1758 846 1862 894 fani,
1908 848 1958 887 de

166 914 297 959 ioqua
334 907 469 959 priore
514 907 675 946 actione
720 911 845 946 testes
890 906 1024 946 dicere
1069 906 1254 946 audistis.
1319 908 1435 947 Nunc
1468 909 1609 948 eadem
1650 909 1742 956 illa,
1788 922 1957 962 quaeso,

214 967 351 1007 audite
381 972 422 1007 et
451 968 679 1020 diligenter,
710 969 815 1008 sicut
834 968 967 1008 adhuc
987 968 1159 1016 fecistis,
1189 968 1397 1008 attendite.
1445 966 1536 1009 1103.
1566 970 1704 1010 Insula
1725 976 1786 1010 est
1806 971 1957 1018 Melita,

213 1028 383 1076 iudices,
415 1030 511 1070 satis
542 1030 624 1069 lato
655 1044 678 1070 a
700 1031 841 1070 Sicilia
860 1031 961 1070 mari
987 1031 1302 1084 periculosoque
1331 1030 1531 1071 diiuncta:
1563 1032 1605 1071 in
1627 1047 1707 1086 qua
1730 1038 1791 1072 est
1811 1033 1958 1073 eodem

214 1090 382 1130 nomine
413 1092 624 1145 oppidum,
655 1106 737 1146 quo
768 1092 844 1132 iste
874 1106 1098 1146 numquam
1129 1093 1314 1140 accessit,
1346 1093 1456 1146 quod
1488 1100 1622 1134 tamen
1645 1096 1711 1135 isti
1731 1096 1956 1136 textrinum

212 1165 288 1206 per
316 1154 537 1194 triennium
567 1155 619 1195 ad
650 1154 892 1195 muliebrem
930 1160 1087 1195 vestem
1130 1155 1429 1195 conficiendam
1466 1156 1554 1196 fuit.
1612 1157 1674 1195 Ab
1714 1170 1762 1197 eo
1802 1157 1956 1210 oppido

162 1223 296 1256 ⁴5non
326 1215 447 1269 longe
478 1217 520 1256 in
550 1218 832 1271 promontorio
863 1217 1002 1257 fanum
1034 1223 1096 1257 est
1126 1218 1293 1258 Iunonis
1324 1218 1552 1271 antiquum,
1586 1218 1698 1272 quod
1729 1224 1842 1259 tanta
1862 1220 1958 1260 reli-

212 1279 332 1330 gione
363 1292 526 1333 semper
554 1279 649 1327 fuit,
688 1285 734 1319 ut
770 1293 853 1319 non
895 1279 1018 1320 modo
1057 1280 1138 1319 illis
1173 1280 1337 1320 Punicis
1375 1281 1518 1328 bellis,
1564 1294 1668 1334 quae
1707 1282 1749 1321 in
1778 1281 1841 1321 his
1871 1282 1957 1322 fere

211 1340 312 1382 locis
344 1341 478 1382 navali
510 1342 628 1396 eopia
657 1347 773 1394 gesta
814 1348 937 1396 atque
974 1348 1134 1382 versata
1173 1347 1289 1389 sunt,
1332 1344 1404 1383 sed
1444 1344 1562 1383 etiam
1592 1344 1670 1383 hae
1700 1343 1957 1396 praedonum

212 1403 477 1445 multitudine
527 1418 691 1456 semper
740 1404 981 1445 inviolatum
1031 1410 1302 1458 sanctumque
1348 1405 1484 1445 suerit.
1558 1406 1669 1453 Quin
1715 1406 1836 1445 etiam
1880 1405 1958 1446 hoe

212 1467 434 1507 memoriae
464 1467 675 1520 proditum
706 1472 779 1514 est,
811 1467 942 1507 classe
974 1467 1184 1520 quondam
1205 1467 1447 1507 Masinissae
1478 1468 1584 1519 regis
1615 1468 1666 1506 ad
1699 1482 1791 1508 eum
1821 1468 1957 1508 locum

162 1536 197 1566 20
212 1529 387 1584 appulsa
426 1529 681 1583 praefectum
720 1529 879 1581 regium
920 1530 1064 1569 dentes
1104 1531 1307 1569 eburneos
1347 1530 1579 1569 incredibili
1620 1531 1904 1583 magnitudine
1935 1545 1957 1570 e

209 1592 306 1632 fano
340 1591 558 1631 sustulisse
591 1596 631 1630 et
651 1604 723 1630 eos
745 1592 786 1630 in
808 1591 985 1631 Africam
1007 1597 1194 1645 portasse
1215 1591 1544 1644 Masinissaeque
1568 1591 1759 1632 donasse.
1805 1594 1956 1646 Regem

209 1655 342 1709 primo
375 1654 623 1693 delectatum
654 1667 744 1693 esse
776 1666 968 1692 munere:
1010 1660 1115 1707 post,
1146 1654 1216 1693 ubi
1247 1653 1451 1701 audisset,
1490 1654 1600 1692 unde
1632 1660 1790 1701 essent,
1822 1657 1957 1696 statim

210 1721 341 1757 certos
360 1715 549 1756 homines
571 1716 612 1756 in
634 1716 920 1769 quinqueremi
944 1717 1117 1763 misisse,
1150 1716 1221 1769 qui
1243 1729 1313 1755 eos
1335 1716 1480 1755 dentes
1501 1722 1760 1770 reponerent.
1810 1718 1956 1771 ltaque

210 1780 251 1818 in
286 1779 336 1818 iis
364 1778 559 1831 scriptum
591 1777 738 1817 litteris
774 1778 939 1817 Punicis
965 1778 1062 1817 fuit:
1093 1779 1243 1817 REGEM
1273 1778 1529 1817 MasimssAM
1561 1791 1857 1819 lMPRVDENTEM
1887 1793 1958 1820 Ac-

159 1848 195 1878 25
211 1854 391 1882 CEPISSE:
437 1854 488 1881 RE
528 1853 703 1880 COGNITA
744 1853 1035 1880 REPon‘rANDos
1073 1854 1261 1880 cvnassE.
1326 1841 1423 1880 Erat
1461 1845 1674 1893 praeterea
1710 1855 1857 1894 magna
1896 1843 1957 1882 vis

210 1904 366 1951 eboris,
397 1903 523 1943 multa
553 1907 812 1950 ornamenta,
850 1903 891 1942 in
932 1904 1084 1957 quibus
1125 1904 1329 1943 eburneae
1360 1903 1585 1950 Victoriae,
1629 1903 1800 1956 antiquo
1832 1916 1957 1957 opere

209 1980 255 2008 ac
285 1979 444 2006 summa
474 1970 559 2005 arte
590 1965 810 2020 perfectae.
870 1962 962 2005 404.
992 1966 1106 2006 Haec
1136 1966 1210 2005 iste
1243 1966 1401 2012 omnia,
1433 1979 1485 2005 ne
1516 1965 1655 2005 multis
1687 1979 1843 2014 morer,
1874 1981 1956 2007 uno

207 2030 363 2083 impetu
393 2033 517 2082 atque
546 2041 630 2068 uno
656 2029 798 2068 nuntio
820 2040 893 2082 per
913 2042 1052 2069 servos
1074 2029 1290 2075 Venerios,
1322 2042 1424 2081 quos
1447 2028 1535 2067 eius
1556 2028 1616 2066 rei
1638 2041 1758 2069 eausa
1779 2030 1957 2078 miserat,

209 2091 391 2131 tollenda
420 2095 544 2144 atque
575 2090 822 2144 asportanda
852 2091 1022 2131 curavit.
1066 2090 1229 2130 XLVII.
1258 2090 1335 2129 Pro
1368 2090 1407 2129 di
1428 2089 1702 2130 immortales!
1736 2104 1859 2144 quem
1881 2104 1956 2144 ego

160 2152 418 2193 sohominem
457 2155 639 2193 accuso?
685 2167 809 2206 quem
847 2153 1007 2206 legibus
1047 2158 1120 2193 aut
1149 2152 1333 2192 iudiciali
1372 2152 1460 2191 iure
1491 2155 1746 2205 persequor?
1791 2154 1841 2193 de
1873 2167 1956 2207 quo

296 2302 326 2332 4.
347 2303 452 2340 potest
475 2299 559 2331 dett.
587 2318 622 2323 -—
647 2300 679 2331 ⁶2.
704 2308 762 2331 nec
783 2301 849 2331 vict.
876 2301 901 2332 R
926 2301 972 2331 02
998 2299 1075 2331 Ld.:
1111 2309 1151 2330 ac
1173 2300 1240 2330 vid.
1268 2301 1331 2337 (343
1357 2308 1458 2339 neque
1479 2300 1544 2330 vid.
1572 2299 1654 2331 dett.
1682 2300 1718 2331 O.
1748 2316 1783 2322 -
1810 2300 1840 2331 3.
1865 2300 1957 2332 illam

210 2359 278 2383 om.
304 2349 324 2382 λ
349 2350 407 2382 (33.
429 2368 463 2373 -
484 2351 626 2390 putastis
651 2350 697 2382 113
723 2351 757 2381 et
780 2350 887 2389 Lg29,
914 2351 971 2390 qui
996 2349 1102 2381 habet
1120 2351 1262 2389 putastis
1283 2350 1391 2390 fuisse.
1414 2368 1448 2372 -
1471 2351 1501 2381 5.
1527 2350 1613 2380 sacri
1636 2349 1742 2390 Lg⁶293
1769 2350 1957 2381 sacrarium

210 2399 282 2432 rell.
301 2401 402 2440 Lagg.
425 2418 459 2422 —
477 2403 543 2431 rat.
569 2403 627 2431 ost.
647 2399 749 2431 codd.
770 2401 856 2430 noti:
884 2403 941 2431 osc.
967 2404 1032 2431 rat«.
1059 2400 1096 2430 O.
1118 2416 1153 2422 —
1174 2409 1219 2430 an
1243 2400 1288 2430 R3
1315 2399 1437 2440 (Madv.
1457 2408 1491 2440 p.
1510 2399 1594 2438 76.):
1621 2408 1660 2430 ac
1677 2399 1786 2439 Lg293
1812 2402 1846 2430 at
1870 2399 1954 2431 dett.

210 2451 246 2481 Ο.
272 2451 340 2489 [est
363 2450 488 2482 deinde
514 2451 546 2482 in
570 2450 659 2490 ng
683 2449 756 2481 solo
782 2459 822 2481 ex
847 2450 954 2481 notis:
979 2449 1112 2480 minime
1134 2453 1178 2481 est
1199 2450 1332 2488 mirum,
1358 2451 1465 2487 recte,
1491 2450 1528 2479 ut
1551 2448 1714 2488 videtur]
1741 2466 1775 2471 -
1802 2449 1832 2480 6.
1857 2450 1958 2490 virgi-

208 2509 287 2531 num
309 2509 349 2531 ac
371 2500 450 2531 mul.
476 2500 519 2531 de
545 2500 726 2531 Hotomani
751 2500 839 2531 coni.
866 2502 903 2530 O.
927 2517 959 2521 —
977 2499 1070 2540 fiant]
1096 2503 1190 2531 erant
1214 2501 1315 2539 Lagg.
1337 2517 1370 2520 -<
1390 2500 1421 2530 8.
1441 2499 1613 2538 complura
1628 2498 1748 2530 codd:
1775 2500 1958 2539 compluria

210 2549 316 2581 Prisc.
342 2550 366 2580 1.
392 2557 426 2590 p.
452 2548 525 2581 342.
557 2549 730 2590 (conplura
755 2549 801 2589 R.)
836 2568 870 2571 —
904 2550 934 2580 9.
960 2558 1061 2580 unam
1084 2549 1203 2589 elifflzm
1231 2549 1308 2580 eod.
1336 2549 1407 2581 Urs.
1435 2551 1468 2579 et
1493 2548 1593 2587 14429.
1624 2564 1658 2570 -
1687 2549 1738 2579 40.
1772 2552 1862 2581 testes
1884 2558 1954 2581 om.

211 2600 310 2639 Lg29.
332 2618 366 2622 -
394 2600 446 2631 42.
471 2600 512 2631 ab
535 2600 601 2631 Sic.
620 2600 703 2631 dett.
730 2600 772 2631 es.
800 2600 842 2631 ad
868 2600 941 2631 niv.
969 2600 998 2639 5.
1018 2600 1070 2631 ⁶28.
1093 2617 1126 2621 —
1154 2600 1299 2630 diiuncta
1323 2600 1346 2630 R
1372 2607 1491 2639 1n.p.:
1517 2599 1677 2629 disiuncla
1701 2599 1726 2629 O
1750 2601 1785 2629 et
1808 2599 1832 2629 R
1856 2607 1903 2629 m.
1923 2599 1955 2630 2.

211 2659 300 2681 corr.
321 2667 355 2672 —
385 2649 436 2682 44.
460 2650 588 2690 vestem]
607 2653 750 2681 uestrum
767 2651 790 2681 R
809 2659 841 2691 p.
858 2658 904 2681 m.
926 2667 962 2672 —
994 2650 1044 2681 45.
1068 2650 1298 2689 promunturio
1322 2650 1366 2686 R3
1388 2650 1616 2687 promuntorio
1641 2648 1730 2688 ng
1747 2650 1781 2679 et
1797 2649 1815 2680 5
1832 2647 1897 2680 alii.
1920 2666 1954 2671 —

210 2701 261 2731 ⁴7.
287 2699 392 2740 copia]
414 2700 538 2740 proelio
562 2700 646 2731 dett.
673 2701 785 2731 Garat.
814 2701 850 2730 Π.
878 2699 966 2731 conf.
993 2700 1071 2730 Tac.
1098 2701 1183 2730 Ann.
1210 2699 1263 2730 lV.
1289 2699 1342 2729 56.
1367 2699 1467 2729 missa
1490 2699 1603 2729 navali
1626 2699 1722 2738 copia
1745 2699 1779 2729 et
1795 2699 1886 2729 Cort.
1913 2698 1957 2729 ad

209 2748 287 2780 Sall.
314 2747 410 2781 Catil.
437 2748 495 2781 56.
518 2767 553 2773 —
578 2750 639 2780 hac
662 2751 686 2781 R
711 2750 789 2781 Ld.:
824 2758 892 2781 om.
920 2750 960 2780 Gt
982 2750 1019 2786 23
1056 2750 1088 2780 in
1111 2750 1172 2780 hae
1199 2748 1282 2780 dett.
1322 2749 1365 2779 At
1388 2748 1429 2779 es.
1457 2747 1603 2779 Ellendt.
1629 2748 1672 2779 ad
1699 2749 1769 2780 Cic.
1797 2747 1839 2780 de
1864 2749 1955 2779 Orat.

211 2797 284 2830 Vol.
311 2799 350 2830 11.
377 2807 409 2839 p.
430 2799 503 2830 ⁴62.
526 2816 562 2822 —
583 2800 634 2831 48.
660 2809 784 2839 semper
805 2800 903 2839 fuerit
927 2799 991 2830 inv.
1018 2803 1120 2830 sanct.
1147 2798 1204 2830 G3.
1228 2816 1261 2820 —-
1283 2798 1333 2829 49.
1360 2799 1577 2829 Massamssae
1602 2799 1674 2838 (ter)
1700 2798 1735 2829 L.
1762 2797 1803 2828 os.
1830 2797 1954 2828 Osann.

211 2849 255 2880 ad
279 2850 361 2889 Rep.
387 2848 442 2879 VI.
468 2857 502 2889 p.
531 2849 623 2886 360.;
661 2850 870 2881 Massinissae
893 2850 934 2880 Gl
964 2850 1063 2888 Lgess.
1100 2867 1135 2871 —
1169 2849 1221 2880 20.
1249 2847 1387 2887 adpulsa
1416 2849 1452 2879 R.
1482 2866 1515 2868 m
1549 2847 1602 2878 Ἥ.
1628 2848 1662 2878 in
1685 2855 1754 2879 om.
1789 2847 1889 2885 Lagg.
1919 2863 1953 2868 -

208 2907 318 2939 regem
342 2898 470 2938 quidem
493 2898 577 2930 dett.
605 2899 640 2930 O.
663 2917 697 2922 -
717 2899 768 2930 ⁶23.
795 2899 892 2930 certis
914 2899 1057 2930 homines
1080 2899 1125 2929 im
1150 2907 1179 2937 q.
1198 2899 1235 2929 R.
1257 2915 1291 2919 m
1311 2901 1501 2936 reponerent
1518 2897 1563 2928 R3
1580 2895 1600 2927 λ
1618 2897 1724 2935 Lgeo:
1749 2899 1957 2935 reportarent

210 2948 293 2980 dett.
320 2949 356 2980 O.
385 2965 420 2969 —
446 2947 499 2979 ⁶24.
531 2949 571 2979 iis
594 2949 637 2979 R:
674 2949 722 2980 his
745 2950 781 2980 O.
810 2967 844 2971 —-
870 2949 1028 2988 scriptum
1055 2950 1078 2979 R
1104 2949 1144 2979 Gl
1167 2948 1186 2979 ‘2
1212 2946 1316 2987 Lg48:
1352 2948 1544 2986 inscriptum
1578 2946 1637 2978 Ld.
1664 2946 1747 2977 dett.
1775 2946 1812 2976 O.
1842 2964 1875 2967 —
1902 2946 1955 2976 in-

204 2998 398 3038 prudentem
420 2998 457 3029 R.
487 3016 521 3020 —
555 2999 607 3029 25.
633 2999 847 3038 reportandos
871 2999 916 3029 G3
940 2997 979 3029 λε
1014 2998 1313 3038 reportamlosquae
1335 2998 1377 3033 R,
1416 3006 1505 3028 corr.
1530 2997 1564 3027 in
1587 2995 1836 3035 reportandosq;
1862 2995 1951 3034 (sie);

208 3048 407 3087 reponendos
426 3048 700 3087 restituendosque
721 3048 804 3079 dett.
829 3050 866 3079 O.
892 3048 1048 3087 [Videtur
1071 3047 1296 3079 scribendum
1322 3054 1418 3077 esse:
1444 3047 1657 3086 reportandos
1678 3046 1952 3084 reponendosque.

211 3098 298 3128 Cum
322 3096 414 3127 enim
439 3096 472 3127 in
497 3097 520 3127 R
545 3097 589 3128 sit
611 3098 923 3137 reportandosquae,
949 3097 1169 3129 verisimilius
1194 3099 1246 3129 est
1269 3096 1395 3128 librarii
1420 3096 1538 3128 oculos
1562 3096 1606 3127 ab
1631 3094 1738 3127 altero
1763 3096 1953 3135 gerundivo

211 3145 254 3176 ad
277 3145 425 3177 alterum
448 3145 650 3186 aberrasse,
688 3156 792 3188 quam
824 3156 906 3186 quae
930 3156 957 3178 s,
985 3156 1046 3186 que
1075 3145 1279 3187 negligentia
1309 3148 1367 3177 aut
1396 3144 1657 3186 interpolatione
1681 3144 1836 3176 additum
1860 3153 1949 3177 esse.

210 3195 340 3227 Eadem
364 3197 494 3228 ratione
518 3197 675 3237 peccavit
698 3196 856 3228 librarius
881 3198 957 3229 eod.
986 3197 1008 3227 R
1034 3196 1086 3227 IV.
1114 3196 1144 3236 5.
1170 3196 1222 3227 ⁶23.
1250 3197 1283 3227 et
1307 3195 1380 3227 440.
1423 3195 1541 3235 ΗΑωι.]
1568 3212 1603 3217 -
1629 3195 1681 3226 98.
1708 3195 1828 3233 impetu
1855 3198 1952 3233 atque

209 3253 273 3275 uno
297 3253 366 3276 om.
393 3246 495 3285 Lagg.
524 3263 558 3268 —
586 3245 637 3277 29.
664 3246 695 3276 di
719 3247 764 3277 R:
792 3246 836 3276 dii
861 3246 897 3276 O.
927 3263 959 3268 —
988 3246 1039 3277 30.
1066 3246 1133 3285 lege
1156 3246 1255 3285 LgeO.
1285 3263 1320 3267 —
1346 3248 1403 3275 aut
1427 3245 1484 3281 R3,
1511 3243 1546 3275 λ;
1572 3253 1612 3274 ac
1635 3243 1718 3275 dett.
1745 3244 1781 3274 O.
1803 3261 1833 3265 —
1863 3244 1951 3274 iudi-

211 3294 287 3325 ciali
311 3294 411 3326 codd.
439 3294 512 3335 (sed
534 3296 559 3327 R
583 3295 649 3326 sie:
677 3295 847 3326 iudicialia
869 3295 971 3336 iure):
998 3295 1119 3336 leqibus
1141 3303 1181 3326 ac
1203 3296 1275 3326 iure
1297 3294 1340 3325 de
1366 3295 1453 3325 coni.
1478 3295 1556 3325 Ern.
1583 3293 1827 3325 Probabiliter!
1854 3293 1950 3325 Idem

212 3351 334 3393 postea
357 3350 516 3394 probavit
538 3350 650 3383 Madv.
677 3352 737 3394 Op.
763 3352 788 3382 Ι.
814 3337 848 3394 ᾖ.
874 3350 962 3391 344.,
989 3359 1069 3382 eum
1092 3351 1192 3383 antea
1216 3351 1250 3382 in
1273 3350 1333 3392 Ep.
1360 3358 1393 3391 p.
1412 3349 1464 3382 47.
1489 3349 1609 3391 legibus
1631 3358 1671 3381 ac
1693 3349 1812 3382 iudicio
1834 3349 1949 3391 suspi-
