2175 3718
462 200 550 239 Lm.
581 198 631 238 11.
674 197 772 236 cip.
802 196 1154 238 XLV—nvn.
1192 196 1266 250 ὃς.
1298 195 1544 240 409-445.
1800 194 1872 237 24⁴

134 314 215 350 tem
246 310 330 357 rei,
363 314 448 349 tum
480 310 603 350 etiam
634 313 804 361 propter
830 307 1016 349 hominis
1047 309 1291 361 dignitatem
1322 310 1517 349 acerbum
1543 311 1735 350 omnibus
1757 314 1882 363 atque

131 371 441 411 intolerandum
472 372 694 411 videretur.
753 371 896 410 XLVl.
930 368 1023 410 [112.
1054 372 1180 411 Estne
1212 371 1411 412 Sthenius
1443 372 1499 419 is,
1532 373 1603 425 qui
1635 386 1778 413 omnes
1809 372 1884 411 ho-

132 447 254 473 nores
286 434 396 473 domi
428 446 528 473 suae
559 432 754 472 facillime
786 446 881 472 cum
911 433 1089 486 adeptus
1111 438 1241 481 esset,
1272 435 1529 486 amplissime
1551 448 1598 474 ac
1620 432 1886 487 magnificen-

131 496 289 536 tissime
320 496 476 549 gessit‘?
518 494 590 548 qui
632 494 835 547 oppidum
874 509 958 535 non
1001 495 1225 535 maximum
1268 497 1460 536 maximis
1501 510 1553 536 ex
1594 497 1773 549 pecunia
1811 508 1887 535 sua

131 557 233 598 locis
273 557 561 598 communibus
600 558 970 611 monumentisque
1007 558 1250 598 decoravit?
1288 559 1406 599 cuius
1447 559 1497 599 de
1537 558 1696 598 meritis
1727 558 1769 596 in
1799 570 1917 598 rem5

131 620 337 672 publicam
383 619 745 659 Thermitanorum
793 620 1043 673 Siculosque
1085 620 1304 661 universos
1346 621 1425 661 suit
1464 635 1593 662 aenea
1634 620 1775 660 tabula
1806 618 1887 658 lixa

131 682 320 722 Thermis
360 682 403 721 in
439 681 572 728 curia,
614 681 657 720 in
689 695 771 734 qua
812 682 979 734 publice
1011 687 1098 722 erat
1130 683 1180 721 de
1210 683 1336 724 huius
1367 684 1584 724 beneficiis
1615 683 1815 735 scriptum
1849 687 1889 721 et

130 745 342 785 incisum?
385 757 493 797 quae
524 743 664 783 tabula
696 749 782 783 tum
814 745 989 797 imperio
1028 750 1099 784 tuo
1129 745 1317 794 revulsa,
1356 760 1468 786 nunc
1499 760 1522 786 a
1553 760 1618 786 me
1649 751 1788 785 tamen
1819 745 1889 784 de-

131 811 294 859 portata
325 811 408 853 est,
440 811 485 845 ut
515 819 660 845 omnes
689 805 816 846 huius
846 806 1028 846 honores
1059 807 1166 846 inter
1194 822 1292 848 suos
1315 814 1356 848 et
1376 809 1696 862 amplitudinem
1718 812 1891 861 possent

131 881 394 921 cognoscere.
456 865 549 907 4⁴13.
579 869 706 907 Estne
736 868 826 916 hic,
860 869 953 922 qui,
984 870 1095 921 apud
1128 870 1200 909 Cn.
1231 870 1500 924 Pompeium,
1532 870 1810 911 clarissimum
1831 869 1940 909 vi-lo

130 944 241 978 rum,
274 944 365 970 cum
397 934 616 970 accusatus
649 936 778 978 esset,
816 931 930 984 quod
960 936 1132 984 propter
1164 933 1206 971 C.
1239 933 1358 972 Marii
1388 933 1715 973 familiaritatem
1747 938 1787 973 et
1815 933 1891 973 ho-

129 993 299 1046 spitium
338 998 482 1033 contra
520 1006 607 1033 rem
648 993 858 1045 publicam
899 993 1080 1033 sensisse
1113 1007 1208 1033 eum
1239 994 1398 1034 inimici
1431 1000 1473 1035 et
1501 1001 1768 1036 accusatores
1800 996 1890 1036 eius

129 1054 332 1103 dicerent,
374 1069 553 1109 cumque
594 1055 725 1107 magis
756 1055 967 1095 invidioso
1001 1056 1173 1096 crimine
1205 1070 1329 1110 quam
1360 1071 1459 1097 vero
1491 1063 1794 1107 arcesseretur,
1835 1059 1893 1098 ita

128 1130 152 1157 a
183 1117 256 1157 Cn.
287 1118 487 1170 Pompeio
518 1117 735 1157 absolutus
768 1122 851 1165 est,
884 1123 928 1157 ut
959 1117 1001 1157 in
1034 1131 1083 1157 eo
1114 1119 1206 1172 ipso
1237 1119 1395 1159 iudicio
1417 1121 1644 1174 Pompeius
1674 1122 1787 1161 hunc
1815 1121 1892 1162 ho-

129 1181 253 1233 spitio
297 1193 372 1220 suo
419 1180 711 1233 dignissimum
750 1182 984 1220 statueret?
1028 1180 1087 1220 ita
1125 1194 1251 1233 porro
1291 1181 1484 1222 laudatus
1527 1183 1809 1238 defensusque
1840 1185 1891 1224 ab
1906 1192 1942 1222 45

130 1244 322 1283 omnibus
364 1242 534 1290 Siculis,
572 1247 619 1281 ut
655 1242 764 1281 idem
806 1242 1030 1295 Pompeius
1062 1256 1147 1282 non
1178 1244 1229 1283 ab
1259 1243 1431 1284 homine
1462 1245 1622 1294 solum,
1661 1246 1734 1287 sed
1766 1246 1892 1287 etiam

129 1318 152 1345 a
172 1305 387 1359 provincia
408 1310 495 1345 tota
516 1318 559 1344 se
582 1304 711 1344 huius
733 1304 999 1345 absolutione
1020 1305 1126 1346 inire
1148 1306 1322 1358 gratiam
1339 1307 1638 1349 arbitraretur?
1660 1310 1891 1357 Postremo,

129 1373 245 1409 estne
275 1368 365 1416 hic,
397 1367 469 1421 qui
501 1371 541 1407 et
571 1367 755 1406 animum
786 1368 829 1406 in
859 1381 945 1407 rem
976 1368 1188 1420 publicam
1217 1368 1365 1408 habuit
1396 1370 1485 1410 eius
1513 1371 1627 1411 modi
1659 1375 1701 1411 et
1730 1376 1891 1412 tantum

129 1431 376 1472 auctoritate
407 1430 518 1483 apud
550 1443 649 1470 suos
681 1430 791 1471 cives
822 1430 981 1483 potuit,
1013 1435 1059 1470 ut
1087 1429 1305 1483 perficeret
1334 1432 1377 1470 in
1400 1432 1544 1473 Sicilia
1574 1433 1690 1474 solus
1712 1439 1752 1475 te
1773 1447 1894 1488 prae-

128 1498 238 1542 tore,
271 1493 383 1547 quod
414 1506 500 1533 non
530 1493 656 1532 modo
689 1492 854 1532 Siculus
885 1506 1032 1541 nemo,
1064 1494 1138 1533 sed
1165 1507 1218 1534 ne
1240 1490 1386 1534 Sicilia
1410 1494 1582 1548 quidem
1612 1500 1701 1537 tota
1730 1497 1942 1551 potuis-20

128 1561 210 1604 set,
239 1560 287 1596 ut
317 1569 369 1596 ex
399 1555 556 1608 oppido
588 1555 777 1594 Thermis
808 1555 971 1595 nullum
1002 1556 1189 1609 signum,
1229 1556 1392 1605 nullum
1433 1564 1748 1608 ornamentum,
1787 1559 1893 1599 nihil

130 1631 181 1658 ex
212 1631 352 1667 sacro,
390 1617 495 1657 nihil
533 1617 583 1656 de
625 1617 796 1670 publico
828 1618 1078 1671 attingeres,
1118 1633 1213 1659 cum
1242 1620 1489 1672 praesertim
1521 1626 1562 1661 et
1592 1627 1733 1662 essent
1762 1621 1892 1661 multa

129 1681 343 1733 praeclara
373 1685 414 1720 et
443 1685 489 1719 tu
520 1680 660 1719 omnia
691 1680 991 1733 concupisses‘?
1037 1678 1130 1721 [114.
1161 1682 1357 1736 Denique
1378 1695 1489 1723 nunc
1510 1684 1627 1732 vide,
1661 1684 1763 1738 quid
1784 1684 1893 1723 inter

130 1747 192 1790 te,
224 1743 343 1783 cuius
373 1742 543 1782 nomine
574 1742 686 1795 apud
709 1742 873 1783 Siculos
900 1742 988 1782 dies
1009 1743 1104 1783 festi
1126 1744 1338 1797 agitantur
1358 1748 1399 1784 et
1419 1746 1634 1798 praeclara
1655 1747 1727 1787 illa
1747 1746 1893 1787 Verria

131 1805 414 1852 celebrantur,
454 1805 573 1844 cuius
605 1809 766 1844 statuae
796 1806 951 1844 Romae
984 1809 1093 1845 stant
1122 1806 1361 1854 inauratae,
1408 1820 1432 1847 a
1463 1809 1676 1849 communi
1708 1809 1891 1858 Siciliae,
1905 1818 1942 1848 25

132 1866 330 1919 quemad
348 1866 516 1906 modum
546 1865 791 1918 inscriptum
822 1866 1024 1914 videmus,
1056 1868 1189 1915 datae,
1220 1868 1329 1916 vide,
1359 1869 1546 1922 inquam,
1578 1871 1682 1924 quid
1711 1872 1822 1912 inter
1850 1877 1890 1913 te

133 1933 174 1969 et
201 1929 315 1969 hunc
347 1928 558 1976 Siculum,
590 1928 663 1981 qui
694 1929 766 1968 abs
798 1934 837 1968 te
869 1933 949 1976 est,
980 1934 1157 1981 patrono
1182 1930 1374 1979 Siciliae,
1406 1932 1730 1982 condemnatus,
1762 1934 1891 1975 inter-

132 1992 198 2031 sit.
242 1991 363 2031 Hunc
395 1991 582 2031 civitates
614 2004 665 2031 ex
697 1991 839 2030 Sicilia
882 1991 1111 2044 permultae
1142 1992 1382 2033 testimonio
1414 2008 1490 2034 suo
1521 1995 1890 2051 legationibusque

132 2053 184 2092 ad
215 2066 305 2093 eam
335 2066 421 2092 rem
453 2053 590 2092 missis
620 2053 788 2106 publice
818 2053 1018 2093 laudant:
1059 2059 1119 2102 te,
1166 2056 1352 2095 omnium
1385 2057 1622 2097 Siculorum
1652 2066 1889 2113 patronum,

132 2129 215 2156 una
245 2115 491 2156 Mamertina
530 2115 699 2163 civitas,
740 2115 853 2155 socia
892 2115 1098 2155 furtorum
1132 2130 1179 2156 ac
1211 2118 1464 2171 flagitiorum
1494 2123 1681 2170 tuorum,
1722 2123 1888 2175 publice
1902 2130 1940 2160 3ο

129 2178 296 2226 laudat,
327 2178 385 2218 ita
414 2183 553 2217 tamen
583 2191 691 2217 novo
722 2191 860 2226 more,
891 2183 938 2217 ut
967 2178 1092 2231 legati
1129 2179 1317 2228 laedant,
1348 2181 1501 2234 legatio
1531 2182 1695 2224 laudet:
1728 2190 1888 2226 ceterae

130 2240 300 2293 quidem
332 2240 519 2280 civitates
540 2240 707 2293 publice
730 2241 900 2287 litteris,
932 2240 1233 2293 legationibus,
1264 2243 1515 2284 testimoniis
1536 2252 1757 2295 accusant,
1789 2261 1891 2301 que-

128 2306 299 2350 runtur,
330 2308 535 2354 arguunt:
575 2303 610 2342 si
641 2307 687 2342 tu
717 2303 932 2343 absolutus
965 2303 1042 2351 sis,
1072 2303 1263 2344 funditus
1295 2318 1459 2346 eversas
1490 2320 1535 2347 se
1566 2320 1657 2348 esse
1687 2309 1890 2351 arbitran-

128 2369 208 2406 tur.
266 2365 430 2404 XLVII.
463 2361 555 2404 -ll5,
601 2365 689 2405 Hoc
733 2366 784 2405 de
827 2366 996 2406 homine
1037 2379 1084 2406 ac
1125 2366 1176 2407 de
1217 2367 1341 2408 huius
1370 2369 1494 2409 bonis
1526 2369 1651 2410 etiam
1682 2372 1725 2412 in
1754 2374 1889 2428 Eryco

126 2432 268 2469 monte
299 2432 614 2467 monumentum
645 2432 813 2467 tuorum
844 2429 1096 2482 flagitiorum
1129 2430 1475 2485 crudelitatisque
1505 2433 1707 2485 posuisti,
1738 2435 1782 2475 in
1804 2450 1888 2490 quo
1901 2442 1938 2471 35

128 2490 290 2531 Sthenii
331 2489 588 2530 Thermitani
629 2504 781 2531 nomen
813 2491 1069 2544 adscriptum
1101 2497 1175 2532 est.
1235 2492 1332 2533 Vidi
1363 2499 1608 2547 argenteum
1641 2495 1888 2550 Cupidinem

128 2567 222 2594 cum
260 2552 465 2606 lampade.
517 2552 629 2600 Quid
669 2554 841 2593 tandem
879 2553 1026 2594 habuit
1062 2555 1297 2608 argumenti
1336 2560 1409 2596 aut
1437 2556 1611 2597 rationis
1642 2572 1730 2607 res,
1763 2574 1888 2614 quam

128 2616 179 2657 ob
202 2629 290 2657 rem
319 2615 363 2655 in
395 2628 444 2655 eo
474 2615 739 2668 potissimum
771 2615 1046 2656 Sthenianum
1076 2617 1309 2669 praemium
1338 2621 1596 2671 poneretur?
1639 2625 1780 2660 utrum
1810 2621 1889 2662 hoc

126 2679 292 2733 signum
336 2677 576 2731 cupiditatis
620 2683 715 2718 tuae
760 2691 813 2718 an
858 2683 1075 2732 tropaeum
1114 2680 1437 2721 necessitudinis
1476 2686 1603 2735 atque
1632 2682 1804 2736 hospitii
1835 2697 1889 2724 an

126 2740 279 2782 amoris
318 2739 519 2781 indicium
559 2753 650 2781 esse
690 2740 893 2782 voluisti?
951 2741 1128 2782 Faciunt
1156 2741 1235 2783 hoc
1264 2742 1477 2792 homines,
1518 2757 1623 2798 quos
1653 2744 1697 2784 in
1727 2753 1938 2786 summam

211 2863 243 2896 8.
267 2862 365 2905 nunc]
389 2862 464 2894 incle
486 2863 525 2894 N.
554 2880 590 2886 -
615 2865 724 2894 tamen
749 2872 817 2895 om.
844 2864 883 2894 N.
913 2881 948 2886 —-
975 2864 1149 2903 deportata
1171 2863 1261 2905 [342
1285 2874 1319 2906 p.
1345 2873 1392 2896 m.
1420 2866 1470 2897 N:
1502 2869 1673 2905 reportata
1697 2868 1755 2898 ctt.
1783 2868 1820 2899 O.
1849 2885 1884 2890 -

126 2913 158 2945 9.
183 2914 252 2946 eius
273 2914 347 2946 hon.
373 2912 476 2954 Lg42.
505 2931 539 2936 —
566 2913 617 2945 43.
645 2922 781 2953 cumque
804 2913 957 2953 Lg29A:
983 2922 1056 2945 cum
1081 2923 1144 2954 quo
1167 2914 1258 2955 Lg42
1283 2923 1317 2955 p.
1343 2923 1390 2946 m.
1416 2916 1465 2953 M;
1491 2924 1565 2947 cum
1588 2916 1613 2946 B
1639 2915 1716 2947 cod.
1743 2916 1821 2949 Hot.
1840 2918 1884 2956 Ο;

127 2963 212 3002 quod
233 2972 309 2995 cum
330 2961 386 2995 vel
409 2966 478 2994 tum
501 2962 564 2994 dtt.
592 2980 628 2985 —
655 2964 708 2995 45.
733 2967 890 2995 statueret
914 2963 1004 2994 coni.
1031 2964 1133 2996 Ern.:
1159 2965 1311 2996 statuerit
1335 2964 1438 2996 codd.
1465 2965 1502 2997 Ο.
1523 2982 1560 2988 -
1586 2965 1638 2997 22.
1666 2969 1695 2997 et
1717 2970 1819 2998 essent
1841 2966 1884 2999 4:

126 3015 227 3044 essent
253 3014 312 3045 ctt.
339 3013 377 3044 Ο.
405 3030 442 3035 -
476 3011 529 3044 24.
557 3012 631 3052 festi
659 3012 725 3044 dies
753 3015 900 3054 aguntur
922 3011 1011 3052 Lg42
1034 3022 1069 3054 p.
1096 3022 1143 3046 m.
1180 3015 1223 3046 At
1246 3013 1288 3045 cf.
1315 3013 1345 3054 ἓ.
1373 3012 1447 3046 454.
1476 3031 1511 3036 -
1552 3014 1669 3047 Verria
1690 3015 1738 3046 V:
1768 3016 1889 3048 Verrea

127 3060 215 3101 Lg29
232 3060 285 3103 42,
312 3062 356 3101 Ο;
383 3070 452 3093 om.
479 3061 541 3093 dtt.
569 3061 618 3093 Cf.
638 3061 668 3102 ἓ.
688 3062 741 3094 52.
763 3079 798 3083 -
826 3063 877 3094 ,5.
903 3062 995 3093 cuius
1016 3065 1145 3095 statuae
1160 3063 1209 3094 V:
1235 3064 1289 3095 cui
1311 3066 1440 3095 statuae
1463 3065 1522 3096 ctt.
1541 3065 1579 3096 O.
1600 3081 1636 3088 -
1663 3068 1769 3096 estant
1785 3065 1824 3105 V,
1852 3075 1888 3098 «e

127 3110 272 3144 fortasse
295 3112 470 3152 geminata
493 3112 573 3152 post
594 3112 734 3143 Romae»
759 3113 884 3151 Mnus,
917 3111 975 3152 qui
998 3115 1113 3144 extant
1136 3112 1255 3145 edidit.
1284 3128 1320 3136 -
1346 3113 1479 3146 Siciliae
1501 3114 1639 3146 Hotom.
1667 3116 1702 3145 et
1725 3114 1796 3146 eV:
1832 3115 1888 3147 Si-
1909 3129 1918 3133 x

127 3159 205 3191 cilia
227 3161 286 3194 ctt.
315 3178 350 3183 —
386 3160 440 3193 26.
465 3161 623 3201 scriptum
646 3160 735 3202 Lg42
760 3170 793 3202 p.
813 3170 859 3193 m.
888 3160 1088 3202 (inscribtum
1110 3162 1164 3203 V.)
1184 3179 1220 3184 —
1244 3162 1318 3195 vide
1341 3171 1412 3195 om.
1429 3163 1470 3195 V.
1491 3180 1528 3187 -
1555 3164 1608 3196 28.
1634 3173 1676 3196 ez:
1695 3165 1829 3197 Siciliae
1847 3165 1885 3197 V.

132 3224 167 3231 —
193 3209 246 3241 29.
280 3211 325 3242 ad
347 3210 470 3243 codd.:
507 3210 545 3243 ob
566 3210 686 3242 Lamb.
714 3210 811 3243 4584.
840 3228 875 3234 -
903 3211 954 3243 33.
989 3216 1135 3253 arguant
1162 3212 1202 3245 V.
1230 3230 1266 3236 -
1301 3222 1334 3245 se
1361 3222 1491 3246 eversas
1516 3214 1663 3255 funditus
1693 3224 1759 3248 esse
1779 3216 1820 3249 V.
1848 3234 1885 3239 —

129 3257 181 3290 34.
206 3259 314 3299 Eryco
328 3260 359 3292 V
375 3262 411 3293 et
425 3261 531 3302 Lg⁶z9z
556 3261 655 3294 Erico
677 3260 788 3303 Lg423
813 3262 919 3302 Eryce
943 3261 1064 3304 (Erice)
1087 3263 1143 3296 vel
1164 3262 1306 3296 Eruccio
1329 3262 1404 3296 rell.
1431 3263 1475 3297 cf.
1495 3265 1540 3298 ad
1564 3264 1596 3306 ἓ.
1615 3265 1667 3297 22.
1690 3283 1725 3289 -
1751 3265 1803 3299 36.
1830 3266 1888 3298 ad-

128 3307 281 3343 scribtum
304 3309 366 3352 (sic
385 3311 503 3354 saepe)
527 3311 567 3344 V.
