2143 3713
249 228 330 271 232
742 230 797 270 IN
825 229 1046 270 VERREM
1074 226 1236 268 ACTIO
1270 226 1512 268 SECUNDA

248 344 325 382 bus
368 342 546 394 positam
590 341 839 389 confecerit3
887 353 994 393 quae
1038 339 1157 378 vohis
1201 339 1282 378 alio
1324 339 1418 378 loco
1460 337 1626 390 planius
1671 337 2002 389 explicabuntur.

251 402 343 443 ²185.
373 405 492 443 Nunc
521 403 602 444 hoc
632 404 845 443 attendite.
886 402 960 441 His
992 401 1377 453 exportationibus,
1411 412 1519 453 quae
1541 398 1736 438 recitatae
1758 404 1874 446 sunt,
1905 401 2004 440 scri-

248 466 310 506 bit
347 464 424 505 Hs
463 478 518 505 Lx
555 465 692 505 socios
734 464 967 517 perdidisse
1009 476 1060 501 ex
1089 462 1287 501 vicesima
1317 462 1493 514 portorii
1526 461 1754 514 Syracusis.
1813 462 2004 502 Pauculis

248 528 376 581 igitur
405 527 642 573 mensibus,
684 532 727 565 ut
759 526 801 564 hi
841 525 983 577 pusilli
1017 529 1057 562 et
1087 524 1314 576 contempti
1345 523 1475 563 libelli
1507 523 1711 569 indicant,
1748 521 1858 562 furta
1887 537 2005 576 prae-

219 590 372 637 5toris‚
412 602 519 644 quae
560 592 699 628 essent
732 587 809 627 HS
842 585 1086 632 duodecies,
1129 598 1180 623 ex
1219 598 1302 625 uno
1334 585 1490 638 oppido
1524 584 1614 624 solo
1647 590 1866 637 exportata
1895 590 2004 625 sunt.

251 651 437 705 Cogitate
468 663 600 697 nunc,
632 663 724 689 cum
757 648 826 687 illa
859 647 1000 687 Sicilia
1031 647 1103 694 sit,
1133 647 1213 686 hoc
1245 652 1307 687 est
1336 648 1492 694 insula,
1527 660 1633 700 quae
1655 646 1844 700 undique
1867 647 2005 687 exitus

249 713 479 753 maritimos
508 712 679 758 habeat,
712 709 813 764 quid
845 722 897 748 ex
929 709 1075 749 ceteris
1107 709 1210 748 locis
1243 715 1507 761 exportatum
1538 709 1714 762 putetis,
1757 709 1858 762 quid
1888 709 2006 762 Agri-

249 779 396 843 gemo,
429 774 530 828 quid
562 773 782 826 Lilybaeo,
816 771 916 824 quid
947 772 1174 817 Panormo,
1207 770 1309 823 quid
1331 771 1541 818 Thermis,
1575 771 1675 824 quid
1697 771 1872 818 Halesa,
1905 770 2006 824 quid

251 837 416 884 Catina,
448 837 549 889 quid
581 848 633 874 ex
664 835 813 874 ceteris
847 833 1034 885 oppidis:
1068 833 1170 886 quid
1201 846 1299 872 vero
1326 834 1536 881 Messana,
1572 846 1698 886 quem
1729 833 1805 872 iste
1836 832 1914 871 sibi
1945 832 2006 872 lo-

201 914 236 941 40
250 913 343 939 cum
374 899 553 938 maxime
586 901 721 936 tutum
755 909 846 935 esse
877 895 1176 942 arbitrabatur,
1216 895 1287 933 ubi
1319 895 1457 934 animo
1489 908 1653 948 semper
1683 894 1821 934 soluto
1853 894 2005 934 libero-

249 974 331 1015 que
363 966 472 1007 erat,
520 959 633 1013 quod
674 958 752 998 sibi
785 958 861 997 iste
897 957 1167 997 Mamertinos
1199 956 1433 1009 delegerat,
1475 957 1527 996 ad
1560 970 1666 1010 quos
1698 956 1856 1003 omnia,
1896 969 2003 1009 quae

249 1028 321 1063 aut
351 1022 596 1075 diligentius
628 1021 832 1061 servanda
862 1025 934 1059 aut
965 1019 1169 1058 occultius
1192 1019 1451 1071 exportanda
1473 1024 1608 1065 erant,
1639 1019 1889 1072 deportaret.
1929 1018 2003 1058 His

248 1084 430 1124 inventis
470 1083 623 1122 libellis
664 1083 789 1122 ceteri
824 1081 972 1121 remoti
1004 1086 1044 1120 et
1074 1080 1316 1133 diligentius
1348 1086 1445 1119 sunt
1473 1081 1705 1120 reconditi:
1745 1094 1820 1120 nos
1851 1085 2002 1127 tamen,

248 1151 294 1186 ut
324 1159 468 1185 omnes
500 1145 736 1197 intelligant
765 1144 845 1183 hoc
878 1156 953 1183 nos
985 1143 1074 1182 sine
1096 1143 1324 1196 cupiditate
1347 1156 1491 1195 agere,
1521 1143 1586 1182 his
1607 1143 1709 1195 ipsis
1730 1143 1883 1182 libellis
1906 1155 2005 1182 con-

200 1222 234 1251 45
249 1208 350 1248 tenti
383 1221 539 1246 sumus.

359 1268 545 1308 LXXVI.
580 1265 671 1307 186.
709 1270 827 1307 Nunc
868 1268 919 1308 ad
961 1268 1171 1308 sociorum
1212 1268 1373 1307 tabulas
1404 1268 1563 1321 accepti
1596 1272 1636 1307 et
1665 1266 1861 1320 expensi,
1901 1279 2005 1320 quas

247 1343 461 1373 removere
492 1330 669 1370 honeste
700 1331 816 1370 nullo
850 1331 973 1370 modo
1006 1336 1252 1383 potuerunt,
1295 1335 1335 1369 et
1364 1331 1415 1369 ad
1447 1330 1625 1369 amicum
1658 1335 1775 1369 tuum
1808 1328 2006 1381 Carpina-

248 1394 352 1434 tium
382 1398 652 1433 revertemur.
711 1393 1042 1446 Inspiciebamus
1075 1392 1291 1445 Syracusis
1323 1406 1344 1431 a
1379 1393 1615 1445 Carpinatio
1648 1391 1858 1431 confectas
1888 1391 2006 1430 tabu-

246 1456 307 1496 las
348 1455 584 1502 societatis,
628 1469 735 1508 quae
776 1453 1067 1508 significabant
1097 1455 1238 1493 multis
1270 1455 1508 1493 nominibus
1540 1468 1611 1494 eos
1640 1454 1833 1494 homines
1864 1466 2006 1492 versu-

197 1532 333 1563 eoram
365 1532 388 1557 a
421 1517 659 1570 Carpinatio
692 1517 862 1564 fecisse,
897 1517 967 1571 qui
999 1517 1198 1569 pecunias
1231 1518 1348 1555 Verri
1382 1517 1616 1563 (ledissent;
1649 1517 1760 1570 quod
1789 1515 1865 1554 erit
1886 1516 2004 1555 vobis

245 1581 338 1620 luce
371 1580 522 1620 clarius
555 1585 663 1626 tum,
694 1580 875 1626 iudices,
909 1594 999 1618 cum
1033 1592 1104 1617 cos
1137 1580 1249 1631 ipsos
1281 1580 1541 1631 produxero,
1574 1579 1645 1631 qui
1678 1578 1893 1618 dederuut.
1939 1578 2005 1616 In-

245 1643 441 1696 telligetis
473 1642 582 1681 enim
615 1642 686 1681 illa
718 1648 932 1694 tempora,
976 1655 1049 1694 per
1080 1655 1207 1693 quac,
1249 1654 1343 1680 cum
1375 1647 1513 1680 essent
1543 1642 1585 1680 in
1616 1640 1827 1694 periculo,
1868 1640 2002 1692 pretio

245 1719 336 1745 sese
367 1705 654 1752 redemerunt,
697 1718 789 1743 cum
829 1703 1042 1744 societatis
1084 1703 1234 1742 tabulis
1275 1716 1359 1742 non
1392 1703 1527 1742 solum
1560 1703 1820 1748 consulibus,
1860 1715 2003 1742 verum

246 1767 370 1807 etiam
402 1766 613 1806 mensibus
646 1766 884 1806 convenire.

194 1845 231 1876 25
357 1826 450 1868 1187.
494 1828 595 1868 Cum
634 1829 736 1869 haec
776 1828 956 1868 maxime
988 1840 1334 1880 cognosceremus
1367 1833 1407 1866 et
1436 1827 1518 1867 iam
1549 1828 1592 1866 in
1623 1827 1813 1867 manibus
1846 1826 2004 1867 tabulas

242 1892 514 1939 haberemus,
545 1897 718 1944 repente
741 1891 997 1944 adspicimus
1030 1890 1175 1930 lituras
1199 1890 1287 1929 eius
1310 1890 1422 1930 modi
1455 1890 1573 1943 quasi
1598 1889 1803 1944 quaedam
1832 1888 2006 1928 vulnera

242 1955 478 1995 tabularum
511 1954 706 1994 recentia.
753 1953 901 1993 Statim
933 1952 1173 2005 suspicione
1206 1953 1353 1992 offensi
1385 1953 1436 1992 ad
1468 1966 1515 1992 ea
1546 1953 1636 2006 ipsa
1666 1952 1837 1992 nomina
1859 1951 2004 1991 oculos

243 2017 515 2070 animumque
548 2016 851 2056 transtulimus.
910 2016 1041 2055 Erant
1070 2020 1265 2068 acceptae
1297 2016 1500 2068 pecuniae
1531 2030 1556 2056 A
1589 2015 1630 2055 C.
1654 2016 1868 2055 vssnnvmo
1903 2014 1945 2053 C.
1968 2027 2003 2053 F.

243 2080 302 2119 sic
336 2084 494 2126 tamen,
525 2083 571 2118 ut
600 2092 735 2131 usque
767 2078 818 2117 ad
849 2077 1025 2117 alterum
1057 2091 1079 2116 ii
1112 2078 1273 2117 litterae
1306 2083 1546 2117 constarent
1578 2079 1784 2131 integrae,
1816 2077 2005 2130 reliquae

191 2155 388 2186 300mnes
411 2146 549 2181 essent
578 2141 620 2179 in
643 2141 779 2180 litura.
822 2140 1030 2186 Alterum,
1063 2140 1252 2186 tertium,
1285 2146 1500 2193 quartum,
1531 2140 1735 2193 permulta
1759 2144 1875 2178 erant
1897 2138 2006 2178 eius-

244 2204 337 2243 dem
362 2204 474 2243 modi
507 2203 691 2241 nomina.
753 2203 854 2241 Cum
885 2201 1106 2240 manifesta
1138 2216 1224 2249 reS,
1257 2217 1347 2241 cum
1383 2203 1586 2254 flagitiosa
1618 2202 1740 2241 litura
1770 2200 2003 2240 tabularum

243 2271 371 2319 atque
408 2264 584 2317 insignis
624 2264 839 2316 turpitudo
883 2269 1119 2311 teneretur,
1162 2277 1362 2316 quaerere
1405 2265 1635 2316 incepimus
1668 2264 1717 2302 de
1750 2264 2003 2316 Carpinatio,

244 2328 437 2381 quisnam
468 2327 502 2366 is
534 2331 644 2366 esset
670 2326 918 2371 Verrucius,
967 2326 1137 2378 quicum
1181 2332 1317 2365 tantae
1350 2327 1553 2379 pecuniae
1585 2326 1787 2365 rationem
1819 2325 2003 2365 haberet.

244 2391 424 2430 Haerere
455 2388 607 2437 homo,
647 2390 824 2436 versari,
868 2390 1029 2429 rubere.
1091 2390 1212 2438 Quod
1253 2389 1342 2441 lege
1375 2390 1643 2441 excipiuntur
1671 2388 1836 2427 tabulae
1867 2388 2005 2441 publi-

193 2466 229 2495 35
244 2465 464 2498 canorum,
507 2466 590 2505 quo
633 2452 770 2491 minus
810 2453 984 2491 Romam
1018 2453 1310 2504 deportentur:
1354 2457 1399 2490 ut
1429 2465 1494 2489 res
1527 2464 1650 2503 quam
1684 2452 1863 2489 maxime
1895 2450 2005 2491 clara

244 2529 290 2555 ac
322 2519 469 2554 testata
501 2527 591 2554 csse
623 2520 786 2567 posset,
820 2515 860 2553 in
893 2515 955 2553 ius
987 2515 1037 2553 ad
1069 2515 1280 2554 Metellum
1306 2514 1589 2566 Carpinatium
1621 2526 1724 2552 voco
1758 2512 2005 2566 tabulasque

244 2577 455 2617 societatis
486 2577 529 2615 in
559 2576 696 2615 forum
729 2576 883 2616 defero.
944 2577 1010 2616 Fit
1041 2577 1246 2615 maximus
1279 2589 1507 2615 concursus
1538 2575 1756 2614 hominum
1788 2580 1849 2622 et,
1891 2574 2005 2627 quod

331 2700 362 2732 3.
389 2700 452 2731 HS.
471 2700 530 2731 DC
550 2700 644 2736 ΜΝς
671 2709 702 2730 n.
722 2708 747 2729 S.
778 2700 809 2734 (i,
830 2708 859 2730 e.
880 2700 941 2738 IIS)
963 2700 1019 2731 DC
1042 2700 1130 2739 [gt-2
1156 2709 1188 2740 p.
1210 2709 1254 2730 ni.
1276 2700 1308 2730 κ’.
1332 2718 1364 2720 -
1393 2700 1422 2729 55.
1451 2698 1626 2738 duodecies]
1650 2698 1744 2729 {GC
1766 2695 1879 2736 Lgffl:
1906 2695 2008 2728 CCCC

244 2754 283 2784 N.
313 2768 347 2773 —-
375 2750 406 2781 6.
432 2759 508 2781 cum
524 2767 573 2774 --
590 2749 699 2780 insula
722 2748 741 2779 4
761 2758 766 2777 t
795 2758 868 2779 cum
894 2749 950 2779 illa
973 2750 1012 2780 sil
1036 2750 1114 2780 hacc
1137 2753 1181 2780 est
1204 2749 1312 2780 insula
1336 2748 1416 2780 dit:
1443 2757 1515 2778 cum
1541 2748 1596 2778 illa
1620 2748 1659 2778 sit
1682 2748 1761 2777 hacc
1785 2746 1895 2777 insula
1911 2746 1947 2777 Ο.
1968 2763 2003 2767 —-

246 2802 297 2832 40.
324 2803 429 2831 lucum
452 2808 517 2831 esse
540 2798 652 2839 Lg-'i-Q:
691 2808 754 2829 esse
779 2808 847 2830 om.
876 2801 933 2830 cit.
962 2801 998 2831 O.
1028 2817 1061 2821 —
1092 2800 1141 2831 20.
1164 2799 1338 2838 pecuniam
1363 2797 1423 2828 dtt.
1451 2800 1486 2827 ().
1519 2816 1550 2819 —
1592 2797 1676 2836 qued
1700 2794 1789 2835 Lg'iz'.
1814 2804 1847 2836 p.
1875 2803 1921 2825 m.
1947 2803 2003 2832 cp:

245 2859 314 2882 om.
341 2851 399 2881 ctt.
427 2850 462 2881 O.
494 2867 528 2871 —
555 2850 608 2880 Ἣ.
634 2852 702 2880 tum
727 2858 796 2880 om.
824 2849 885 2879 (itt.
913 2850 948 2880 Ο.
980 2868 1013 2871 —
1044 2850 1093 2881 26.
1120 2849 1274 2880 eiusmodi
1298 2848 1340 2878 do
1367 2847 1454 2877 coni.
1483 2847 1561 2877 Eru.
1582 2846 1647 2877 del.
1675 2846 1811 2876 Schu'tz.
1852 2845 1923 2875 Nec
1947 2843 2007 2874 ha-

245 2900 305 2932 bet
328 2901 416 2931 haec
431 2909 496 2931 vox
521 2899 588 2930 hoc
612 2898 689 2930 loco
709 2899 872 2930 idoneum
891 2898 1112 2939 explicatum.
1142 2898 1228 2938 [sort.
1247 2898 1385 2929 eiusdem
1405 2897 1501 2927 modi.
1530 2896 1648 2936 llatae]
1671 2914 1704 2918 -
1732 2895 1784 2926 ⁶27.
1811 2892 2006 2924 tabellarum

246 2951 339 2981 Grut.
367 2950 487 2980 contra
506 2948 608 2979 codd.
631 2967 665 2971 —
692 2949 744 2979 28.
763 2949 787 2979 A
806 2957 875 2980 oni.
895 2948 983 2988 Lgffl
1002 2957 1033 2989 p.
1054 2957 1100 2979 m.
1114 2966 1148 2971 —
1176 2949 1209 2979 C.
1230 2948 1264 2979 F.
1283 2946 1371 2987 Lgn
1387 2948 1416 2978 M
1431 2948 1520 2985 Ncp:
1548 2956 1616 2978 orn.
1638 2948 1696 2977 ctt.
1719 2963 1753 2967 —-
1781 2943 1832 2974 30.
1851 2942 2007 2973 eiusdem-

245 2999 332 3030 modi
355 2999 388 3030 Μ
401 3006 452 3036 cp:
480 2998 636 3028 eiusmodi
652 2998 731 3037 ng.
760 3006 883 3029 omnes
908 2998 983 3028 ΑΒ,
1006 3014 1042 3019 -
1069 2998 1121 3029 31.
1147 3006 1221 3028 cum
1242 2998 1320 3037 flag).
1349 2996 1391 3027 de
1419 2996 1494 3026 llot.
1522 2996 1611 3026 coni.
1639 2996 1675 3026 L.
1696 2992 1795 3034 prob.
1815 2991 2004 3023 Benedicto

248 3048 355 3087 (Coni.
376 3047 419 3078 ad
435 3047 601 3078 Verrinas
620 3047 876 3086 Torgauwsoo),
901 3048 1033 3087 recepit
1056 3046 1104 3077 Kl.
1124 3046 1255 3078 Delex·it
1272 3054 1345 3076 cum
1364 3044 1483 3076 Lamb.
1505 3053 1612 3083 marg.
1634 3042 1726 3075 1584.
1756 3044 1805 3073 Ac
1823 3050 1906 3072 saue
1924 3045 2003 3080 tum,

247 3099 341 3139 quod
364 3098 467 3130 codd.
487 3098 634 3136 habent,
661 3099 841 3130 offensioni
861 3100 930 3136 est,
959 3101 992 3129 et
1017 3096 1124 3127 altero
1142 3098 1218 3127 utro
1235 3095 1339 3127 modo
1365 3095 1501 3125 videtur
1526 3093 1622 3125 locus
1647 3091 1912 3127 emendandus3
1943 3100 2005 3123 nos

248 3150 507 3180 llotomannum
524 3147 709 3180 maluimus
727 3150 838 3188 sequi.
854 3146 1092 3187 wyttent›a(—h
1111 3146 1212 3177 ‹·oui.:
1241 3154 1313 3176 cum
1331 3145 1504 3184 manifesta
1528 3153 1563 3175 re
1586 3147 1654 3174 tam
1669 3145 1748 3183 (laq.
1768 3142 1880 3172 litura.
1907 3141 2007 3173 Lam-

248 3197 318 3229 bini
343 3198 513 3229 rationem
547 3198 579 3229 in
605 3206 712 3235 marg.
742 3197 835 3229 1584.
862 3197 987 3238 probat
1011 3198 1123 3227 Garat.
1153 3197 1189 3226 11.
1219 3194 1343 3235 [rectez
1382 3195 1430 3225 sic
1461 3195 1513 3225 cst
1538 3194 1641 3224 etiam
1666 3193 1697 3222 in
1725 3190 1830 3230 Lgffl,
1869 3190 1911 3221 de
1937 3200 2006 3231 quo

248 3248 282 3278 Z.
309 3247 442 3287 tacet.]:
469 3255 550 3278 nam
575 3247 740 3286 flagitiosa
767 3246 864 3278 litura
891 3255 965 3277 rem
991 3246 1211 3277 manifestam
1235 3246 1338 3285 atque
1363 3244 1612 3284 turpitudinem
1639 3242 1807 3279 insignem
1831 3241 1950 3271 teneri.
1969 3258 2004 3263 —

248 3296 349 3326 litura
373 3295 461 3336 Lg-'iz
486 3307 537 3336 cp:
574 3305 643 3328 om.
672 3298 729 3327 cit.
757 3298 792 3328 O.
830 3315 863 3317 ψ
903 3296 954 3327 33.
981 3299 1057 3327 essct
1082 3296 1107 3325 is
1131 3295 1192 3326 dit.
1220 3295 1256 3325 O.
1290 3312 1323 3316 —
1362 3292 1414 3324 34..
1440 3293 1566 3324 versari
1589 3290 1678 3331 Lgl2
1693 3291 1746 3321 M:
1781 3290 1929 3321 aversari
1951 3288 2006 3322 vel

250 3345 421 3377 adversari
445 3347 504 3380 ctt.
534 3363 569 3369 —
595 3346 647 3377 37.
673 3346 773 3387 defert
796 3345 885 3386 [342
909 3354 943 3388 p.
968 3354 1014 3377 m.
1041 3345 1072 3376 M
1086 3345 1124 3378 N.
