2143 3713
245 245 324 285 65⁵2
790 246 990 287 ORATIO
1021 247 1123 288 PRO
1157 247 1200 288 C.
1230 248 1444 289 RABIRIO

245 372 336 399 esse
373 357 697 406 arbitrabantur,
737 372 850 398 arma
889 358 1116 411 cepissent:
1160 359 1259 412 quid
1290 361 1455 400 tandem
1490 360 1531 400 C.
1561 360 1727 401 Rabirio
1758 362 1989 404 faciendum

244 420 349 458 suit‘?
408 415 473 457 21.
504 421 564 459 De
595 424 634 459 te
666 420 770 473 ipso,
801 422 993 473 inquam,
1024 421 1215 468 Labiene,
1248 435 1424 475 quaero:
1457 436 1548 461 cum
1579 422 1629 461 ad
1661 436 1771 464 arma
1801 426 1991 466 consules

245 495 298 520 ex
339 486 505 520 senatus
544 482 732 522 consulto
772 483 1054 529 vocavissent,
1097 496 1188 521 cum
1225 491 1401 524 armatus
1444 486 1497 524 Μ.
1535 484 1756 533 Aemilius,
1801 487 1992 540 princeps

244 548 433 589 senatus,
471 544 513 582 in
555 543 724 583 comitio
765 544 1038 591 constitisset,
1081 546 1152 598 qui
1193 559 1284 585 cum
1324 547 1483 599 ingredi
1525 548 1594 586 vix
1623 551 1785 599 posset,
1826 560 1910 586 non
1941 548 1989 587 ad

214 605 549 658 5insequendum
591 604 669 644 sibi
711 606 944 645 tarditatem
987 606 1160 658 pedum,
1208 607 1279 646 sed
1322 608 1372 647 ad
1412 608 1654 661 fugiendum
1698 609 1992 661 impedimento

241 666 330 706 fore
360 666 552 719 putabat3
591 680 683 706 cum
716 667 897 720 denique
937 668 985 715 Q.
1018 668 1238 715 Scaevola,
1276 669 1487 709 confectus
1527 675 1764 717 senectute,
1805 672 1992 723 perditus

243 728 409 775 morbo,
446 741 615 768 mancus
647 734 688 768 et
718 729 911 769 membris
944 730 1135 769 omnihus
1167 736 1310 783 captus
1341 745 1387 770 ac
1419 732 1588 779 debilis,
1628 732 1767 771 hastili
1799 733 1922 773 nixus
1953 740 1993 773 et

240 790 367 830 animi
398 792 479 831 vim
523 796 563 830 et
599 790 876 830 infirmitatem
920 792 1107 844 corporis
1148 793 1407 841 ostenderet3
1449 808 1539 833 cum
1573 796 1616 833 L.
1650 795 1861 842 Metellus,
1905 796 1991 834 Ser.

241 852 393 899 Galba,
440 852 481 890 C.
525 854 746 899 Serranus,
786 854 828 891 P.
871 854 1070 900 Rutilius,
1112 854 1154 892 C.
1196 854 1396 902 Fimbria,
1439 856 1487 904 Q.
1531 857 1701 896 Catulus
1742 870 1991 911 omnesque,

197 933 226 960 ιο
244 914 314 968 qui
348 921 433 954 tum
486 920 621 960 erant,
663 914 901 954 consulares
947 928 1020 967 pro
1063 915 1195 954 salute
1237 918 1442 957 communi
1482 932 1594 957 arma
1635 919 1860 971 cepissent3
1901 933 1993 958 cum

240 990 383 1017 omnes
419 982 653 1029 praetores,
705 981 852 1015 cuncta
890 977 1083 1016 nobilitas
1130 990 1176 1016 ac
1216 978 1406 1018 iuventus
1448 986 1700 1027 accurreret,
1753 980 1823 1019 Cn.
1867 985 1906 1020 et
1946 981 1990 1019 L.

239 1039 427 1085 Domitii,
470 1040 511 1077 L.
546 1037 737 1084 Crassus,
781 1038 829 1086 Q.
861 1039 1043 1086 Mucius,
1086 1038 1128 1078 C.
1161 1040 1377 1087 Claudius,
1420 1042 1472 1080 M.
1503 1043 1684 1089 ])rusus;
1726 1056 1817 1082 cum
1849 1056 1991 1082 omnes

240 1101 419 1147 Octavii,
460 1099 635 1146 Metelli,
666 1100 785 1147 Iulii,
820 1101 967 1147 Cassii,
1002 1101 1199 1148 Catones,
1241 1103 1428 1155 Pompei,
1470 1117 1562 1143 cum
1594 1104 1638 1142 L.
1669 1103 1906 1156 Philippus,
1947 1104 1991 1143 L.

241 1163 401 1215 Scipio,
443 1175 533 1202 cum
575 1163 628 1200 M.
671 1162 875 1215 Lepidus,
908 1177 999 1202 cum
1042 1164 1084 1202 l).
1115 1164 1287 1211 Brutus,
1329 1177 1421 1203 cum
1460 1165 1526 1203 hi(=
1567 1165 1656 1217 ipse
1696 1166 1737 1204 l‘.
1777 1166 1989 1213 Servilius,

191 1232 225 1260 «15
241 1238 323 1276 quo
355 1229 398 1264 tu
430 1224 701 1278 imperatore,
737 1225 944 1272 Labiene,
982 1225 1190 1272 meruisti;
1236 1239 1329 1264 cum
1359 1226 1425 1265 hic
1457 1226 1505 1274 Q.
1540 1226 1728 1274 Catulus,
1770 1227 1992 1268 admodum

240 1292 325 1326 tum
357 1286 626 1333 adolescens,
669 1300 761 1326 cum
792 1287 933 1340 hicAC.
968 1287 1115 1334 Curio,
1156 1302 1246 1326 cum
1279 1288 1460 1340 denique
1491 1301 1634 1326 omnes
1666 1288 1883 1328 clarissimi
1915 1289 1991 1329 viri

239 1363 330 1389 cum
363 1349 602 1388 consulibus
635 1355 794 1388 essent:
827 1349 927 1403 quid
961 1349 1125 1389 tandem
1153 1350 1195 1388 C.
1216 1350 1426 1389 Rabirium
1447 1349 1581 1389 facere
1605 1350 1824 1390 convenit?
1853 1355 1992 1390 utrum

239 1412 442 1452 inclusum
483 1416 608 1463 atque
654 1411 839 1452 abditum
880 1412 1008 1452 latere
1049 1412 1091 1450 in
1133 1411 1295 1450 occulto
1338 1417 1462 1464 atque
1498 1412 1702 1464 ignaviam
1734 1426 1849 1452 suam
1880 1418 1993 1452 tene-

236 1476 401 1514 brarum
433 1487 480 1512 ac
511 1475 713 1526 parietum
746 1474 947 1513 custodiis
988 1480 1147 1526 tegere,
1191 1486 1241 1512 an
1283 1473 1326 1512 in
1367 1473 1616 1526 Capitolium
1658 1487 1830 1526 pergere
1867 1481 1992 1528 atque

187 1537 295 1577 eoihi
327 1550 370 1576 se
403 1549 495 1575 cum
528 1541 598 1575 tuo
629 1540 778 1589 patruo
812 1542 849 1575 et
882 1536 1030 1576 ceteris
1061 1536 1111 1574 ad
1143 1541 1316 1575 mortem
1357 1540 1524 1588 propter
1554 1536 1661 1575 vitae
1694 1536 1990 1589 turpitudinem

238 1598 571 1650 confugientibus
611 1600 889 1650 congregare?
935 1612 986 1637 an
1033 1611 1123 1637 cum
1166 1598 1320 1643 Mario,
1371 1598 1546 1643 Scauro,
1596 1598 1761 1646 Catulo,
1808 1598 1990 1644 Metello,

238 1660 458 1707 Scaevola,
499 1674 590 1699 cum
624 1661 744 1699 bonis
786 1660 967 1713 denique
999 1660 1192 1699 omnibus
1224 1660 1335 1698 coire
1368 1672 1453 1698 non
1485 1659 1610 1698 modo
1643 1660 1808 1707 salutis,
1850 1673 1991 1700 verum

238 1724 358 1763 etiam
390 1722 561 1777 periculi
594 1723 864 1762 societatem?
907 1724 1013 1762 Vlll.
1048 1720 1111 1760 22.
1143 1723 1205 1761 Tu
1237 1721 1437 1774 denique,
1470 1722 1673 1768 Labiene,
1705 1723 1805 1774 quid
1835 1722 1991 1762 faceres

238 1785 307 1825 tali
338 1785 379 1824 in
411 1799 454 1824 re
485 1798 531 1825 ac
563 1787 774 1838 tempore?
806 1798 897 1824 cum
929 1785 1115 1838 ignaviae
1148 1784 1254 1823 ratio
1290 1790 1325 1822 te
1358 1785 1399 1823 in
1431 1783 1566 1835 sugam
1600 1789 1723 1836 atque
1750 1785 1791 1823 in
1814 1785 1989 1824 latebras

188 1847 491 1900 eainipelleret,
533 1847 773 1900 improbitas
815 1853 853 1886 et
893 1847 1008 1886 furor
1045 1847 1089 1885 1..
1122 1846 1333 1885 Saturnini
1379 1846 1419 1884 in
1461 1846 1709 1898 Capitolium
1751 1852 1990 1893 arcesseret,

237 1910 429 1949 consules
460 1909 511 1949 ad
540 1909 699 1961 patriae
731 1909 906 1949 salutem
937 1922 983 1948 ac
1013 1909 1246 1947 libertatem
1269 1914 1486 1947 vorarent:
1518 1921 1640 1960 quam
1664 1908 1827 1948 tandem
1849 1914 1991 1949 aucto-

236 1972 419 2019 ritatem‚
461 1985 583 2025 quam
615 1984 782 2018 vocem,
821 1972 935 2011 cuius
968 1976 1120 2010 sectam
1152 1971 1292 2023 sequi,
1333 1970 1450 2009 cuius
1481 1970 1658 2023 imperio
1689 1983 1832 2024 parere
1862 1971 1991 2023 potis-

235 2034 384 2073 simum
415 2034 576 2073 velles?
608 2056 662 2060 -—
692 2034 888 2080 Patruus,
920 2034 1079 2087 inquit,
1120 2046 1236 2072 meus
1268 2046 1359 2071 Cum
1392 2033 1616 2072 Saturnino
1646 2033 1735 2073 fuit.
1767 2055 1819 2062 —
1851 2032 1989 2080 Quid?

236 2101 351 2149 pater
381 2097 575 2149 quicum?
617 2095 747 2148 quid?
786 2096 1011 2149 propinqui
1055 2096 1202 2142 vestri,
1242 2096 1403 2148 equites
1444 2096 1644 2134 Romani?
1685 2096 1816 2149 quid?
1857 2096 1991 2135 omnis

183 2181 218 2209 30
234 2158 503 2211 praefectura,
535 2158 665 2210 regio,
696 2158 888 2197 vicinitas
911 2160 1077 2197 vestra?
1111 2158 1244 2211 quid?
1276 2171 1373 2209 ager
1397 2158 1570 2196 Picenus
1593 2159 1822 2204 universus,
1853 2163 1991 2197 utrum

236 2221 498 2260 tribunicium
530 2220 710 2259 furorem
741 2234 791 2259 an
825 2220 1085 2260 consularem
1116 2220 1402 2259 auctoritatem
1437 2225 1603 2259 secutus
1626 2222 1715 2259 est?
1764 2218 1830 2259 ⁶23.
1865 2220 1992 2273 Equi—

235 2283 327 2322 dem
367 2283 445 2322 hoc
484 2282 667 2328 affirmo,
720 2282 830 2335 quod
872 2288 913 2321 tu
957 2296 1066 2321 nunc
1108 2282 1158 2320 de
1200 2287 1272 2321 tuo
1312 2287 1459 2334 patruo
1502 2283 1733 2335 praedicas,
1782 2282 1988 2321 neminem

235 2358 430 2398 umquam
460 2345 594 2384 adhuc
626 2345 676 2384 de
708 2358 751 2383 se
783 2358 874 2384 esse
907 2344 1164 2384 consessum:
1196 2357 1319 2383 nenio
1352 2349 1434 2390 est,
1465 2344 1653 2396 inquam,
1685 2345 1877 2384 inventus
1909 2349 1989 2384 tam

234 2408 495 2460 profligatus,
528 2412 608 2446 tam
638 2406 850 2460 perditus,
883 2412 963 2446 tam
995 2407 1045 2445 ab
1078 2406 1190 2445 omni
1221 2419 1303 2445 non
1335 2405 1458 2445 modo
1489 2406 1728 2454 honestate,
1761 2407 1833 2446 sed
1865 2406 1989 2445 etiam

182 2482 218 2512 35
233 2469 499 2508 simulatione
529 2469 758 2509 honestatis
790 2469 984 2516 relictus,
1016 2469 1086 2522 qui
1118 2483 1160 2507 se
1192 2469 1233 2507 in
1258 2468 1462 2522 Capitolio
1494 2468 1621 2508 fuisse
1653 2483 1745 2509 cum
1768 2469 1987 2508 Saturnino

232 2531 442 2571 fateretur.
463 2553 518 2558 —
539 2532 591 2570 At
620 2531 700 2571 suit
730 2537 865 2571 vester
885 2537 1068 2584 patruus.
1090 2554 1144 2558 —
1164 2531 1327 2578 Fuerit,
1361 2535 1401 2569 et
1420 2530 1545 2570 fuerit
1565 2531 1679 2572 nulla
1700 2531 1988 2584 desperatione

233 2607 369 2632 reruni
401 2606 592 2641 suarum,
635 2594 760 2634 nullis
798 2594 1038 2633 domesticis
1070 2593 1311 2633 vulneribus
1343 2598 1533 2640 coactus3
1576 2594 1787 2633 induxerit
1817 2606 1910 2633 eum
1942 2594 1986 2632 L.

234 2655 447 2695 Saturnini
478 2655 761 2703 familiaritas,
792 2662 837 2695 ut
867 2656 1087 2696 amicitiam
1119 2656 1275 2708 patriae
1306 2660 1603 2709 praeponeret:
1634 2655 1843 2694 idcircone
1867 2668 1988 2708 opor-

319 2867 348 2897 6.
371 2866 520 2906 perdilas
545 2865 646 2897 codd.
674 2866 740 2896 mei
768 2867 800 2896 et
825 2865 946 2905 reliqui
967 2866 1036 2896 neti
1055 2875 1196 2897 omnes:
1220 2866 1431 2905 praepeditus
1447 2864 1502 2895 ed.
1523 2864 1623 2902 1472,
1652 2866 1673 2895 1.
1690 2866 1726 2895 0.
1755 2865 1825 2896 lloc
1842 2865 1985 2895 Graevio

231 2916 374 2956 aliisque
399 2915 507 2946 levius
532 2914 686 2953 ridetur,
720 2917 837 2946 contra
863 2914 936 2946 aliis
957 2917 1105 2955 perdilas
1127 2917 1283 2947 nimium.
1326 2914 1480 2946 Valerius
1507 2915 1672 2945 Maximus
1698 2916 1750 2945 Ill.
1778 2915 1816 2951 ⁶2,
1843 2916 1900 2951 48,
1927 2918 1984 2954 qui

232 2976 291 2997 sua
319 2976 358 2997 ex
386 2967 450 2997 hoc
479 2964 554 2996 loco
587 2965 801 3005 desumpsit,
839 2964 965 2995 habet:
1003 2965 1122 3004 Quibus·
1152 2966 1263 2995 allali's
1295 2965 1408 2994 ultima
1436 2967 1593 2994 senectute
1621 2963 1799 3003 confectum
1828 2966 1856 2994 et
1882 2972 1986 3001 paene

232 3017 393 3056 dilapsum
423 3024 541 3055 corpus
572 3015 675 3045 induit
705 3015 891 3054 spiculoque
922 3015 1055 3045 iunii-us
1084 3018 1158 3046 autc
1188 3015 1274 3055 fores
1301 3014 1412 3044 curiae
1440 3014 1581 3043 <maslini
1612 3015 1677 3044 etc.
1713 3031 1746 3034 —
1780 3012 1810 3043 9.
1843 3014 1986 3042 Soranus

234 3066 318 3096 vt'k.
350 3083 381 3087 —
411 3073 519 3095 ovines
543 3065 597 3103 qui
621 3064 813 3095 abcdeli
846 3066 880 3095 et.
911 3064 929 3095 >l
960 3066 1091 3095 Oxonn.
1128 3081 1161 3086 -—
1196 3066 1246 3095 Μ.
1278 3073 1339 3103 pro
1369 3064 1471 3093 salzclc
1503 3064 1646 3094 omnium
1679 3062 1732 3093 ab
1748 3062 1914 3098 edehx.
1949 3079 1982 3082 ψ

239 3116 283 3145 ll.
312 3114 382 3155 sur]
408 3115 440 3145 C.
469 3114 572 3145 codd.
600 3114 716 3145 iidem.
740 3132 773 3135 —
796 3114 845 3144 42.
872 3115 1008 3145 DomMii
1033 3116 1222 3145 Manutius:
1248 3114 1410 3145 Domitius
1427 3113 1526 3143 codd.
1548 3114 1614 3144 mei
1632 3114 1666 3143 et
1682 3112 1760 3143 edd.
1779 3113 1928 3142 veteres.
1948 3129 1979 3132 —

234 3166 355 3196 Midias
378 3166 410 3195 S.
432 3182 465 3185 —-
488 3164 538 3195 13.
566 3165 678 3194 Octavi
702 3165 722 3194 S
737 3173 754 3193 a
771 3172 788 3194 e
804 3172 823 3203 g
837 3164 844 3194 i
860 3164 878 3194 k
894 3164 900 3194 1
916 3173 948 3195 in
964 3174 994 3195 n.
1019 3182 1053 3186 —
1070 3165 1178 3195 Crassi
1202 3164 1223 3195 b
1240 3172 1257 3194 e
1271 3164 1291 3194 d
1307 3172 1324 3193 e
1341 3163 1360 3193 s.
1382 3180 1415 3183 —
1436 3163 1563 3201 Pompei
1587 3164 1611 3193 C
1626 3171 1644 3192 c
1657 3161 1697 3192 d:
1723 3161 1863 3200 Pompeii
1879 3160 1981 3192 codd.

236 3214 306 3245 rell.
334 3216 407 3245 LO.
438 3232 469 3237 -
500 3215 550 3244 45.
579 3214 615 3252 Q.
642 3214 788 3244 Metellus
811 3222 841 3244 e.
871 3231 904 3234 —
934 3215 984 3245 116.
1012 3217 1080 3244 lum
1104 3223 1172 3245 oni.
1201 3215 1231 3243 S.
1252 3231 1286 3234 —
1307 3213 1358 3243 ¹21.
1386 3221 1459 3242 cum
1485 3214 1526 3243 M.
1553 3216 1679 3243 Scauro
1703 3212 1773 3242 SC.
1794 3228 1827 3231 —
1856 3211 1908 3241 25.
1935 3220 1984 3241 re-

233 3264 361 3302 pelleret
390 3269 430 3303 ψ.
460 3282 493 3285 -
521 3264 573 3294 ⁶20.
602 3264 679 3302 quid
702 3264 800 3294 ricini
820 3264 999 3303 propinqui
1022 3264 1053 3294 k.
1084 3282 1117 3285 —
1144 3264 1246 3294 ‘tzoslri
1275 3261 1462 3292 abcdeli
1495 3264 1524 3292 et
1552 3261 1569 3293 si
1595 3264 1724 3293 Oxonn.
1753 3278 1787 3282 --
1814 3260 1865 3291 33.
1891 3261 1929 3292 de
1951 3269 1983 3290 se

234 3312 422 3352 s'ri'gikl
440 3322 528 3350 mn,
556 3313 630 3344 cod.
659 3314 774 3344 Torr.:
802 3314 839 3344 de
862 3322 927 3343 sese
951 3312 1023 3344 rell.
1051 3314 1165 3352 Lagg.‚
1192 3313 1265 3343 LO.
1294 3329 1327 3332 —
1355 3312 1406 3342 36.
1433 3315 1467 3341 at
1489 3312 1551 3351 fuit
1575 3311 1629 3342 ed.
1655 3309 1774 3341 Aldina
1800 3310 1902 3340 45⁴9:
1933 3309 1982 3348 af-

232 3363 294 3402 fuit
318 3362 420 3393 codd.
449 3380 482 3384 —
509 3363 608 3403 fucrit
631 3363 724 3393 nulla
748 3363 780 3394 t':
805 3363 904 3402 fuerit
925 3366 955 3393 ec
977 3362 1068 3392 nulla
1091 3360 1209 3398 ikln;
1233 3361 1332 3400 suerit
1356 3362 1389 3392 iii
1412 3360 1503 3391 nulla
1526 3361 1546 3391 S
1571 3362 1605 3391 et
1628 3358 1700 3390 rell.
1727 3360 1828 3399 Lagg.
