2127 3708
695 226 790 268 CAP.
820 227 876 268 1v
890 248 943 257 -
959 227 1026 267 VI.
1064 224 1138 280 §§·
1168 224 1193 266 9
1205 246 1259 256 -
1272 222 1288 265 i
1300 224 1338 266 6.
1830 222 1884 265 33

146 345 293 379 turam.
353 336 417 378 112.
450 338 541 386 Qua
570 338 867 378 vociferatione
899 340 941 378 in
974 337 1120 378 ceteris
1150 337 1317 376 iudiciis
1342 341 1604 376 accusatores
1626 338 1686 377 uti
1708 349 1885 377 consue-

146 407 315 449 verunt,
348 415 396 441 ea
426 414 501 440 nos
530 400 610 440 hoc
642 405 828 454 tempore
858 402 1036 447 utimur,
1069 400 1140 453 qui
1172 411 1338 439 causam
1370 398 1560 437 dicimus.
1608 399 1791 438 Petimus
1812 399 1885 438 abs

146 470 207 512 te,
237 466 291 504 M.
321 463 471 510 Fanni,
502 476 525 502 a
554 462 781 516 vobisque,
811 463 989 510 iudices,
1021 467 1067 502 ut
1096 476 1220 516 quam
1251 460 1451 501 acerrime
1482 458 1684 500 maleficia
1704 461 1887 500 vindice-

148 527 221 573 tis,
252 531 297 566 ut
328 539 450 580 quam
480 525 704 565 fortissime
734 525 973 564 hominibus
1004 524 1291 564 audacissimis
1322 522 1547 569 resistatis,
1591 519 1638 561 1'1t
1666 523 1745 562 hoc
1777 524 1888 576 cogi-

147 588 265 635 tetis,
297 587 376 627 nisi
407 588 450 626 in
479 587 556 627 hac
588 600 731 633 causa,
763 587 834 639 qui
866 593 1003 626 vester
1031 587 1195 626 animus
1228 587 1301 633 sit,
1339 584 1589 631 ostendetis,
1621 597 1670 624 eo
1700 598 1889 637 prorum·
1920 583 1938 611 5

146 663 245 703 pere
284 649 500 689 hominum
533 649 802 701 cupiditatem
834 654 874 688 et
904 649 1039 688 scelus
1072 653 1112 688 et
1141 648 1382 694 audaciam,
1420 651 1467 686 ut
1495 659 1580 686 non
1611 647 1736 686 modo
1767 646 1889 692 clam,

145 725 288 752 verum
319 711 442 751 etiam
471 711 540 750 hic
571 711 613 750 in
643 711 758 758 foro,
790 716 884 750 ante
915 711 1096 750 tribunal
1123 716 1260 757 tuum,
1293 711 1346 750 M.
1368 709 1527 756 Fanni,
1557 714 1652 748 ante
1673 708 1802 761 pedes
1823 721 1893 746 ve·-

145 779 274 820 stros,
304 773 484 820 iudices,
516 773 623 812 inter
653 773 743 825 ipsa
774 773 972 813 subsellia
1003 773 1151 813 caedes
1182 772 1345 812 futurae
1368 771 1462 811 sint.
1514 768 1575 810 13.
1605 770 1770 810 Etenim
1792 770 1892 822 quid

144 835 259 875 aliud
288 835 367 875 hoc
398 835 557 875 iudicio
589 840 793 882 tentatur,
833 835 915 874 nisi
946 840 991 874 ut
1021 835 1062 874 id
1093 833 1180 874 lieri
1213 835 1366 874 liceat?
1415 834 1625 873 Accusant
1654 832 1705 879 ii,
1748 832 1820 884 qui
1851 831 1893 870 in

144 897 331 938 fortunas
360 897 485 937 huius
517 897 780 943 invaserunt3
813 910 978 937 causam
1001 897 1101 936 dicit
1129 897 1186 943 is,
1220 897 1285 936 cui
1308 902 1473 950 praeter
1493 895 1770 936 calamitatem
1790 892 1944 933 11111114Ο

145 959 430 1013 reliquerunt:
470 964 667 999 accusant
704 959 756 1006 ii,
797 959 948 1012 quibus
990 959 1124 998 occidi
1166 964 1326 1011 patrem
1358 959 1452 998 Sex.
1483 957 1623 997 Roscii
1653 957 1765 996 bono
1794 955 1895 1002 fuit;

146 1034 312 1061 causam
343 1021 445 1061 dicit
474 1021 528 1068 is,
562 1021 626 1060 cui
659 1034 743 1060 non
775 1022 899 1060 modo
932 1021 1088 1060 luctum
1119 1034 1230 1060 mors
1260 1021 1391 1073 patris
1413 1019 1575 1067 attulit,
1605 1033 1751 1059 verum
1773 1019 1896 1058 etiam

146 1089 394 1137 egestatem:
425 1089 623 1124 accusant
653 1084 704 1130 ii,
737 1084 808 1137 qui
839 1083 950 1123 hunc
976 1084 1113 1136 ipsum
1135 1083 1323 1136 iugulare
1346 1096 1505 1123 summe
1528 1082 1770 1136 cupierunt;
1802 1094 1897 1120 cau-

147 1159 234 1186 sam
264 1146 365 1186 dicit
393 1146 447 1193 is,
481 1146 553 1199 qui
585 1146 709 1186 etiam
740 1146 791 1185 ad
821 1146 901 1185 hoc
933 1146 1069 1199 ipsum
1090 1145 1293 1184 iudicium
1315 1159 1409 1184 cum
1439 1144 1649 1198 praesidio
1677 1143 1814 1190 venit,
1845 1154 1896 1181 ne

145 1207 214 1247 1110
257 1208 410 1248 ibidem
449 1214 544 1248 ante
584 1208 728 1248 oculos
761 1213 919 1248 vestros
951 1208 1203 1248 trucidetur:
1251 1207 1435 1261 denique
1474 1210 1673 1246 accusant
1702 1205 1752 1253 ii,
1793 1217 1897 1258 quos
1912 1204 1948 1232 ⁴5

145 1270 327 1323 populus
365 1271 520 1323 poscit;
560 1283 727 1310 causam
770 1270 870 1309 dicit
909 1271 967 1318 is,
1009 1270 1080 1324 qui
1118 1283 1227 1309 unus
1257 1269 1428 1309 relictus
1459 1282 1512 1309 ex
1541 1268 1711 1308 illorum
1740 1266 1900 1306 nefaria

149 1332 273 1372 caede
302 1337 440 1372 restat.
486 1329 551 1372 114.
582 1333 718 1386 Atque
740 1338 787 1372 ut
805 1332 970 1372 facilius
993 1332 1226 1385 intelligere
1247 1331 1441 1385 possitis,
1472 1331 1656 1377 iudices,
1688 1342 1759 1376 ea,
1791 1341 1900 1382 quae

146 1393 255 1434 facta
295 1400 414 1442 sunt,
455 1395 691 1448 indigniora
737 1408 849 1441 esse,
891 1408 1015 1448 quam
1045 1394 1149 1434 haec
1180 1399 1297 1441 sunt,
1329 1407 1437 1448 quae
1469 1393 1668 1440 dicimus,
1698 1391 1749 1431 ab
1779 1390 1899 1430 initio

148 1470 212 1497 res
257 1457 607 1511 quemadmodum
647 1462 762 1510 gesta
802 1457 855 1497 sit
892 1457 1010 1496 vobis
1051 1468 1334 1509 exponemus,
1378 1469 1462 1509 quo
1499 1454 1666 1495 facilius
1705 1458 1746 1493 et
1774 1452 1899 1492 huius

147 1518 329 1559 hominis
360 1519 693 1560 innocentissimi
723 1519 911 1559 miserias
942 1524 984 1559 et
1012 1518 1179 1559 illorum
1209 1518 1428 1558 audaciam
1450 1530 1704 1571 cognoscere
1728 1515 1949 1570 possitis20

148 1586 190 1621 et
217 1582 278 1622 rei
308 1581 500 1635 publicae
532 1583 822 1623 calamitatem.

257 1644 325 1683 VI.
365 1640 431 1683 «15.
477 1644 626 1683 Sextus
667 1644 863 1691 Roscius,
904 1649 1022 1697 pater
1058 1643 1254 1692 huiusce,
1301 1644 1518 1697 municeps
1547 1643 1769 1683 Amerinus
1798 1641 1897 1690 fuit,

150 1718 242 1746 cum
282 1719 432 1759 genere
474 1711 515 1746 et
553 1706 770 1746 nobilitate
808 1712 848 1746 et
888 1706 1066 1759 pecunia
1105 1719 1191 1745 non
1221 1706 1346 1746 modo
1378 1706 1442 1746 sui
1473 1705 1713 1758 municipii,
1754 1717 1898 1744 verum

150 1768 276 1807 etiam
317 1768 405 1808 eius
446 1768 673 1808 vicinitatis
713 1768 835 1808 facile
866 1768 1046 1821 primus,
1087 1772 1173 1807 tum
1204 1767 1336 1821 gratia
1365 1773 1491 1821 atque
1520 1766 1715 1820 hospitiis
1744 1766 1898 1806 florens

149 1830 365 1870 hominum
406 1830 774 1869 nobilissimorum.
842 1831 945 1869 Nam
985 1843 1078 1869 cum
1117 1830 1318 1877 Metellis,
1375 1829 1586 1877 Serviliis,
1631 1828 1949 1881 Scipionibus&

152 1897 239 1932 erat
268 1892 306 1932 ei
336 1905 421 1932 non
451 1893 574 1932 modo
606 1892 856 1945 hospitium,
895 1905 1038 1931 verum
1079 1892 1203 1931 etiam
1234 1891 1488 1931 domesticus
1518 1904 1620 1931 usus
1650 1895 1692 1929 et
1721 1902 1898 1930 consue-

151 1954 275 2001 tudo,
316 1966 440 2008 quas‚
479 1959 526 1993 ut
555 1966 735 2007 aequum
767 1959 849 2001 est,
893 1953 1070 1993 familias
1099 1953 1331 1993 honestatis
1361 1952 1737 2006 amplitudinisque
1767 1951 1897 2004 gratia

151 2015 336 2055 nomino.
393 2016 539 2069 Itaque
579 2028 631 2055 ex
675 2016 866 2055 omnibus
907 2016 993 2056 suis
1033 2016 1261 2055 commodis
1300 2015 1381 2055 hoc
1421 2015 1555 2055 solum
1585 2011 1671 2053 filio
1700 2013 1895 2067 reliquit:

151 2090 246 2117 nam
282 2077 578 2130 patrimonium
619 2078 836 2118 domestici
876 2078 1108 2131 praedones
1139 2077 1179 2117 vi
1211 2083 1398 2131 ereptum
1428 2076 1667 2130 possident,
1710 2075 1820 2116 fama
1856 2081 1898 2115 et

149 2138 233 2178 vita
270 2138 504 2179 innocentis
542 2139 592 2179 ab
630 2140 866 2193 hospitibus
906 2140 1135 2193 amicisque
1175 2139 1359 2192 paternis
1400 2138 1648 2178 defenditur.
1707 2135 1774 2178 1¹6.
1816 2138 1945 2177 Hic30

149 2213 243 2240 cum
273 2200 385 2240 omni
415 2206 601 2254 tempore
631 2201 862 2241 nobilitatis
891 2201 1030 2242 fautor
1058 2202 1228 2249 fuisset,
1260 2207 1348 2242 tum
1376 2201 1458 2241 hoc
1485 2201 1665 2241 tumultu
1685 2200 1894 2254 proximo,

148 2337 192 2379 (p.
218 2337 280 2370 ⁴70
303 2338 352 2379 Ρ.)
385 2346 466 2370 011111
493 2337 662 2370 similibus
693 2339 887 2379 transmitti,
924 2340 1080 2379 receptui,
1117 2340 1254 2371 ostentui
1279 2339 1514 2379 coniungitur;
1552 2338 1616 2371 sed
1638 2337 1738 2380 plura
1762 2348 1804 2370 ex
1826 2338 1894 2370 hoc

147 2395 275 2427 genere
298 2395 378 2419 raro
403 2387 582 2426 dicuntur,
609 2390 646 2419 ut
669 2389 846 2429 despicatui
869 2389 963 2430 apud
987 2389 1058 2421 Cic.
1077 2388 1187 2421 semel
1211 2388 1352 2429 legitur,
1379 2391 1458 2420 ante
1478 2390 1598 2420 autem
1613 2389 1705 2430 apud
1722 2387 1892 2427 Plautum,

146 2444 213 2468 nee
235 2438 315 2478 post
337 2437 518 2478 usitatum,
546 2440 580 2470 et
602 2439 636 2470 in
659 2439 793 2480 primae
819 2440 940 2471 aetatis
965 2439 1178 2471 orationibus
1202 2440 1325 2471 Cicero
1349 2441 1384 2471 et
1398 2438 1568 2471 vocabula
1584 2437 1747 2470 nonnulla
1763 2440 1798 2469 et
1813 2446 1895 2469 con-

145 2486 355 2519 structiones
385 2489 518 2528 posuit,
553 2488 680 2530 quibus
714 2492 837 2531 postea
861 2489 1036 2522 abstinuit.
1083 2488 1169 2521 lliud
1192 2491 1310 2521 tamen
1333 2498 1403 2521 non
1426 2489 1677 2527 omittendum,
1711 2496 1771 2527 ea,
1804 2496 1893 2528 quae

146 2535 304 2569 similiter
325 2536 536 2577 formantur,
562 2539 634 2571 fere
659 2539 709 2571 sic
733 2548 814 2571 cum
829 2539 938 2571 verbo
962 2549 1027 2572 esse
1049 2540 1227 2580 coniungi,
1253 2542 1291 2571 ut
1309 2540 1448 2581 passive
1466 2539 1509 2571 de
1526 2539 1686 2571 subiecto
1701 2536 1895 2577 intelligan-

145 2585 218 2626 tur,
241 2587 282 2618 ut
297 2595 375 2619 esse
392 2587 587 2629 despicatui,
613 2589 743 2628 irrisui,
768 2590 963 2629 contemptui
981 2591 1070 2621 etc.»
1095 2590 1301 2630 Nuperrime
1317 2591 1498 2630 proposuit
1512 2589 1663 2621 Klotzius
1680 2588 1725 2628 (in
1743 2587 1798 2618 ed.
1816 2588 1890 2626 11.):

145 2643 256 2668 omnes
276 2635 361 2668 hanc
384 2639 602 2677 quaestionem
625 2642 653 2670 te
671 2642 843 2679 praetore,
876 2639 1055 2679 manifestis
1082 2638 1249 2679 maleficiis
1277 2639 1504 2679 cotidianoque
1525 2639 1685 2678 sanquine
1707 2638 1890 2676 dimissam,

144 2689 278 2726 sperant
304 2687 454 2728 futuram
486 2687 551 2728 (vel
582 2689 616 2719 in
638 2688 817 2729 manifestis
839 2706 856 2711 -
873 2706 891 2711 -
914 2689 971 2719 diu
993 2688 1170 2728 omissam).
1217 2688 1349 2720 Verum
1381 2688 1536 2727 videtur,
1570 2686 1663 2729 quod
1693 2688 1739 2718 ait
1763 2687 1818 2718 Or.
1844 2687 1890 2725 ⁹2„

145 2737 372 2778 sententiam,
399 2746 488 2779 quae
512 2737 596 2770 latet
617 2739 650 2770 in
674 2737 791 2771 verbiS
817 2738 1006 2778 corruptis,
1031 2737 1122 2769 hanc
1146 2736 1269 2769 fuisse:
1306 2738 1455 2769 «Omnes
1478 2738 1568 2769 hanc
1593 2738 1834 2778 quaestionem
1857 2738 1891 2767 te

143 2787 306 2826 praetore
330 2788 523 2821 manifestis
547 2787 724 2820 maleficiis
749 2787 1021 2829 quotidianoque
1045 2788 1203 2827 sanguini
1226 2787 1333 2819 finem
1357 2789 1392 2819 et
1414 2787 1559 2819 modum
1582 2787 1724 2818 tandem
1750 2787 1894 2827 sperant

143 2833 352 2868 factm-amn:
378 2837 442 2870 sed
465 2847 508 2870 ne
533 2838 616 2869 mihi
641 2837 784 2878 quidem
808 2836 967 2876 Madvigii
992 2836 1208 2876 emendatio,
1236 2837 1396 2877 quamvis
1419 2837 1462 2868 sit
1485 2838 1596 2875 acuta,
1622 2836 1796 2869 satisfacit.
1829 2836 1894 2867 Re-

141 2881 318 2924 liquorum
348 2888 564 2919 coniecturas
599 2886 734 2919 silentio
766 2886 1000 2918 transmittere
1024 2888 1188 2926 praestat.
1216 2903 1251 2908 —-
1281 2885 1426 2927 sperant]
1452 2889 1574 2925 putant
1595 2886 1660 2917 Mi.
1689 2904 1723 2908 —
1757 2886 1788 2916 4.
1813 2893 1892 2916 con-

142 2937 277 2966 suerunt
303 2936 352 2968 Mi
388 2936 482 2969 solus
511 2946 552 2969 ex
584 2938 684 2968 notis.
725 2955 759 2960 —
796 2938 827 2968 ⁶2.
857 2935 1007 2976 petimus]
1039 2937 1171 2975 penitus
1193 2937 1230 2967 G.
1260 2953 1295 2957 ——
1333 2936 1364 2967 3.
1389 2936 1507 2974 Fanni]
1540 2935 1635 2975 fauni
1668 2936 1748 2975 Lag.
1772 2935 1825 2966 26.
1853 2952 1890 2957 —

143 2983 174 3014 5.
199 2985 368 3017 ostendetis
391 2986 516 3018 codd.:
549 2987 750 3018 ostenderitis
772 2987 797 3019 O
822 2995 863 3018 ex
887 2985 976 3016 coni.
1002 2985 1207 3025 Heusingeri
1231 2986 1265 3016 et
1286 2985 1366 3017 Ern.
1381 3010 1388 3024 ,
1425 2985 1484 3025 qui
1506 2987 1689 3026 praeterea
1711 2984 1893 3025 proposuit

143 3034 334 3074 ostendatis,
361 3035 456 3076 quod
479 3035 594 3068 Madv.
619 3036 772 3077 recepit;
799 3037 833 3067 at
854 3044 888 3066 v.
913 3033 1004 3066 Iord.
1029 3033 1050 3066 l.
1071 3044 1100 3067 c.
1124 3044 1159 3076 p.
1186 3035 1260 3066 660.
1289 3052 1324 3058 -
1350 3034 1381 3066 9.
1407 3037 1585 3074 temptatur
1608 3035 1650 3072 G,
1674 3035 1714 3065 ut
1737 3041 1890 3074 semper.

146 3098 182 3104 —-
208 3082 261 3115 ⁴3.
286 3084 394 3124 ipsum
418 3093 488 3117 om.
508 3086 545 3117 G.
574 3103 610 3107 —
636 3085 690 3117 46.
715 3085 743 3116 is
766 3093 835 3117 om.
855 3085 891 3116 G.
913 3102 948 3106 —
975 3084 1027 3115 48.
1051 3084 1130 3116 haec
1153 3093 1237 3123 quae
1254 3092 1282 3116 0.
1305 3102 1340 3109 -0
1365 3084 1419 3116 ΞΟ.
1444 3084 1605 3116 audacias
1620 3085 1658 3115 G.
1680 3101 1715 3105 —
1740 3082 1793 3114 22.
1811 3082 1894 3114 Sex-

133 3134 195 3163 rtus
217 3133 244 3164 G
268 3137 303 3166 et
326 3133 434 3167 Gud.:
458 3135 537 3167 Sex.
563 3133 678 3175 vulgo.
705 3151 743 3158 -
768 3134 940 3166 Amerinus
963 3141 1033 3165 om.
1060 3135 1097 3166 C.
1123 3135 1157 3166 et
1181 3134 1257 3166 cod.
1277 3134 1314 3166 C.
1332 3134 1470 3176 Steph.;
1497 3135 1532 3166 at
1546 3133 1662 3165 firmat
1676 3129 1768 3172 vulg.
1787 3131 1893 3163 etiam

144 3178 314 3222 Sulpicius
336 3183 455 3216 Victor
475 3194 511 3226 p.
528 3184 591 3218 205
609 3185 716 3226 Capp.
745 3202 780 3207 —
806 3184 859 3217 ⁶24.
881 3184 1020 3224 primus]
1038 3184 1193 3224 princeps
1208 3185 1289 3224 Lag.
1308 3183 1338 3215 9.
1360 3201 1396 3206 —
1422 3183 1475 3216 28.
1501 3181 1623 3223 itaque]
1647 3179 1766 3213 malim
1781 3183 1890 3220 atque,

145 3230 240 3271 quod
261 3230 358 3264 haud
378 3242 459 3266 raro
482 3234 518 3266 in
539 3235 650 3274 itaque
673 3235 878 3275 corruptum
901 3235 1026 3266 inveni.
1055 3252 1090 3258 —
1116 3235 1262 3266 omnibus
1282 3234 1349 3265 suis
1370 3234 1450 3274 Lag.
1469 3233 1528 3266 26:
1559 3233 1625 3264 suis
1647 3230 1793 3262 omnibus
1814 3229 1889 3262 reli.

145 3281 217 3312 noti
238 3282 274 3313 et
296 3282 342 3323 O,
366 3283 415 3317 Mi
444 3283 591 3316 omnibus
612 3285 693 3325 post
713 3284 888 3316 commodis
910 3283 1027 3316 habet.
1056 3301 1091 3306 —
1124 3284 1177 3316 30.
1202 3285 1382 3317 innocentie
1405 3286 1442 3316 G.
1463 3303 1499 3307 -
1523 3284 1585 3325 hic]
1609 3283 1718 3315 immo
1740 3282 1784 3322 is,
1810 3289 1892 3314 cum

146 3328 190 3361 de
213 3330 330 3364 occiso
351 3333 477 3368 Roscio
499 3341 618 3369 sermo
641 3333 696 3366 sit.
730 3333 781 3367 Cf.
806 3333 850 3367 de
872 3333 939 3367 hac
962 3333 1136 3375 frequenti
1159 3334 1361 3369 confusione
1384 3332 1430 3368 ad
1453 3333 1485 3376 §-
1509 3333 1585 3366 448.

201 3391 318 3424 Cimo
337 3392 426 3427 1211.
1524 3393 1550 3438 3
