2143 3713
789 223 859 263 AD
889 223 1166 264 ACTIONEM
1195 222 1226 261 Ι.
1799 217 1879 259 445

142 336 178 366 ut
199 332 293 366 solus
316 333 357 364 29
382 331 501 370 habet,
526 336 646 361 veram
670 336 748 360 esse
772 326 976 366 lectionem,
1003 337 1044 359 ex
1068 327 1150 368 ipsis
1175 325 1312 357 mendis
1336 323 1408 356 rell.
1437 324 1538 356 codd.
1557 324 1709 356 melioris
1733 323 1880 356 familiae

142 390 295 430 apparet.
326 406 359 410 -
387 388 439 419 43.
465 386 596 418 dicendo
621 385 720 423 Lagg.
740 384 878 423 praeter
902 384 932 414 6.
952 383 1003 415 42.
1025 401 1059 405 —
1088 383 1139 414 45.
1163 381 1363 412 ‘monimenta
1385 379 1438 411 29.
1456 379 1514 418 42,
1540 379 1559 412 4
1583 380 1656 419 alii,
1685 382 1719 411 et
1734 381 1784 411 sic
1801 388 1882 412 sae-

141 446 337 486 pissime.—
355 444 408 476 23.
425 443 615 481 cuiusquam
630 443 698 470 tam
708 439 826 478 patria
838 439 891 477 29,
910 440 1017 477 reete,
1037 440 1075 470 ut
1087 437 1277 469 videtur.-
1297 436 1350 467 27.
1366 436 1521 475 pecunias
1537 436 1641 467 etiam
1657 435 1698 467 29
1715 445 1747 476 p.
1763 435 1878 468 4248.

231 509 306 541 pag.
334 500 406 532 423.
433 508 464 530 v.
492 498 521 528 4.
543 495 680 536 publicis
702 503 773 526 om.
799 495 818 525 7
843 495 928 526 dett.
950 512 984 517 -
1011 495 1042 526 2.
1068 493 1275 533 depeculatus
1296 495 1341 524 est
1364 493 1458 523 recte
1483 490 1614 522 habent
1637 499 1759 523 omnes
1776 492 1879 531 Lagg.

146 574 180 579 —
207 558 238 588 5.
264 555 360 587 simul
381 563 398 586 e
422 554 473 593 (ex
497 553 562 590 et‘t)
597 551 727 582 illorum
756 550 796 581 29
821 559 854 590 p.
897 568 931 572 —
969 549 1000 581 8.
1026 549 1066 580 ab
1094 548 1274 580 hominibus
1296 547 1336 578 29
1361 556 1396 588 p.
1436 547 1559 586 (Deest
1588 545 1689 577 lectio
1714 546 1805 587 apud
1830 546 1881 585 Z.,

145 621 249 653 quam
274 618 393 642 veram
416 607 552 647 iudico.)
579 623 616 629 —
641 606 788 637 arbitror
810 614 874 636 esse
895 606 1055 636 neminem
1071 604 1124 635 29.
1150 605 1267 643 (Deest
1290 604 1372 634 item
1397 601 1488 642 apud
1506 602 1554 641 Z.)
1575 619 1609 624 —
1635 602 1687 632 22.
1706 601 1794 633 vobis
1809 610 1879 632 om.

145 669 245 706 Lana.
272 667 410 707 praeter
432 664 483 696 29.
511 680 547 686 —
573 661 626 693 23.
651 662 825 693 constituta
849 662 889 691 sit
913 662 953 692 ab
976 670 1012 692 eo
1028 660 1080 692 29.
1102 678 1136 681 -
1162 660 1214 691 28.
1241 661 1310 690 tola
1331 658 1500 690 conductio
1516 658 1614 698 Lagg.
1639 675 1673 680 ·——
1700 657 1752 689 36.
1775 658 1883 697 primo

144 732 212 754 om.
239 722 291 753 29.
321 739 354 744 —
381 721 432 753 38.
458 720 584 750 intuma
606 717 660 749 29.

230 787 306 818 pag.
334 776 405 808 424.
432 784 464 807 ν.
491 775 521 806 4.
546 777 582 805 ut
606 782 675 805 om.
701 772 755 804 29.
785 791 819 795 —
854 772 884 804 4.
910 771 1036 812 etenim]
1061 774 1090 803 et
1114 772 1126 801 4
1157 771 1192 802 et
1214 770 1255 801 29
1279 779 1312 811 p.
1343 788 1376 792 —
1411 770 1442 801 5.
1464 768 1581 809 palam
1604 770 1623 800 5
1646 778 1680 810 p.
1707 770 1741 800 et
1763 768 1817 800 29.
1845 786 1880 791 -

144 834 175 865 6.
200 837 235 864 ut
258 832 421 863 amicitiae
443 831 461 861 7
486 830 570 861 dett.
599 847 633 852 -
660 829 691 860 8.
716 830 868 860 maasima
890 828 1065 860 victoriam
1085 826 1280 867 9ratulatur
1302 827 1404 866 Lagg.
1431 826 1571 866 praeter
1594 825 1624 856 6.
1653 843 1686 847 —
1715 824 1766 856 46.
1793 824 1884 864 aspi-

143 889 267 920 ciebant
289 888 329 918 29
353 896 386 928 p.
408 905 442 909 -
468 885 519 917 49.
546 888 575 916 et
595 884 764 924 perspicue
787 892 922 915 omnes.
944 902 978 906 —
1004 883 1057 914 25.
1083 891 1147 913 non
1171 890 1240 913 om.
1267 882 1325 919 29;
1350 890 1429 912 num
1451 880 1492 912 42
1516 882 1552 912 et
1574 881 1592 913 3
1610 879 1676 911 alii.
1698 898 1730 902 —
1758 879 1811 911 30.
1829 880 1885 911 hos

143 945 184 976 29
207 954 240 985 p.
268 960 302 965 —
328 942 379 974 34.
405 940 645 981 congyralulatio
667 941 698 971 5.
724 940 777 971 27.
803 939 855 972 42.
885 958 920 962 —
947 939 998 971 35.
1024 938 1281 980 yratulationem
1303 937 1356 968 isti
1379 937 1397 968 6
1422 936 1505 968 dett.

230 1007 306 1040 pag.
333 998 404 1029 425.
431 1005 464 1028 ν.
483 997 513 1028 4.
530 1005 570 1028 ne
584 996 662 1027 haec
679 996 808 1035 quidem
822 996 901 1027 mihi
917 1004 968 1026 res
983 995 1035 1026 29.
1063 995 1180 1033 (Deest
1196 993 1288 1034 apud
1305 993 1521 1033 Zumptium,
1548 992 1606 1033 qui
1623 1000 1750 1033 pravae
1767 990 1884 1023 lectio-

144 1055 195 1086 nis
217 1063 257 1085 ne
278 1054 356 1084 haec
379 1053 458 1083 mihi
482 1052 609 1092 quidem
631 1060 683 1083 res
706 1053 828 1083 auctor
853 1051 929 1090 suit,
956 1051 1043 1082 haec
1060 1058 1143 1081 vera
1168 1048 1285 1085 lectio,
1313 1057 1402 1089 quae
1427 1049 1495 1080 iam
1518 1047 1717 1089 recipienda
1741 1048 1829 1087 erit.)
1846 1064 1880 1069 —-

143 1111 174 1142 2.
202 1109 336 1141 Falsum
353 1107 491 1140 videtur
508 1107 601 1148 quod
625 1107 775 1139 affirmat
798 1107 966 1138 Iordanus
983 1104 1156 1145 vulgatam
1171 1113 1274 1144 neque
1296 1108 1403 1136 tamen
1420 1104 1498 1143 quid
1513 1107 1603 1135 tanto
1618 1112 1713 1144 opere
1728 1104 1761 1135 in
1779 1103 1880 1135 codd.

144 1164 372 1198 deterioribus
397 1165 549 1201 exstare3
575 1164 683 1195 immo
708 1164 761 1194 est
784 1166 892 1194 tamen
916 1161 1113 1193 emendatio
1138 1161 1293 1196 Manum,
1320 1160 1418 1191 cuius
1441 1158 1666 1200 probabilitas
1689 1160 1756 1191 iam
1778 1160 1883 1191 etiam

144 1222 253 1252 maior
274 1220 428 1258 Videtur,
454 1221 640 1260 postquam
664 1220 839 1259 cognitum
865 1220 918 1250 est
941 1217 1047 1249 libros
1073 1226 1139 1249 non
1163 1226 1265 1257 neque
1288 1217 1365 1255 quid
1387 1219 1573 1255 tantopere,
1599 1215 1662 1247 sed
1684 1224 1786 1255 neque
1808 1219 1885 1246 tan-

142 1279 250 1315 topere
273 1276 350 1316 quid
372 1275 523 1313 habere,
557 1276 594 1306 ut
617 1274 775 1306 facillime
801 1277 910 1305 tamen
933 1275 1012 1305 ante
1036 1276 1127 1304 tanto
1151 1271 1341 1303 oblitterari
1364 1272 1526 1312 potuerit.
1556 1289 1590 1294 —-
1617 1271 1648 1303 6.
1673 1279 1738 1303 esse
1758 1271 1886 1303 relictos

141 1333 182 1363 29
208 1332 282 1371 (esse
305 1339 374 1363 om.
399 1330 613 1370 Arusianus).
643 1349 678 1353 —
705 1331 735 1362 7.
762 1330 875 1362 debere
897 1330 972 1361 sine
995 1329 1105 1369 facere
1127 1328 1233 1359 hahet
1257 1328 1275 1359 5
1300 1335 1391 1359 corr.
1420 1345 1455 1350 —
1483 1327 1533 1358 40.
1559 1327 1658 1358 etiam
1680 1335 1750 1358 om.
1776 1326 1830 1358 42.
1847 1344 1883 1350 —

140 1387 314 1427 proxumis
335 1387 389 1419 29.
418 1405 453 1409 —
480 1387 532 1418 44.
558 1386 710 1418 continuo
734 1394 802 1418 om.
830 1386 931 1426 Lagg.
957 1385 1098 1425 praeter
1119 1385 1172 1416 29.
1190 1383 1243 1416 42.
1266 1401 1299 1405 —
1326 1383 1379 1415 42.
1404 1382 1462 1414 hoc
1484 1383 1586 1423 Lagg.
1614 1383 1755 1423 praeter
1776 1382 1830 1414 29.
1848 1399 1884 1404 —

143 1443 193 1475 48.
217 1442 473 1483 praemonebant
495 1442 536 1474 29
562 1443 596 1474 et
618 1441 637 1474 4
662 1441 727 1474 alii.
750 1460 784 1464 —
811 1442 864 1473 24.
889 1441 1060 1482 negocium
1082 1440 1134 1473 29.
1156 1457 1191 1463 -
1217 1439 1269 1471 23.
1294 1439 1419 1471 minari
1434 1447 1560 1478 quoque
1574 1439 1614 1471 29
1631 1447 1664 1479 p.
1687 1456 1721 1461 -
1747 1439 1799 1470 25.
1816 1438 1887 1478 ipso

141 1507 211 1531 om.
238 1498 279 1530 29
303 1507 337 1540 p.

227 1563 304 1595 pag.
332 1554 404 1586 426.
430 1563 464 1586 v.
490 1554 522 1586 4.
548 1554 599 1586 Ad
623 1553 738 1586 locum
763 1554 966 1594 corruptum
991 1553 1083 1592 (nam
1108 1560 1189 1584 eum
1206 1552 1409 1593 corruptum
1434 1559 1512 1583 esse
1536 1552 1609 1592 ipsa
1626 1549 1762 1582 Iordani
1785 1550 1889 1582 inter-

141 1611 333 1651 pretatione
358 1610 618 1652 comprobatur)
644 1619 685 1642 ex
709 1609 811 1641 codd.
839 1611 939 1649 Lagg.
967 1608 1057 1640 nulla
1074 1609 1224 1640 varietas
1248 1608 1419 1648 exscripta
1444 1609 1508 1639 est.
1529 1626 1564 1630 —
1590 1607 1620 1638 6.
1645 1606 1726 1648 iam]
1745 1615 1817 1638 eam
1833 1605 1886 1638 44.

141 1667 194 1698 27.
220 1666 272 1698 29.
299 1665 351 1698 42.
377 1666 431 1698 45.
459 1684 493 1689 —
521 1666 552 1698 8.
578 1670 607 1697 ct
628 1675 680 1697 me
702 1667 736 1697 in
759 1673 881 1697 omnes
905 1666 1007 1704 Lagg.
1036 1665 1082 1703 (ln
1107 1663 1224 1696 adnot.
1248 1673 1312 1705 pro
1335 1664 1353 1694 7
1379 1663 1548 1703 corrigas:
1575 1663 1618 1702 8.)
1639 1680 1674 1685 -
1701 1662 1731 1693 9.
1757 1661 1891 1693 arcessit

143 1722 247 1753 etiam
270 1722 323 1753 29.
342 1721 395 1754 42.
415 1740 451 1745 -
472 1722 524 1753 43.
549 1721 675 1753 nocerei
691 1722 744 1753 29.
766 1739 800 1744 —
822 1721 873 1752 45.
899 1721 986 1752 testis
1003 1720 1044 1751 29
1061 1728 1095 1761 p.
1117 1738 1151 1742 —
1179 1720 1231 1751 47.
1257 1720 1383 1751 homine
1398 1720 1565 1751 innocente
1581 1719 1682 1759 Lagg.
1703 1735 1739 1740 —
1765 1717 1818 1749 23.
1836 1717 1890 1748 in-

144 1777 340 1817 quirendum
364 1778 405 1808 29
430 1787 462 1818 p.
492 1796 527 1799 —
554 1777 605 1809 30.
630 1777 784 1808 habemus
807 1778 908 1817 Lagg.
937 1778 1075 1817 praeter
1096 1775 1149 1808 4¹2.
1176 1792 1212 1798 —
1239 1776 1292 1807 30.
1317 1775 1469 1807 Mallium
1488 1775 1541 1806 27.
1560 1774 1618 1813 29;
1644 1773 1820 1806 Manilium
1833 1772 1887 1806 42.

147 1851 181 1855 —
208 1833 259 1864 34.
285 1832 363 1873 tum]
387 1842 461 1864 cum
483 1833 524 1864 29
550 1834 584 1864 et
606 1832 624 1863 3
649 1831 715 1863 alii.
744 1851 779 1855 —
806 1833 858 1864 33.
886 1832 1056 1871 Creperius
1078 1832 1131 1862 29.

231 1897 308 1929 pag.
329 1889 340 1919 4
350 1889 400 1920 27.
426 1898 459 1920 V.
478 1889 509 1920 5.
535 1889 667 1919 consilio
689 1891 754 1920 toto
769 1888 822 1918 29.
845 1905 878 1910 —-
905 1887 935 1918 9.
956 1887 1148 1928 quindecim]
1172 1887 1311 1918 ΧΧ129.
1339 1887 1417 1925 (non
1442 1876 1530 1925 ffi,
1562 1887 1601 1917 ut
1624 1887 1677 1918 est
1700 1886 1734 1917 in
1759 1885 1889 1925 adnot.)

147 1961 184 1967 —
211 1945 261 1975 42.
287 1945 471 1976 accusando
495 1945 596 1984 Lagg.
622 1945 762 1985 praeter
784 1942 835 1975 45.
857 1961 892 1964 —
920 1943 971 1974 45.
993 1946 1181 1983 praetorem
1204 1951 1273 1974 om.
1291 1943 1393 1982 Lagg.
1412 1943 1522 1983 praet.
1541 1941 1595 1974 29.
1617 1961 1652 1965 -—
1677 1941 1731 1974 28.
1752 1940 1891 1982 publicis

144 2000 186 2031 29
210 2008 242 2040 p.
271 2017 305 2022 -
332 2000 383 2031 38.
409 2008 474 2031 esse
497 2008 566 2031 om.
592 2000 633 2031 29
657 2008 690 2040 p.

230 2064 307 2096 pag.
335 2056 408 2088 428.
432 2065 465 2087 v.
492 2056 523 2087 4.
548 2056 581 2086 id
605 2055 690 2095 quod
711 2055 790 2086 mihi
813 2055 854 2086 29
878 2063 912 2096 p.
941 2072 974 2076 ψ
1013 2054 1065 2086 43.
1086 2054 1394 2094 periculosissimum
1417 2053 1471 2085 29.
1499 2072 1534 2077 -—
1567 2054 1619 2085 49.
1645 2062 1752 2085 secum
1774 2053 1892 2085 habere

145 2112 246 2152 Lagg.
273 2112 382 2152 praet.
409 2112 463 2143 27.
491 2128 526 2132 —
552 2112 605 2142 22.
631 2114 689 2142 aut
713 2111 860 2150 accipere
883 2114 941 2141 aut
962 2111 1107 2150 recipere
1129 2110 1236 2142 habet
1259 2111 1363 2142 etiam
1380 2110 1432 2142 29.
1470 2110 1565 2141 Hanc
1589 2110 1757 2150 optimam
1773 2108 1893 2142 lectio—

146 2175 243 2204 nem,
270 2175 375 2207 quam
399 2166 489 2198 Iord.
518 2167 691 2198 immerito
717 2167 867 2207 sprevit,
894 2166 998 2198 etiam
1023 2166 1370 2198 Pseudo-Asconium
1394 2166 1428 2197 in
1451 2174 1515 2197 suo
1539 2164 1700 2206 exemplo
1723 2164 1891 2197 habuisse

146 2231 188 2253 ex
211 2223 284 2254 eius
308 2223 591 2264 interpretatione
616 2221 713 2254 facile
737 2223 893 2263 apparet.
923 2240 957 2244 —
988 2222 1042 2254 28.
1068 2222 1251 2253 huiusmodi
1274 2223 1352 2253 haec
1375 2230 1427 2253 res
1448 2221 1490 2252 29
1513 2223 1622 2253 recte.
1657 2239 1693 2244 -
1730 2221 1783 2254 32.
1808 2222 1893 2253 inter

145 2278 251 2309 decem
273 2278 339 2310 dies
361 2287 465 2310 annos
486 2278 527 2310 29
552 2287 584 2319 p.
612 2296 647 2300 —
672 2278 724 2311 35.
749 2278 839 2309 nullo
862 2277 967 2309 iudice
989 2278 1137 2317 nequiter
1158 2278 1324 2309 iudicante
1346 2277 1543 2319 suspicatur
1564 2277 1594 2309 J.
1617 2276 1698 2309 Geel
1722 2277 1767 2309 ad
1789 2278 1890 2310 Dion.

147 2333 326 2374 Chrysost.
354 2343 404 2365 or.
431 2333 566 2375 Olymp.
593 2342 626 2374 p.
652 2333 727 2365 297.

157 2431 159 2434 7
232 2397 309 2430 pag.
336 2390 408 2421 429.
433 2399 465 2421 ν.
492 2389 523 2422 4.
550 2389 667 2430 tricies]
686 2380 783 2421 Ἦ
799 2389 858 2428 29;
883 2389 972 2421 XXX
990 2388 1045 2421 vel
1068 2390 1162 2421 XXX.
1180 2390 1227 2421 M.
1245 2388 1319 2421 rell.
1339 2390 1455 2431 Lagg.‚
1481 2390 1519 2421 ut
1542 2390 1576 2421 Z.
1595 2390 1691 2421 reete
1714 2388 1889 2421 indicavit.

149 2445 200 2486 (In
225 2445 342 2477 adnot.
369 2446 523 2477 erratum
548 2445 625 2481 est.)
654 2464 688 2468 -—
715 2446 745 2477 9.
771 2445 880 2477 Attilio
904 2446 1005 2485 Lagg.
1031 2446 1172 2486 praeter
1194 2446 1247 2477 29.
1268 2463 1303 2468 —
1330 2445 1382 2478 43.
1407 2446 1563 2485 reciperet
1587 2446 1689 2485 Lagg.
1707 2446 1818 2486 praet.
1837 2444 1890 2477 42.

149 2518 184 2523 —-
211 2501 264 2532 45.
289 2510 347 2542 eqo
370 2500 502 2533 habent
526 2501 627 2542 Lagg.
646 2510 782 2533 omnes.
803 2520 838 2524 —
866 2502 917 2533 48.
939 2501 1098 2541 pollicear
1120 2502 1161 2533 29
1177 2510 1211 2542 p.
1233 2520 1268 2524 —
1294 2502 1346 2534 20.
1372 2510 1412 2533 ac
1428 2502 1481 2533 29.
1503 2519 1538 2524 -
1563 2502 1617 2533 24.
1643 2501 1721 2532 aud.
1738 2510 1770 2532 se
1788 2509 1893 2540 prae-

146 2556 266 2588 dixisse
287 2556 341 2588 29.
362 2575 395 2580 —
422 2557 475 2589 28.
501 2556 556 2589 M'.
575 2556 667 2589 solus
684 2556 736 2589 42.
758 2575 793 2580 —
818 2557 871 2589 29.
897 2558 1220 2589 commemoraverim
1234 2557 1289 2589 29.
1310 2576 1346 2581 —
1372 2558 1424 2590 30.
1448 2561 1485 2589 ut
1506 2560 1575 2588 nat.
1593 2556 1647 2589 42.
1668 2575 1703 2579 —
1721 2556 1774 2588 35.
1789 2565 1893 2596 prae-

146 2613 210 2644 tori
233 2613 337 2645 etiam
361 2613 414 2645 29.
442 2630 478 2635 —-
505 2612 557 2645 37.
582 2622 648 2645 non
671 2622 764 2653 posse
787 2621 856 2645 om.
882 2613 936 2645 29.

230 2677 308 2709 pag.
335 2668 408 2700 430.
433 2677 466 2700 V.
495 2669 526 2700 6.
553 2669 777 2701 arbitraretur
800 2670 902 2709 Lagg.
929 2670 1069 2710 praeter
1091 2668 1143 2701 42.
1172 2686 1208 2692 -—
1243 2677 1308 2701 esse
1330 2678 1399 2701 om.
1426 2669 1444 2700 7
1470 2668 1555 2701 dett.
1583 2686 1618 2690 —-
1652 2668 1703 2700 40.
1729 2668 1798 2699 iam
1821 2676 1890 2700 om.

146 2723 264 2756 iidem.
293 2742 328 2746 —
354 2725 406 2757 43.
431 2724 559 2756 nullam
574 2725 615 2757 29
631 2734 665 2766 p.
688 2743 722 2748 —-
750 2725 802 2757 46.
820 2725 1001 2756 clarissimo
1025 2728 1055 2757 et
1075 2725 1251 2765 fortissimo
1266 2725 1319 2756 29.
1341 2725 1420 2765 (om.
1439 2725 1487 2764 Z.)
1507 2741 1543 2746 —
1570 2724 1621 2756 48.
1647 2724 1821 2763 conscripti
1837 2724 1891 2756 29.

149 2798 185 2802 —
210 2780 263 2812 26.
290 2789 329 2811 ac
351 2781 370 2812 7
395 2779 498 2813 dett:
530 2783 560 2812 et
582 2781 635 2813 29.
662 2780 720 2820 42,
752 2781 791 2812 ut
813 2780 962 2812 Videtur.
995 2798 1031 2802 ——
1069 2781 1121 2812 28.
1147 2780 1352 2822 significabat
1373 2780 1414 2813 29
1437 2789 1472 2821 p.
1502 2797 1536 2802 —-
1567 2779 1621 2812 29.
1646 2787 1678 2811 se
1701 2780 1719 2810 7
1743 2778 1827 2811 dett.
1855 2796 1891 2801 -

146 2839 293 2868 nostrum
315 2837 416 2876 Lagg.
442 2837 582 2877 praeter
604 2837 657 2869 27.
683 2835 735 2868 42.

233 2900 310 2933 pag.
338 2891 410 2923 434.
435 2900 469 2923 V.
495 2892 527 2924 4.
553 2895 641 2932 turp.
666 2893 706 2924 sit
727 2893 769 2924 29
792 2901 826 2934 p.
848 2911 883 2915 —
910 2892 942 2924 2.
968 2892 1079 2932 aliquo
1102 2892 1205 2932 Lagg.
1224 2909 1259 2913 —
1288 2892 1339 2923 44.
1365 2891 1470 2923 omnis
1490 2891 1544 2923 29.
1567 2909 1602 2914 -—
1629 2891 1680 2922 47.
1705 2899 1798 2922 nemo
1821 2898 1890 2922 om.

147 2946 200 2979 29.
229 2965 264 2971 —
290 2946 342 2979 34.
364 2947 560 2986 prudentias
580 2948 622 2979 29
645 2957 678 2989 p.
707 2967 742 2971 —
770 2949 823 2980 35.
849 2957 889 2980 ac
911 2948 1027 2979 horum
1050 2947 1155 2979 idem.
1184 2966 1219 2970 —
1245 2947 1298 2979 37.
1324 2947 1486 2979 dimovere
1509 2946 1562 2979 42.

233 3011 311 3044 pag.
338 3003 411 3035 432.
436 3012 470 3034 v.
487 3003 520 3035 2.
545 3004 590 3035 ad
611 3004 645 3035 id
667 3007 793 3045 tempus
815 3004 856 3036 29
872 3013 906 3045 p.
927 3021 963 3026 —-
989 3002 1021 3035 4.
1039 3006 1244 3035 arcesserunt
1266 3003 1318 3035 29.
1341 3021 1376 3026 —
1402 3004 1434 3035 6.
1452 3003 1556 3035 omnis
1577 3002 1684 3034 idem.
1704 3019 1739 3024 -—
1758 3002 1789 3034 8.
1808 3010 1894 3041 qua-—

151 3057 306 3098 draginta
333 3059 386 3091 29.
413 3058 467 3091 42.
493 3060 528 3091 et
556 3057 725 3100 plerique.
763 3077 799 3083 —
837 3060 890 3091 40.
916 3059 1132 3091 diuturnitate
1159 3058 1220 3098 42,
1251 3060 1290 3090 ut
1311 3057 1461 3091 Videtur.
1499 3077 1535 3082 —-
1571 3059 1624 3090 42.
1648 3058 1791 3098 undique
1813 3060 1892 3091 ante

151 3114 357 3154 censendique
380 3113 488 3146 habet
509 3114 563 3146 29.
584 3132 619 3138 -—
645 3115 698 3147 45.
723 3123 890 3155 quoquam
911 3115 966 3147 29.
988 3132 1023 3137 —
1046 3114 1098 3146 48.
1124 3117 1226 3146 totum
1241 3114 1364 3146 crimen
1386 3113 1492 3147 idem.
1514 3133 1550 3138 —
1573 3114 1625 3146 49.
1644 3117 1743 3154 atque
1763 3114 1894 3146 ratione

153 3167 184 3198 6.
208 3167 260 3201 42.
288 3187 323 3192 —
346 3170 399 3202 24.
425 3169 521 3211 quod]
545 3178 619 3201 cum
640 3169 694 3202 29.
715 3189 750 3194 —
775 3170 829 3203 24.
857 3171 1018 3202 desiderat
1040 3170 1143 3210 Lagg.
1169 3170 1308 3210 praeter
1330 3169 1383 3201 29.
1401 3169 1454 3202 42.
1474 3187 1509 3192 —
1535 3170 1588 3202 28.
1615 3172 1714 3209 atque
1735 3170 1770 3200 in
1791 3170 1894 3202 socios

154 3221 213 3262 42,
237 3225 275 3256 ut
295 3225 448 3264 Videtur,
474 3223 580 3257 solus.
610 3243 645 3247 —
678 3226 730 3258 29.
757 3226 858 3259 CCCC
877 3225 933 3257 vel
958 3225 1058 3258 CCCC
1077 3225 1132 3257 HS
1153 3225 1256 3265 Lagg.
1280 3226 1421 3266 praeter
1442 3226 1456 3257 4
1485 3226 1520 3257 et
1542 3226 1580 3264 5,
1606 3225 1665 3266 qui
1685 3225 1741 3257 HS
1762 3233 1833 3258 om.
1853 3243 1890 3249 -

153 3278 193 3309 In
213 3278 255 3310 29
277 3281 330 3312 est
351 3280 582 3323 subscriptio:
607 3283 655 3316 M.
681 3283 775 3315 Tullii
798 3283 961 3316 Ciceronis
981 3282 1016 3314 in
1039 3282 1073 3315 C.
1101 3282 1233 3314 Verrem
1254 3282 1340 3315 actio
1359 3282 1472 3322 prima
1493 3282 1637 3323 mplicit-
