2175 3718
485 231 576 272 Lm.
607 230 657 269 11.
698 229 793 270 CAP.
825 229 1192 270 xxxix—xm.
1235 228 1307 282 §§-
1339 227 1561 272 94—401.
1813 230 1894 272 207

145 356 360 396 umquam,
391 356 526 395 neque
557 343 598 381 in
631 354 700 388 eo,
732 341 843 393 quod
871 342 1130 388 monebatur,
1161 343 1445 381 auctoritatem
1468 346 1594 394 patris
1616 358 1750 397 neque
1773 345 1814 385 in
1834 359 1895 392 eo,

145 405 255 458 quod
293 406 530 458 rogabatur,
572 403 824 443 voluntatem
866 403 1199 455 anteponendam
1232 405 1393 455 putavit
1422 404 1585 444 libidini
1617 420 1735 453 suae,
1776 420 1895 446 mane

145 467 344 507 Kalendis
373 466 692 513 Decembribus,
723 471 767 505 ut
798 466 1006 513 edixerat,
1039 466 1256 505 Sthenium
1278 467 1393 505 citari
1425 467 1551 506 iubet.
1601 466 1666 507 98.
1700 471 1740 509 Si
1764 470 1895 510 abste

146 531 264 569 istam
296 544 381 569 rem
411 542 559 581 parens
593 534 709 574 tuus,
754 528 927 567 alicuius
959 528 1077 566 amici
1109 532 1253 579 rogatu
1285 528 1540 580 benignitate
1573 536 1642 569 aut
1672 532 1895 573 ambitione

145 592 369 639 adductus,
406 591 597 644 petisset,
638 590 878 642 gravissima
922 595 1057 629 tamen
1094 590 1202 642 apud
1245 595 1283 629 te
1324 591 1515 630 voluntas
1546 593 1673 644 patris
1705 608 1794 633 esse
1827 596 1930 635 dte—5

145 655 323 694 buisset:
370 667 460 693 cum
500 666 597 692 vero
638 652 710 691 abs
751 657 789 690 te.
833 653 889 690 tui
930 653 1074 704 capitis
1112 666 1233 691 causa
1273 658 1433 705 peteret
1462 654 1734 707 hominesque
1766 663 1898 697 certos

146 716 268 757 domo
308 716 488 755 misisset
526 714 652 767 hique
695 728 742 753 eo
785 720 966 766 tempore
1003 714 1054 754 ad
1086 720 1125 754 te
1156 716 1392 763 venissent,
1439 730 1530 755 cum
1564 716 1634 755 tibi
1666 718 1707 756 in
1739 718 1899 771 integro

146 784 229 818 tota
260 791 324 817 res
355 782 483 823 esset,
514 790 566 815 ne
598 781 682 816 tuni
715 776 883 828 quidem
915 782 954 816 te
985 778 1139 830 potuit,
1173 779 1207 817 si
1238 792 1320 818 non
1352 779 1541 831 pietatis,
1573 784 1614 818 at
1642 778 1785 818 salutis
1807 785 1899 821 tuae

146 841 248 880 ratio
286 839 336 879 ad
374 837 555 879 officium
597 840 899 892 sanitatemque
938 839 1173 879 reducere?
1230 840 1337 880 Citat
1374 854 1511 880 reum:
1554 855 1637 881 non
1675 843 1900 895 respondit.

148 902 254 942 Citat
273 905 552 941 accusatorem
572 915 580 940 :
613 900 826 953 (attendite
841 931 851 948 ‚
883 914 1058 954 quaeso,
1089 901 1267 948 iudices,
1300 908 1454 954 quanto
1477 916 1601 955 opere
1622 905 1741 944 istius
1763 917 1952 947 amen-⁴0

145 965 226 1003 tiae
257 963 420 1003 fortuna
451 963 540 1016 ipsa
571 963 787 1003 adversata
819 965 890 1009 sit,
923 968 963 1002 et
985 963 1106 1002 simul
1128 963 1290 1010 videte,
1323 965 1392 1016 qui
1416 964 1577 1005 Sthenii
1599 979 1762 1006 causam
1785 981 1902 1008 casus

145 1023 384 1077 adiuverin)
417 1026 564 1065 citatus
596 1030 829 1072 accusator,
861 1026 914 1064 M.
945 1026 1142 1071 Pacilius,
1174 1027 1315 1066 nescio
1337 1041 1419 1079 quo
1451 1040 1547 1067 casu
1574 1042 1656 1069 non
1678 1031 1903 1083 respondit,

146 1102 227 1128 non
260 1087 405 1127 adfuit.
465 1085 531 1126 99.
565 1089 607 1127 Si
649 1101 846 1140 praesens
879 1088 1073 1127 Sthenius
1104 1102 1199 1127 reus
1227 1093 1335 1127 esset
1365 1089 1516 1137 sactus,
1548 1091 1582 1130 si
1614 1091 1832 1132 manifesto
1862 1095 1902 1133 in

147 1148 348 1190 maleficio
379 1155 614 1197 teneretur,
653 1155 813 1197 tamen,
853 1164 945 1189 cum
976 1156 1190 1190 accusator
1218 1164 1301 1191 non
1333 1151 1519 1199 adesset,
1561 1153 1776 1194 Sthenium
1808 1169 1906 1195 con-

149 1213 335 1252 demnari
366 1225 449 1252 non
480 1217 702 1266 oporteret.
761 1213 948 1259 Etenim,
981 1214 1014 1252 si
1044 1218 1185 1266 posset
1214 1227 1307 1253 reus
1339 1214 1509 1254 ahsente
1540 1222 1778 1257 accusatore
1809 1227 1955 1258 con-*15

150 1276 354 1322 demnari,
387 1289 470 1315 non
501 1289 577 1328 ego
609 1289 632 1315 a
662 1276 823 1315 Vibone
855 1275 1015 1314 Veliam
1044 1276 1216 1328 parvulo
1247 1276 1413 1329 navigio
1444 1278 1551 1316 inter
1570 1276 1837 1330 fugitivorum
1859 1293 1905 1320 ac

146 1337 403 1391 praedonum
434 1350 480 1377 ac
512 1343 582 1378 tua
612 1338 694 1378 tela
725 1338 954 1385 venissem,
987 1351 1069 1390 quo
1100 1343 1285 1390 tempore
1316 1340 1449 1379 omnis
1481 1339 1552 1379 illa
1581 1353 1672 1379 mea
1695 1341 1905 1383 festinatio

146 1399 224 1440 fuit
254 1414 345 1440 cum
375 1400 562 1453 periculo
594 1401 739 1453 capitis
772 1400 822 1439 ob
864 1413 953 1439 eam
993 1412 1181 1447 causam,
1223 1414 1275 1439 ne
1306 1405 1350 1440 tu
1381 1415 1435 1440 ex
1464 1403 1547 1441 reis
1579 1403 1831 1452 eximerere,
1873 1407 1906 1445 si

148 1476 223 1516 ego
255 1463 306 1503 ad
337 1462 446 1503 diem
477 1476 560 1502 non
591 1462 828 1504 adfuissem.
892 1462 1012 1510 Quod
1044 1463 1172 1514 igitur
1200 1463 1275 1502 tibi
1321 1469 1407 1503 erat
1436 1464 1478 1503 in
1508 1469 1579 1503 tuo
1608 1465 1762 1506 iudicio
1792 1472 1907 1520 opta-

146 1527 372 1573 tissimum,
404 1540 492 1573 me,
524 1540 616 1565 cum
648 1526 796 1566 citatus
834 1539 987 1571 essem,
1018 1538 1102 1564 non
1132 1525 1302 1572 adesse,
1335 1540 1406 1565 cur
1439 1526 1610 1566 Sthenio
1642 1541 1724 1567 non
1754 1531 1908 1582 putasti
1921 1540 1956 1569 20

147 1589 346 1642 prodesse
387 1594 598 1642 oportere,
640 1603 729 1628 cum
774 1589 862 1628 eius
894 1592 1107 1627 accusator
1135 1601 1218 1628 non
1250 1588 1479 1628 adfuisset?
1528 1589 1673 1642 Itaque
1703 1590 1820 1638 fecit,
1863 1597 1909 1632 ut

150 1652 287 1690 exitus
334 1651 538 1704 principio
581 1650 817 1690 simillimus
857 1651 1130 1704 reperiretur:
1179 1665 1300 1703 quem
1340 1651 1553 1692 absentem
1586 1666 1701 1692 reum
1732 1653 1908 1703 fecerat,

151 1727 244 1753 eum
284 1713 455 1753 absente
495 1719 732 1753 accusatore
773 1714 1032 1754 condemnat.
1091 1713 1198 1752 XLI.
1232 1710 1324 1752 1100.
1363 1714 1638 1753 Nuntiabatur
1665 1714 1726 1754 illi
1764 1716 1908 1769 primis

151 1776 233 1815 illis
265 1775 539 1828 temporibus,
583 1775 624 1814 id
655 1775 766 1827 quod
794 1782 914 1828 pater
943 1789 1108 1828 quoque
1138 1774 1191 1814 ad
1224 1789 1317 1815 eum
1347 1775 1534 1829 pluribus
1564 1776 1701 1816 verbis
1733 1778 1909 1831 scripse-

151 1843 236 1884 rat,
267 1838 459 1889 agitatam
489 1850 576 1876 rem
608 1850 698 1876 esse
730 1838 772 1876 in
803 1843 970 1877 senatu:
1002 1838 1125 1877 etiam
1155 1838 1198 1876 in
1229 1839 1422 1878 contione
1453 1838 1663 1878 tribunum
1693 1840 1826 1892 plebis
1857 1841 1909 1881 de
1923 1855 1960 1885 25

154 1912 277 1938 causa
308 1898 469 1937 Sthenii
499 1900 553 1938 M.
575 1898 811 1938 Palicanum
843 1912 934 1939 esse
964 1904 1178 1951 questum:
1210 1905 1418 1952 postremo
1450 1914 1514 1940 me
1545 1901 1677 1953 ipsum
1703 1902 1810 1955 apud
1830 1903 1909 1943 hoc

155 1960 373 2013 collegium
404 1960 660 2000 tribunorum
690 1960 846 2014 plebis,
877 1975 968 2001 cum
1001 1974 1140 2000 eorum
1163 1963 1346 2001 omnium
1377 1962 1513 2002 edicto
1543 1977 1626 2003 non
1657 1964 1802 2004 liceret
1830 1966 1911 2006 Ro-

157 2035 248 2061 mae
279 2035 529 2075 quemquam
561 2036 674 2070 esse,
707 2024 776 2076 qui
807 2024 867 2063 rei
899 2023 1086 2076 capitalis
1109 2023 1408 2065 condemnatus
1430 2030 1558 2073 esset,
1591 2026 1724 2078 egisse
1745 2041 1909 2068 causam

156 2083 338 2131 Sthenii3
370 2089 411 2122 et
441 2097 532 2123 cum
562 2098 647 2123 rem
679 2085 735 2124 ita
766 2085 1075 2137 exposuissem,
1108 2098 1233 2137 quem
1261 2086 1312 2125 ad
1344 2087 1512 2126 modum
1544 2101 1655 2128 nunc
1684 2090 1792 2144 apud
1823 2105 1910 2139 VOS,

156 2145 471 2199 docuissemque
511 2146 617 2186 hanc
657 2147 964 2187 damnationem
997 2148 1091 2187 duci
1134 2162 1217 2188 non
1249 2155 1461 2202 oportere:
1502 2163 1530 2190 x
1560 2152 1747 2193 tribunos
1777 2154 1910 2207 plebis
1924 2167 1961 2196 30

152 2206 230 2247 hoc
262 2209 453 2248 statuisse
486 2208 609 2261 idque
642 2209 692 2248 de
723 2210 905 2249 omnium
936 2211 1143 2250 sententia
1171 2213 1483 2264 pronuntiatum
1515 2227 1629 2261 esse,
1660 2228 1741 2255 NON
1771 2229 1911 2257 vmmu

155 2270 371 2310 STHENIVM
402 2283 594 2310 lMPEDIRI
624 2284 794 2318 Emere,
826 2285 905 2318 Qvo
936 2286 1059 2313 mxvs
1090 2287 1132 2313 EI
1154 2286 1331 2314 Llcssnssr
1357 2275 1505 2315 Roma
1535 2289 1646 2316 ESSE.
1694 2274 1787 2318 401.
1812 2279 1912 2319 Cum

152 2332 255 2372 haec
285 2332 335 2372 ad
366 2334 489 2372 istum
520 2333 785 2381 afferrentur,
816 2336 1027 2387 pertimuit
1057 2336 1281 2389 aliquando
1313 2343 1354 2377 et
1391 2343 1619 2378 commotus
1656 2345 1730 2379 est.
1781 2341 1915 2381 Vertit

155 2394 292 2433 stilum
336 2394 379 2433 in
419 2395 569 2434 tabulis
609 2396 715 2442 suis,
760 2410 841 2448 quo
880 2396 987 2437 facto
1025 2412 1190 2438 causam
1230 2413 1394 2439 omnem
1434 2401 1584 2440 evertit
1614 2414 1742 2442 suam.
1800 2403 1913 2443 Nihil

156 2456 265 2495 enim
297 2456 375 2496 sibi
405 2457 555 2510 reliqui
586 2457 706 2505 fecit,
743 2458 852 2510 quod
885 2458 1055 2500 defendi
1087 2461 1227 2513 aliqua
1257 2462 1418 2501 ratione
1448 2467 1602 2515 posset.
1660 2465 1763 2504 Nam
1793 2465 1827 2505 si
1856 2466 1962 2508 ita35

155 2517 415 2558 defenderet:
448 2520 575 2573 recipi
606 2534 757 2561 nomen
789 2520 973 2561 absentis
1004 2522 1123 2571 licet3
1153 2523 1232 2563 hoc
1262 2521 1351 2564 fieri
1382 2524 1425 2563 in
1455 2525 1670 2577 provincia
1700 2526 1814 2566 nulla
1842 2527 1913 2567 lex

154 2585 282 2620 vetat:
322 2581 431 2621 mala
469 2587 510 2622 et
548 2582 733 2636 improba
763 2582 1034 2631 defensione,
1074 2598 1217 2625 verum
1257 2585 1397 2639 aliqua
1427 2591 1569 2626 tamen
1598 2588 1659 2627 uti
1687 2588 1911 2629 videretur.

220 2739 250 2770 4.
272 2739 381 2778 patris
401 2749 503 2780 *neque
526 2740 562 2773 4:
587 2750 619 2781 p.
638 2750 695 2772 nec
718 2741 779 2772 dtt.
800 2742 887 2773 O.—-
913 2743 943 2774 3.
963 2743 1096 2774 dixerat
1112 2743 1200 2784 [342
1224 2754 1258 2785 ρ.
1278 2753 1325 2777 m.
1347 2763 1382 2768 -
1407 2746 1439 2777 5.
1460 2747 1621 2778 adductus
1643 2747 1733 2788 [342
1750 2758 1784 2790 p.
1804 2759 1850 2782 m.
1869 2762 1911 2791 cp:

152 2787 303 2819 inductus
319 2789 378 2820 ctt.
405 2789 441 2820 Ο.
470 2807 505 2812 -
532 2790 584 2822 40.
609 2790 730 2822 iudices
753 2792 842 2831 [329
857 2792 918 2823 AF
932 2793 984 2823 M:
1010 2792 1155 2824 videlicet
1177 2793 1286 2834 [342;
1311 2795 1415 2826 videte
1439 2796 1517 2834 ctt.;
1542 2796 1664 2828 iudices
1685 2798 1788 2830 videte
1811 2800 1913 2841 vulgo

154 2839 234 2879 post
250 2839 273 2870 L
299 2837 393 2870 ⁴584.
413 2840 450 2870 O.
471 2857 506 2861 —-
534 2844 655 2879 quanto
680 2850 774 2880 opere
791 2842 845 2874 M:
872 2845 1072 2881 quantopere
1095 2842 1182 2875 al.—-
1209 2845 1260 2876 Μ.
1281 2846 1337 2884 qui
1361 2844 1404 2877 4:
1430 2846 1502 2885 quis
1517 2846 1579 2877 dtt.
1597 2847 1634 2878 O.
1655 2865 1690 2869 —
1717 2848 1769 2879 1¹5.
1796 2851 1915 2882 conde-

153 2888 265 2919 mnari
289 2887 377 2928 [342
401 2897 434 2929 p.
461 2897 522 2920 m.:
549 2891 705 2921 damnari
729 2893 786 2922 ctt.
815 2892 851 2923 O.
882 2910 917 2914 —
945 2892 996 2923 ⁴9.
1023 2893 1068 2923 ad
1084 2893 1169 2924 diem
1190 2904 1223 2926 -η,
1250 2895 1317 2934 ads.
1345 2894 1387 2927 4:
1413 2905 1478 2927 non
1501 2896 1569 2936 ads.
1595 2896 1638 2926 ad
1661 2896 1692 2927 d.
1720 2896 1782 2928 dtt.
1809 2899 1846 2929 O.
1876 2916 1910 2921 -——

154 2937 211 2968 tibi
232 2936 325 2976 4,φ;
352 2945 421 2969 om.
440 2938 501 2970 dtt.
517 2957 551 2962 —
570 2940 623 2971 20.
641 2949 723 2972 esses
739 2941 801 2972 dtt.
818 2959 852 2963 —
873 2944 974 2980 putas
996 2941 1084 2981 [342
1102 2952 1134 2983 p.
1155 2952 1202 2975 m.
1225 2962 1259 2967 —
1286 2945 1338 2976 24.
1365 2945 1413 2976 ica
1433 2946 1457 2985 f.
1479 2945 1567 2985 [342
1592 2954 1625 2986 p.
1645 2953 1691 2977 m.
1713 2947 1856 2989 [Recte]
1877 2967 1912 2972 —

154 2987 207 3019 25.
232 2988 331 3018 etiam
353 2991 438 3020 cont.
464 2988 553 3028 [342
590 2998 624 3030 p.
650 2999 697 3021 m.
726 3009 761 3012 —
793 2990 959 3022 tribunum
992 2999 1060 3022 om.
1087 2991 1148 3024 dtt.
1178 3011 1213 3016 —
1238 2994 1290 3025 26.
1316 2994 1374 3025 hoc
1397 2995 1469 3026 coll.
1496 2995 1726 3035 Lg⁴29ABv2
1761 2997 1832 3029 cole.
1857 2999 1916 3031 hoc

155 3038 215 3068 ctt.
242 3037 279 3069 O.
307 3056 343 3061 —
369 3038 422 3070 27.
450 3038 511 3070 TR.
536 3039 596 3070 PL.
623 3040 709 3079 quod
731 3049 806 3071 cum
828 3041 867 3071 V.
891 3058 925 3063 —
952 3041 1074 3072 Romae
1096 3051 1224 3081 quemq.
1250 3043 1340 3083 [329
1357 3044 1485 3075 ABV:
1511 3052 1639 3083 quemq.
1665 3045 1701 3077 R.
1729 3047 1788 3077 ctt.
1815 3047 1852 3079 O.
1878 3066 1913 3071 —

155 3086 208 3118 29.
233 3087 343 3119 Stheni
365 3087 404 3119 V.
433 3105 469 3110 —-
504 3092 533 3120 ec
555 3097 628 3121 cum
650 3099 721 3121 rem
742 3091 790 3121 ita
814 3088 904 3130 [342
929 3099 962 3131 p.
983 3099 1029 3122 m.
1048 3091 1072 3122 B
1091 3100 1097 3122 1
1124 3096 1155 3124 et
1177 3101 1251 3124 cum
1274 3094 1322 3124 ita
1344 3102 1415 3125 rem
1430 3094 1520 3134 [329
1534 3094 1579 3132 V;
1606 3094 1661 3134 qui
1684 3103 1759 3126 cum
1780 3105 1850 3128 rem
1868 3098 1917 3129 ita

157 3137 206 3173 A;
231 3144 304 3167 cum
320 3145 390 3168 rem
413 3137 463 3168 ita
478 3137 541 3170 dtt.
561 3139 598 3170 Ο.
619 3156 655 3161 -
676 3139 728 3171 30.
746 3139 778 3170 Χ
799 3140 874 3170 trib.
895 3139 944 3179 pl.
965 3140 986 3171 F
1000 3141 1054 3171 M:
1079 3141 1111 3172 X
1130 3141 1203 3173 trib.
1219 3142 1269 3181 pl.
1287 3143 1320 3173 P.
1338 3143 1375 3173 R.
1394 3142 1484 3182 [342
1508 3152 1542 3184 p.
1562 3151 1630 3180 m.;
1655 3143 1694 3175 X.
1722 3144 1782 3176 ΤΗ.
1801 3146 1835 3178 S.
1851 3147 1914 3179 PL.

157 3185 208 3223 V;
233 3186 307 3218 trib.
332 3187 377 3226 pl.
404 3189 462 3219 ctt.
483 3188 520 3219 Ο.
542 3206 578 3212 —
603 3188 656 3221 31¹.
683 3190 721 3220 de
745 3189 833 3230 [342
858 3199 892 3231 p.
912 3198 958 3220 m.
977 3190 1093 3228 cpev:
1120 3199 1190 3222 om.
1209 3190 1283 3222 rell.
1306 3209 1342 3215 --
1368 3191 1420 3234 32.
1446 3193 1483 3224 R.
1501 3193 1554 3224 lic.
1573 3201 1638 3224 esse
1652 3193 1692 3225 V.
1714 3211 1747 3216 —
1775 3194 1827 3228 33.
1842 3205 1920 3236 per-

158 3233 264 3266 timuit
287 3235 376 3276 [342
390 3237 421 3269 M
434 3237 526 3276 ch:
553 3238 662 3270 timuit
685 3240 745 3271 ctt.
772 3240 809 3270 O.
837 3256 874 3261 —
901 3240 954 3271 36.
979 3241 1087 3280 recepi
1108 3250 1225 3272 nomen
1249 3241 1406 3280 absentis;
1431 3242 1503 3274 licet
1524 3243 1555 3274 h..
1579 3243 1604 3282 f.
1630 3243 1665 3274 in
1682 3253 1802 3283 prov..·
1824 3248 1918 3279 nulla

159 3282 213 3314 ἶσα)
225 3287 313 3316 vetat
326 3286 416 3326 [329
428 3287 468 3318 V.
494 3288 560 3319 Per
575 3296 613 3320 se
631 3297 699 3319 non
715 3287 825 3325 male;
854 3288 972 3329 [immo
997 3290 1127 3330 optime
1140 3290 1162 3331 1]
1186 3291 1250 3322 sed
1267 3290 1404 3331 vulgata
1422 3292 1621 3325 defenditur
1636 3293 1696 3333 iiS,
1723 3303 1812 3335 quae
1829 3297 1917 3329 infra

159 3330 318 3372 leguntur
341 3334 372 3375 ἓ.
388 3335 462 3368 402.
489 3336 605 3370 «licere
626 3347 745 3370 nomen
766 3339 909 3378 recipere
931 3338 1104 3371 absentis.»
1124 3357 1160 3363 —-
1186 3340 1239 3372 37.
1264 3340 1323 3382 uti]
1347 3344 1384 3373 ut
1398 3341 1438 3373 V.
