2143 3713
560 248 646 287 Lm.
677 246 746 286 IV.
787 244 882 285 Cu».
912 244 1138 284 XI—XII.
1178 242 1251 297 §§.
1282 241 1474 284 93—27.
1792 242 1872 285 333

134 362 339 416 dignitas?
369 360 602 401 Mamertini
631 371 695 398 me
726 356 890 409 publice
921 371 1005 397 non
1037 357 1275 397 invitarunt.
1320 356 1386 395 Me
1417 369 1509 395 cum
1541 355 1647 403 dico,
1678 356 1767 397 leve
1792 362 1873 397 est:

132 430 363 465 senatorem
385 421 529 476 populi
552 419 725 459 Romani
747 419 779 458 si
801 432 885 458 non
906 419 1144 465 invitarunt,
1174 418 1376 457 honorem
1399 417 1583 457 debitum
1608 418 1876 459 detraxerunt

130 500 214 526 non
244 485 421 531 homini,
452 482 523 523 sed
555 481 705 522 ordini.
763 482 866 520 Nam
896 481 975 533 ipsi
1006 480 1144 520 Tullio
1176 480 1342 531 patebat
1372 479 1519 519 domus
1550 479 1876 532 locupletissima

133 548 204 588 Cn.
235 547 405 599 Pompei
436 543 647 590 Basilisci,
680 557 776 596 quo,
809 543 969 582 etiamsi
1000 547 1109 582 esset
1138 541 1334 580 invitatus
1366 554 1389 580 a
1409 541 1540 588 vobis,
1573 546 1710 580 tamen
1733 542 1876 582 dever-

130 611 260 650 tisset.
318 610 415 648 Erat
444 606 567 646 etiam
598 604 941 651 Percenniorum,
982 604 1053 658 qui
1089 617 1198 643 nunc
1240 604 1339 643 item
1370 604 1539 656 Pompei
1572 609 1688 651 sunt,
1729 604 1908 645 domusr,

128 671 440 716 honestissima,
493 680 576 720 quo
618 667 662 705 L.
705 666 830 706 frater
874 679 988 705 meus
1029 678 1189 705 summa
1229 665 1395 705 illorum
1432 666 1648 706 voluntate
1688 665 1875 707 devertit.

131 733 306 773 Senator
335 730 478 784 populi
509 728 707 775 Romani,
749 728 862 781 quod
895 728 937 766 in
968 727 1083 767 vobis
1114 726 1213 774 fuit,
1252 727 1293 766 in
1324 732 1461 766 vestro
1493 728 1649 780 oppido
1681 728 1809 767 iacuit
1839 734 1880 769 et

129 793 384 848 pernoctavit
421 793 462 832 in
504 790 685 844 publico.
744 790 867 830 Nulla
908 790 987 830 hoc
1030 790 1174 829 civitas
1213 802 1409 843 umquam
1450 790 1532 829 alia
1570 791 1788 830 commisit.
1825 812 1879 820 —

133 856 351 896 «Amicum
382 854 491 893 enim
521 858 708 892 nostrum
739 853 781 891 in
813 852 1012 892 iudicium
1034 851 1260 891 vocabas.»
1284 873 1339 880 —
1360 853 1435 899 Tu,
1468 852 1568 904 quid
1591 865 1667 905 ego
1689 853 1879 906 privatim

130 917 283 971 negotii
315 929 466 969 geram,
497 915 824 968 interpretabere
855 912 1139 953 imminuendo
1161 913 1320 953 honore
1342 915 1584 954 senatorio?
1628 913 1694 954 ⁶26.
1725 915 1929 956 Verumto

130 981 232 1021 haec
263 985 350 1019 tum
382 990 617 1032 queremur,
649 977 682 1016 si
715 977 814 1030 quid
846 977 896 1015 de
927 976 1043 1015 vobis
1075 989 1150 1028 per
1170 988 1263 1015 eum
1286 976 1473 1016 ordinem
1495 981 1652 1029 agetur,
1685 978 1755 1031 qui
1778 979 1879 1018 ordo

130 1056 153 1082 a
173 1041 290 1082 vobis
312 1041 448 1081 adhuc
470 1039 568 1079 solis
592 1044 851 1091 contemptus
875 1044 948 1078 est.
980 1039 1027 1077 In
1047 1038 1192 1091 populi
1209 1039 1383 1078 Romani
1405 1039 1573 1092 quidem
1596 1046 1879 1094 conspectum,

131 1116 212 1157 quo
245 1116 314 1143 ore
351 1116 425 1143 vos
465 1100 756 1141 commisistis?
798 1114 874 1140 nec
914 1101 1031 1153 prius
1069 1100 1183 1139 illam
1227 1113 1415 1147 crucem,
1456 1114 1564 1154 quae
1605 1101 1728 1141 etiam
1770 1116 1881 1142 nunc

130 1165 232 1205 civis
263 1164 438 1204 Romani
479 1164 680 1216 sanguine
719 1163 947 1210 redundat,
988 1176 1094 1215 quae
1131 1160 1213 1202 fixa
1254 1167 1316 1201 est
1353 1162 1403 1201 ad
1444 1168 1610 1215 portum
1649 1165 1880 1220 urbemque

130 1232 322 1275 vestram,
353 1226 571 1266 revellistis
601 1239 738 1280 neque
770 1226 811 1264 in
833 1225 1084 1278 profundum
1106 1224 1314 1264 abiecistis
1335 1224 1558 1278 locumque
1578 1226 1695 1266 illum
1716 1241 1882 1269 omnem
1898 1239 1933 1269 45

132 1288 344 1341 expiastis,
375 1300 499 1342 quam
520 1288 693 1326 Romam
724 1291 849 1340 atque
880 1287 923 1326 in
953 1287 1100 1325 horum
1122 1291 1373 1326 conventum
1394 1286 1591 1327 adiretis?
1640 1290 1687 1329 In
1708 1291 1884 1331 Mamer-

131 1351 312 1391 tinorum
351 1349 441 1390 solo
482 1348 695 1389 foederato
736 1354 861 1402 atque
909 1354 1055 1402 pacato
1100 1354 1415 1389 monumentum
1461 1350 1582 1391 istius
1628 1352 1884 1393 crudelitatis

133 1414 400 1453 constitutum
431 1415 505 1452 est.
573 1412 775 1451 Vestrane
813 1411 911 1451 urbs
951 1412 1081 1452 electa
1121 1417 1203 1459 est,
1241 1412 1293 1451 ad
1335 1425 1459 1466 quam
1499 1427 1591 1453 cum
1631 1415 1794 1455 adirent
1833 1427 1885 1455 ex

131 1476 273 1524 Italia,
317 1488 481 1516 crucem
530 1474 630 1514 civis
668 1475 840 1514 Romani
890 1474 1006 1526 prius
1055 1486 1180 1527 quam
1229 1486 1483 1528 quemquam
1523 1476 1701 1516 amicum
1739 1477 1886 1530 populi

131 1538 308 1578 Romani
338 1537 553 1577 viderent?
586 1549 711 1590 quam
741 1550 816 1576 vos
838 1536 1029 1588 ReginiS‚
1062 1549 1241 1589 quorum
1273 1536 1428 1576 civitati
1449 1537 1668 1587 invidetis,
1700 1539 1885 1594 itemque
1899 1552 1936 1582 20

132 1600 281 1640 incolis
312 1599 476 1647 vestris,
508 1599 666 1638 civibus
697 1599 907 1645 Romanis,
939 1598 1160 1638 ostendere
1191 1599 1348 1646 soletis,
1381 1613 1464 1652 quo
1496 1600 1632 1641 minus
1664 1601 1743 1642 sibi
1773 1616 1887 1643 arro-

134 1667 232 1716 gent
260 1663 483 1716 minusque
514 1674 588 1701 vos
619 1661 873 1714 despiciant,
917 1675 1010 1701 cum
1048 1661 1217 1701 videant
1253 1662 1317 1701 ius
1358 1662 1535 1703 civitatis
1574 1664 1646 1704 illo
1678 1664 1884 1719 supplicio

135 1738 224 1766 esse
255 1729 491 1765 mactatum.
520 1745 574 1752 —
602 1724 756 1763 Verum
786 1724 889 1763 haec
920 1723 1069 1763 emisse
1099 1728 1139 1763 te
1171 1723 1285 1764 dicis.
1317 1745 1370 1753 -
1399 1725 1492 1765 XII.
1533 1723 1598 1766 27.
1632 1726 1776 1776 Quid?
1815 1726 1888 1768 illa

135 1787 309 1827 Attalica
345 1790 431 1826 tota
478 1785 620 1825 Sicilia
666 1786 878 1825 nominata
918 1786 967 1826 ab
1019 1785 1165 1826 eodem
1207 1787 1310 1827 Heio
1354 1784 1707 1843 [peripetasmata]
1751 1803 1888 1831 emere

137 1849 291 1888 oblitus
323 1849 397 1888 es?
456 1847 593 1886 Licuit
623 1847 770 1887 eodem
802 1847 948 1896 modo,
979 1854 1025 1888 ut
1056 1849 1186 1901 signa.
1246 1849 1357 1898 Quid
1389 1850 1499 1891 euim
1531 1857 1667 1892 actum
1700 1855 1786 1893 est‘t
1835 1866 1887 1894 an
1903 1862 1939 1895 25

136 1911 285 1951 litteris
315 1910 564 1964 pepercisti?
622 1911 776 1950 Verum
805 1911 1018 1951 hominem
1048 1916 1254 1951 amentem
1284 1912 1362 1952 hoc
1391 1912 1518 1966 fugit:
1563 1915 1699 1955 minus
1730 1916 1888 1958 clarum

138 1975 300 2026 putavit
336 1973 446 2020 fore,
487 1972 598 2025 quod
637 1973 687 2012 de
726 1973 902 2013 armario
945 1986 1068 2026 quam
1110 1973 1223 2026 quod
1260 1974 1310 2014 de
1342 1976 1521 2015 sacrario
1554 1981 1664 2016 esset
1693 1976 1887 2019 ablatum.

136 2036 191 2074 At
228 2048 312 2088 quo
352 2035 475 2074 modo
515 2034 712 2074 abstulit?
753 2036 844 2074 Non
885 2049 1056 2088 possum
1095 2035 1231 2075 dicere
1262 2036 1447 2089 planius,
1488 2051 1612 2091 quam
1648 2038 1739 2092 ipse
1777 2039 1888 2094 apud

137 2109 213 2137 vos
247 2096 353 2136 dixit
382 2096 524 2137 Heius.
585 2098 686 2137 Cum
727 2098 1005 2151 quaesissem,
1051 2098 1255 2150 numquid
1291 2098 1404 2138 aliud
1446 2099 1497 2139 de
1526 2099 1646 2140 bonis
1678 2100 1766 2141 eius
1797 2115 1890 2155 per-

136 2158 322 2199 venisset
364 2159 417 2199 ad
454 2161 647 2207 Verrem,
687 2161 904 2214 respondit
942 2162 1067 2201 istum
1107 2160 1158 2200 ad
1199 2173 1243 2199 se
1285 2160 1465 2209 misisse,
1504 2166 1550 2201 ut
1588 2162 1667 2202 sibi
1709 2163 1939 2208 mitteret30

138 2221 409 2274 Agrigentum
439 2224 773 2275 peripetasmata.
834 2223 1055 2271 Quaesivi,
1094 2236 1146 2262 an
1181 2222 1384 2262 misisset:
1426 2224 1644 2277 respondit
1672 2225 1737 2274 id,
1777 2227 1890 2281 quod

138 2295 309 2324 necesse
340 2288 428 2324 erat
457 2284 635 2332 scilicet,
675 2284 786 2325 dicto
817 2285 1056 2326 audientem
1085 2286 1216 2326 fuisse
1246 2286 1451 2339 praetori:
1483 2287 1660 2328 misisse.
1718 2289 1890 2344 Rogavi,

226 2460 256 2492 4.
281 2462 464 2493 invitarunt
487 2463 512 2494 R
537 2461 610 2502 (bis)
636 2464 670 2494 et
693 2461 765 2494 alii:
791 2462 1013 2494 invitaverunt
1036 2463 1137 2504 Lagg.
1165 2465 1200 2496 et
1224 2464 1270 2496 G2
1290 2463 1384 2505 (bis);
1410 2465 1631 2499 invitaverunt
1647 2468 1672 2500 Ο
1697 2469 1890 2509 posteriore

140 2509 228 2543 loco.
249 2529 284 2534 —-
302 2511 332 2543 3.
356 2512 606 2552 locupletissima
622 2513 680 2552 R3,
706 2514 725 2544 2
744 2512 845 2544 codd.
866 2512 943 2543 Lbi:
970 2512 1218 2552 locupletissima
1234 2517 1263 2545 et
1279 2514 1482 2554 amplissima
1498 2515 1582 2547 dett.
1602 2517 1638 2548 Ο.
1661 2535 1695 2540 -
1714 2517 1744 2550 4.
1762 2519 1892 2560 Pompei

140 2561 182 2592 R:
207 2561 348 2600 Pompeii
371 2561 407 2593 O.
428 2579 463 2583 —
490 2562 619 2593 Basiliti
643 2563 688 2600 (ῖς
713 2562 857 2594 Basilisti
881 2561 944 2600 G3;
970 2562 1104 2593 Basilici
1128 2562 1197 2594 Pal.
1223 2571 1293 2595 sec.
1322 2581 1357 2586 —
1384 2565 1562 2597 divertisset
1586 2567 1626 2597 Gl
1649 2567 1668 2598 Ξ
1693 2569 1727 2599 et
1749 2568 1775 2600 R
1799 2578 1890 2602 corr.

141 2618 175 2651 p.
201 2618 247 2641 m.
276 2626 310 2631 —-
337 2611 367 2642 5.
392 2612 646 2643 Porcenniorum
670 2613 728 2650 Ga,
754 2611 816 2643 Ld.
845 2630 879 2634 —-
906 2611 1034 2650 Pompei
1057 2612 1096 2650 R,
1119 2612 1228 2652 Lg29:
1254 2613 1396 2653 Pompeii
1420 2614 1458 2646 Ο.
1481 2632 1512 2638 -
1543 2615 1573 2646 6.
1599 2617 1673 2656 quo]
1698 2626 1765 2656 qua
1786 2619 1889 2659 Lagg.

142 2661 283 2701 praeter
304 2660 357 2692 29.
378 2678 412 2683 -—
433 2662 463 2694 7.
491 2671 530 2693 ac
548 2671 644 2702 pern.
671 2662 732 2694 Ld.
754 2679 788 2683 —
809 2662 840 2694 8.
867 2662 945 2693 haec
969 2662 1028 2699 G’Z,
1055 2660 1114 2692 Ld.
1135 2678 1171 2683 —
1189 2661 1258 2693 alia
1281 2663 1398 2694 civitas
1418 2673 1578 2704 umquam
1600 2666 1701 2706 Lagg.
1722 2684 1757 2689 —
1776 2667 1806 2699 9.
1823 2669 1894 2708 pri-

141 2709 210 2740 vati
243 2708 343 2749 Lgtz).
371 2727 406 2732 —
434 2712 486 2743 40.
511 2713 720 2744 imminuendo
744 2712 781 2750 R,
809 2711 868 2742 Ld.
896 2728 931 2732 —
957 2719 1071 2742 verum
1093 2714 1203 2743 tamen
1231 2711 1310 2743 haec
1333 2722 1386 2752 qu.
1420 2714 1487 2751 Gl3
1523 2723 1637 2746 verum
1658 2715 1717 2747 hoc
1739 2725 1813 2748 cum
1836 2727 1890 2757 qu.

143 2759 202 2797 Ga,
229 2758 288 2789 Ld.
317 2775 352 2780 —
381 2760 433 2791 44.
459 2769 658 2800 quaeremur
680 2762 716 2792 R.
745 2778 779 2781 —
807 2761 858 2791 45.
884 2763 1029 2791 uestrum
1052 2761 1089 2792 R.
1124 2777 1158 2782 —
1191 2762 1359 2794 revellistis
1389 2771 1466 2803 sqq.
1500 2765 1604 2796 Prisc.
1633 2766 1655 2796 Ι.
1689 2775 1724 2807 p.
1750 2766 1825 2800 498.
1854 2783 1889 2790 -

143 2808 195 2840 46.
220 2807 253 2839 in
276 2808 402 2850 horum]
427 2818 556 2842 morum
579 2810 645 2847 G33
677 2808 852 2850 vulgatam
876 2810 992 2841 tuetur
1015 2809 1119 2841 etiam
1143 2811 1243 2843 Arus.
1270 2812 1313 2843 M.
1341 2821 1374 2853 p.
1400 2812 1475 2844 243.
1504 2830 1539 2835 -
1568 2814 1618 2846 48.
1644 2815 1744 2847 eiecta
1767 2816 1825 2848 R3.
1853 2834 1888 2839 —-

142 2857 226 2899 cum]
251 2860 319 2889 tum
342 2858 407 2895 Ld;
443 2860 499 2898 qui
522 2860 557 2891 L.
587 2877 621 2882 —
648 2859 700 2891 49.
721 2868 758 2899 p.
783 2860 820 2890 R.
844 2859 990 2890 viderent
1012 2860 1049 2897 R,
1075 2860 1133 2897 (32,
1160 2859 1220 2898 Ld,
1247 2861 1352 2900 Lg29:
1378 2862 1443 2893 vid.
1466 2871 1501 2902 p.
1526 2864 1563 2895 R.
1590 2864 1631 2895 Gl
1662 2865 1745 2897 dett.
1774 2883 1810 2887 —
1835 2866 1890 2898 20.

143 2908 272 2948 Reginis
293 2909 335 2940 R:
369 2909 518 2949 Rheyinis
541 2910 577 2941 O.
607 2928 642 2932 —
667 2910 832 2941 civitatem
855 2909 955 2949 Lg‘29.
984 2925 1019 2931 —
1045 2909 1122 2940 item
1149 2911 1251 2950 Lagg.
1278 2910 1363 2943 dett.
1390 2912 1426 2943 O.
1456 2929 1491 2934 —
1517 2913 1570 2944 2⁴.
1603 2914 1762 2955 adroqent
1787 2916 1824 2947 R.
1852 2934 1888 2939 ——

143 2957 197 2990 24.
214 2958 365 2999 Attalica]
383 2959 427 2990 ad
444 2959 557 2991 italica
574 2961 609 2995 R.
629 2961 670 2991 Gt
688 2969 695 2998 3
721 2961 764 2991 ad
779 2959 911 2990 Italiam
926 2959 972 2989 Ga
989 2958 1049 2990 Ld.
1070 2976 1104 2980 -—
1119 2961 1378 3000 peripetasmata
1393 2960 1460 2993 del.
1479 2961 1591 2994 Halm.
1610 2961 1685 2994 coll.
1705 2963 1788 2995 Plin.
1806 2964 1891 2996 VIII.

145 3006 198 3046 48,
216 3007 290 3039 496.
315 3009 364 3039 Ac
388 3016 472 3040 sane
497 3008 675 3040 collocatio
698 3009 798 3041 verbi
821 3008 956 3049 glossae
985 3008 1218 3049 suspicionem
1243 3011 1372 3042 movet.
1390 3010 1513 3043 Lamb.
1533 3013 1761 3053 transposuit:
1782 3015 1891 3055 perip.

146 3055 187 3087 ab
209 3057 318 3089 eodem
340 3058 430 3090 Heio.
451 3075 485 3080 —
512 3059 565 3090 26.
591 3059 705 3091 litteris
727 3068 808 3091 eum
827 3062 838 3090 t
862 3057 1034 3099 duplicata
1058 3057 1165 3090 habet
1188 3059 1292 3091 etiam
1315 3060 1353 3091 R.
1382 3077 1416 3081 —
1445 3061 1489 3092 ad
1510 3069 1543 3093 se
1564 3061 1658 3093 misse
1679 3062 1705 3093 R
1728 3070 1761 3103 p.
1787 3070 1834 3095 m.
1855 3081 1890 3085 —

145 3105 199 3138 27.
217 3106 328 3146 fuisset
350 3107 413 3139 abl.
432 3109 588 3141 Donatus
612 3108 656 3140 ad
671 3109 748 3140 Ter.
766 3108 872 3141 Andr.
891 3109 915 3139 Ι.
943 3107 973 3145 3,
994 3107 1045 3138 43.
1066 3124 1100 3128 -
1120 3107 1172 3139 34.
1196 3108 1453 3148 peripetasmata
1467 3111 1786 3150 --pervenissentne
1799 3112 1896 3153 Agri-

146 3158 279 3195 gentum
301 3165 371 3188 om.
397 3157 456 3189 R3.
497 3158 585 3189 Cum
609 3158 643 3189 in
667 3158 805 3199 optimis
830 3156 933 3189 codd.
960 3157 1052 3188 totus
1075 3156 1131 3188 hic
1154 3155 1251 3188 locus
1276 3158 1426 3190 omissus
1449 3159 1512 3197 sit,
1549 3160 1622 3191 iure
1655 3162 1816 3202 suspecta
1841 3164 1896 3195 est

148 3204 314 3244 particula
337 3215 393 3246 an,
420 3215 527 3248 quam
550 3206 633 3239 dett.
660 3207 762 3239 codd.
788 3207 930 3239 habent.
957 3205 998 3237 cs.
1017 3205 1129 3238 Madv.
1149 3207 1210 3247 Op.
1230 3208 1269 3238 11.
1294 3216 1328 3248 p.
1347 3207 1422 3240 464.
1453 3209 1573 3249 Itaque
1590 3209 1744 3243 Halmius
1767 3211 1892 3245 edidit:

151 3262 249 3284 «num
262 3255 429 3287 misisset.»
453 3258 505 3287 An
522 3255 601 3287 suit:
628 3264 727 3288 «eane
741 3257 909 3288 misisset.»
923 3257 939 3287 ⁴?
958 3274 992 3278 ——
1011 3255 1063 3287 3⁶2.
1080 3265 1203 3288 necesse
1218 3260 1289 3288 erat
1304 3257 1435 3297 scilicet,
1460 3259 1555 3300 dicto]
1579 3260 1629 3291 sie
1648 3260 1897 3302 interpungunt

152 3300 264 3333 Madv.
288 3311 321 3344 p.
347 3303 400 3336 89.
439 3304 622 3337 Stuerenb.
647 3305 692 3336 ad
714 3306 819 3338 Arch.
846 3315 878 3346 p.
905 3305 957 3337 73.
985 3305 1029 3336 ed
1052 3306 1081 3336 1:
1117 3314 1242 3337 necesse
1264 3309 1352 3346 erat,
1382 3307 1503 3339 scilieet
1526 3309 1610 3340 dicto
1633 3309 1675 3346 0;
1711 3311 1892 3350 respondet,

152 3350 187 3382 id
208 3352 293 3391 quod
313 3362 436 3388 necesse
457 3358 540 3395 erat,
564 3363 596 3388 se
617 3355 702 3388 dicto
726 3365 768 3388 ex
790 3356 928 3388 Hotom.
954 3355 1043 3387 coni.
1063 3354 1179 3394 Halm3
1205 3355 1403 3390 audiendum
1426 3357 1516 3390 coni.
1540 3358 1613 3391 Rau
1628 3358 1668 3390 Π.
1685 3366 1720 3400 p.
1739 3358 1790 3391 69.
1819 3358 1895 3401 [Qui
