2143 3713
520 226 605 265 Lm.
635 223 704 263 111.
747 222 842 263 CAP.
873 221 1126 264 VII—VIII.
1163 219 1236 274 §§.
1270 218 1463 262 lai—⁶21.
1769 218 1843 261 ΞΜ

107 340 363 380 observares.
423 334 486 376 17.
517 335 796 384 Quamobrem
827 347 977 374 novam
1018 334 1149 386 legem
1181 338 1220 372 te
1252 333 1294 371 in
1326 332 1510 373 decumis
1543 334 1735 374 statuisse
1767 347 1851 374 non

107 403 254 449 miror,
286 401 494 441 hominem
524 398 567 437 in
597 397 745 437 edictis
776 397 1018 449 praetoriis,
1059 398 1100 436 in
1132 394 1334 435 censoriis
1367 394 1527 446 legibus
1560 401 1640 436 tam
1672 397 1853 449 pruden-

109 470 210 512 tem,
242 469 323 503 tam
355 461 646 502 exercitatum:
687 472 793 506 non,
823 459 1017 511 inquam,
1050 458 1177 497 miror
1207 462 1246 496 te
1277 456 1437 508 aliquid
1469 458 1748 509 excogitasse,
1780 458 1852 498 sed

108 527 221 580 quod
253 530 322 565 tua
352 528 497 577 sponte
528 521 689 561 iniussu
721 520 867 573 populi
899 521 988 560 sine
1020 524 1189 560 senatus
1221 519 1464 558 auctoritate
1496 519 1585 558 iura
1615 520 1853 571 provinciae

110 588 274 628 Siciliae
296 585 526 630 mutaveris,
557 583 598 622 id
620 582 894 635 reprehendo,
927 582 967 621 id
990 595 1155 621 accuso.
1216 578 1281 620 18.
1314 581 1358 619 L.
1383 581 1557 621 Octavio
1580 587 1619 620 et
1642 582 1684 620 C.
1712 582 1886 621 Cottae-¹³

109 648 349 689 consulibus
368 651 532 687 senatus
554 645 754 697 permisit,
787 650 831 684 ut
852 645 936 684 vini
960 650 1000 684 et
1021 644 1102 683 olei
1125 644 1319 683 decumas
1342 648 1382 682 et
1402 643 1566 696 frugum
1591 644 1854 690 minutarum,

110 724 212 764 quas
254 714 347 750 ante
378 712 618 762 quaestores
650 707 691 745 in
725 707 867 746 Sicilia
897 707 1076 746 vendere
1108 711 1404 753 consuessent,
1445 707 1600 746 Romae
1631 706 1855 745 venderent

109 774 325 826 legemque
360 770 424 810 his
455 769 577 809 rebus
609 782 734 822 quam
767 770 867 822 ipsis
900 769 1110 809 videretur
1143 768 1341 808 dicerent.
1404 768 1505 808 Cum
1546 769 1696 808 locatio
1727 766 1856 815 fieret,

108 834 318 888 publicani
346 832 632 886 postularunt,
670 832 871 885 quasdam
903 846 968 871 res
1000 837 1045 871 ut
1074 830 1125 870 ad
1157 831 1290 883 legem
1322 830 1523 871 adderent
1552 845 1690 885 neque
1720 837 1856 871 tamen

109 910 132 936 a
161 897 305 937 ceteris
345 895 542 935 censoriis
582 893 742 946 legibus
778 894 1033 933 recederent.
1097 893 1249 932 Contra
1289 892 1395 932 dixit
1432 893 1487 940 is,
1529 895 1599 947 qui
1640 907 1738 933 casu
1770 897 1909 933 tum¹0

109 960 261 999 Romae
291 957 388 1006 fuit,
427 961 522 996 tuus
552 955 728 1008 hospeS,
769 956 940 1004 Verres,
980 955 1157 1008 hospes,
1196 956 1393 1008 inquam,
1432 960 1472 995 et
1501 955 1715 996 familiaris
1748 961 1857 1002 tuus,

109 1021 302 1061 Sthenius
348 1020 416 1060 hic
465 1017 771 1058 Thermitanus.
845 1018 1047 1058 Consules
1098 1030 1265 1057 causam
1307 1023 1561 1070 cognorunt,
1617 1031 1709 1057 cum
1746 1018 1857 1058 viros

107 1083 323 1137 primarios
362 1086 487 1134 atque
530 1080 809 1133 amplissimos
852 1081 1028 1120 civitatis
1060 1080 1214 1119 multos
1245 1080 1287 1119 in
1320 1080 1539 1120 consilium
1571 1080 1858 1126 advocassent,

108 1146 157 1186 de
187 1145 348 1186 consilii
388 1143 591 1184 sententia
632 1143 955 1195 pronuntiarunt
994 1155 1037 1182 se
1068 1142 1158 1195 lege
1189 1142 1413 1182 Hieronica
1443 1143 1700 1182 vendituros.
1749 1141 1858 1181 VIII.

108 1207 171 1250 49.
202 1210 316 1249 Itane
346 1207 477 1248 vero?
520 1205 835 1259 prudentissimi
868 1205 965 1252 viri,
998 1218 1158 1244 summa
1189 1205 1434 1244 auctoritate
1465 1205 1664 1258 praediti,
1706 1204 1909 1257 quibus¹5

108 1277 272 1312 senatus
293 1270 431 1323 legum
454 1268 724 1308 dicendarum
746 1268 788 1307 in
808 1267 995 1307 locandis
1018 1267 1287 1320 vectigalibus
1311 1280 1476 1307 omnem
1495 1271 1744 1319 potestatem
1766 1281 1860 1320 per-

108 1335 275 1375 miserat
305 1331 569 1386 populusque
600 1331 811 1370 Romanus
843 1330 952 1369 idem
985 1331 1183 1377 iusserat,
1215 1329 1356 1369 Siculo
1388 1343 1472 1369 uno
1503 1334 1735 1377 recusante,
1766 1343 1859 1369 cum

106 1393 424 1450 amplificatione
455 1392 721 1446 vectigalium
753 1405 907 1432 nomen
938 1392 1188 1432 Hieronicae
1216 1391 1318 1444 legis
1341 1396 1501 1431 mutare
1522 1392 1770 1432 noluerunt:
1802 1398 1859 1440 tu,

104 1459 228 1498 homo
268 1456 427 1497 minimi
467 1455 658 1503 consilii,
698 1455 854 1495 nullius
893 1455 1174 1502 auctoritatis,
1220 1454 1382 1494 iniussu
1423 1454 1568 1507 populi
1599 1467 1645 1494 ac
1678 1459 1860 1502 senatus,

105 1526 191 1560 tota
222 1518 365 1559 Sicilia
394 1522 637 1565 recusante,
670 1531 764 1557 cum
796 1518 978 1557 maximo
1010 1517 1258 1556 detrimento
1291 1522 1417 1570 atque
1448 1516 1553 1556 adeo
1585 1517 1713 1556 exitio
1733 1516 1862 1556 vecti-
1876 1518 1913 1549 20

104 1582 257 1636 galium
288 1587 417 1622 totam
447 1580 713 1620 Hieronicam
745 1579 878 1632 legem
909 1579 1144 1619 sustulisti?
1188 1576 1255 1617 20.
1285 1579 1339 1617 At
1370 1591 1495 1632 quam
1525 1578 1658 1631 legem
1681 1579 1861 1632 corrigit,

106 1645 289 1692 iudices,
321 1649 447 1698 atque
479 1643 582 1683 adeo
614 1647 742 1682 totam
774 1642 914 1681 tollit?
948 1642 1196 1681 Acutissime
1226 1655 1273 1681 ac
1304 1641 1621 1694 diligentissime
1653 1643 1860 1695 scriptam,

108 1720 214 1760 quae
255 1707 324 1747 lex
367 1705 561 1746 omnibus
594 1704 794 1744 custodiis
826 1704 1056 1744 subiectum
1087 1710 1292 1744 aratorem
1324 1704 1555 1744 decumano
1587 1705 1776 1753 tradidit,
1816 1711 1863 1745 ut

105 1783 244 1823 neque
274 1769 318 1808 in
349 1768 559 1821 segetibus
590 1780 727 1820 neque
759 1767 801 1806 in
832 1766 939 1806 areis
970 1780 1107 1819 neque
1137 1767 1182 1806 in
1211 1767 1374 1807 horreis
1405 1780 1542 1820 neque
1564 1767 1607 1806 in
1627 1767 1860 1807 amovendo

107 1844 244 1884 neque
290 1831 332 1870 in
372 1830 631 1883 exportando
670 1829 879 1869 frumento
918 1842 1046 1881 grano
1085 1843 1170 1869 uno
1210 1834 1353 1882 posset
1392 1834 1530 1869 arator
1560 1829 1649 1869 sine
1681 1831 1913 1869 maxima25

107 1907 244 1946 poena
273 1892 466 1933 fraudare
499 1892 787 1932 decumanum.
839 1892 1001 1944 Scripta
1030 1892 1099 1931 lex
1128 1892 1186 1931 ita
1217 1891 1437 1944 diligenter
1467 1897 1549 1940 est,
1580 1897 1625 1931 ut
1646 1906 1741 1932 eum
1763 1894 1862 1933 scri-

107 1956 241 2007 psisse
272 1959 493 2008 appareat,
526 1955 598 2007 qui
629 1954 711 1993 alia
740 1953 960 2006 vectigalia
989 1967 1073 1993 non
1102 1954 1296 2002 haberet,
1327 1954 1384 1994 ita
1414 1959 1554 2002 acute,
1584 1960 1630 1994 ut
1662 1956 1861 2003 Siculum,

108 2017 164 2057 ita
195 2030 360 2065 severe,
390 2022 437 2057 ut
466 2023 710 2071 tyrannum:
745 2030 826 2070 qua
858 2017 948 2068 lege
981 2016 1130 2056 Siculis
1163 2021 1301 2055 tamen
1332 2029 1452 2056 arare
1484 2017 1714 2070 expediret.
1757 2019 1862 2057 Nam

109 2079 165 2118 ita
195 2079 414 2132 diligenter
445 2081 667 2120 constituta
697 2084 795 2119 sunt
824 2079 915 2119 iura
946 2079 1198 2126 decumano,
1230 2083 1276 2117 ut
1306 2083 1445 2119 tamen
1475 2079 1526 2118 ab
1547 2079 1678 2119 invito
1700 2085 1861 2120 aratore

108 2141 201 2194 plus
232 2142 406 2182 decuma
436 2155 522 2181 non
552 2142 686 2195 possit
717 2141 884 2181 auferri.
1877 2148 1914 2177 30

218 2201 285 2244 21.
317 2203 419 2244 Cum
458 2204 561 2244 haec
602 2205 658 2244 ita
697 2209 836 2244 essent
876 2204 1124 2252 constituta,
1165 2205 1315 2244 Verres
1353 2208 1414 2243 tot
1448 2205 1567 2244 annis
1599 2210 1724 2259 atque
1756 2204 1862 2245 adeo

107 2267 282 2307 saeculis
312 2271 373 2307 tot
402 2267 595 2307 inventus
627 2272 688 2305 est
709 2266 781 2320 qui
812 2266 914 2306 haec
936 2280 1020 2306 non
1042 2271 1334 2314 commutaret,
1367 2266 1440 2306 sed
1462 2272 1682 2314 everteret,
1714 2280 1862 2321 eaque,

107 2341 213 2383 quae
244 2328 326 2369 iam
357 2327 428 2367 diu
458 2328 509 2367 ad
543 2328 716 2368 salutem
748 2328 957 2368 sociorum
991 2329 1297 2382 utilitatemque
1327 2329 1387 2368 rei
1419 2329 1608 2381 publicae
1630 2331 1863 2382 composita

106 2395 428 2444 comparataque
458 2396 618 2438 essent,
662 2390 713 2430 ad
745 2404 842 2431 suos
873 2391 1204 2444 improbissimos
1238 2395 1439 2445 quaestus
1471 2397 1749 2433 converteret:
1790 2394 1862 2446 qui

105 2453 284 2505 primum
325 2459 459 2493 certos
498 2453 726 2494 instituerit
753 2453 923 2493 nomine
955 2453 1232 2501 decumanos,
1276 2466 1320 2492 re
1350 2466 1448 2493 vera
1477 2454 1690 2494 ministros
1720 2467 1768 2494 ac
1798 2462 1912 2494 sa-35

190 2596 222 2628 2.
249 2595 359 2628 edictis
382 2604 437 2635 pr.
466 2595 536 2637 (sic)
561 2594 662 2636 [342.
699 2613 735 2618 -
771 2597 802 2627 5.
836 2596 1016 2627 mutaveris
1039 2595 1128 2636 [342
1153 2605 1187 2636 p.
1214 2604 1282 2627 m.:
1318 2596 1460 2627 mutaris
1483 2595 1556 2629 rell.
1584 2597 1623 2628 O.
1659 2613 1694 2619 —
1730 2597 1760 2627 7.
1787 2600 1862 2628 ante

105 2645 195 2686 [342
218 2655 252 2687 p.
271 2654 318 2678 m.
346 2645 399 2686 (cf.
426 2646 456 2686 g.
476 2645 561 2685 43.):
599 2649 675 2676 ante
698 2649 727 2676 te
753 2644 826 2677 rell.
854 2646 891 2677 O.
931 2663 965 2667 —
1003 2646 1034 2677 8.
1066 2654 1166 2684 quam
1190 2646 1270 2686 [33.
1305 2655 1428 2678 omnes
1451 2647 1612 2680 ABCF2
1648 2655 1733 2685 quae
1756 2647 1794 2677 N.
1824 2664 1859 2668 —-

106 2695 247 2726 dicerent
269 2694 358 2735 [342
382 2703 415 2736 p.
442 2704 489 2726 m.
516 2696 560 2726 F:
587 2695 747 2726 edicerent
770 2693 843 2726 rell.
872 2713 906 2716 —
935 2695 986 2726 40.
1013 2696 1126 2726 ceteris
1148 2704 1230 2726 cens.
1257 2695 1298 2727 4:
1325 2704 1409 2727 cens.
1436 2699 1507 2727 cett.
1534 2695 1596 2726 dtt.
1616 2696 1653 2726 O.
1679 2712 1710 2716 —
1740 2696 1766 2725 is
1790 2704 1858 2726 om.

105 2744 167 2784 Lgl
198 2746 233 2776 et
256 2744 296 2777 42
318 2753 351 2786 p.
379 2753 426 2776 m.
455 2762 490 2766 -
518 2746 568 2776 ll.
600 2746 707 2776 Verris
729 2744 819 2785 [342
844 2753 877 2785 p.
897 2753 943 2776 m.
973 2763 1008 2768 -
1035 2746 1086 2776 42.
1115 2746 1166 2777 hic
1189 2755 1258 2778 om.
1277 2746 1367 2786 [342
1385 2755 1418 2787 p.
1439 2755 1485 2777 m.
1508 2764 1542 2767 —
1568 2749 1749 2786 cognorunt
1772 2745 1862 2785 [342

105 2793 241 2826 Franc.:
267 2797 487 2835 cognoverunt
502 2796 560 2826 ctt.
579 2795 616 2826 O.
630 2813 665 2817 —
685 2796 738 2826 45.
756 2795 820 2825 ciri
845 2803 913 2825 om.
933 2794 1022 2834 [342
1040 2803 1073 2835 p.
1092 2804 1138 2827 ni.
1161 2814 1196 2818 ——
1223 2796 1275 2828 47.
1302 2796 1387 2828 idem
1404 2805 1473 2828 om.
1492 2795 1581 2836 [342
1599 2805 1632 2837 p.
1652 2804 1698 2827 m.
1726 2796 1860 2834 [Recte;

107 2842 149 2873 ct'.
174 2843 310 2883 Zumpt.
336 2843 381 2875 ad
404 2843 438 2875 h.
457 2843 492 2885 l.]
520 2863 555 2867 —
580 2854 655 2876 cum
678 2845 883 2885 amplificare
905 2845 1081 2885 vectigalia
1103 2845 1194 2886 [342
1218 2855 1252 2886 p.
1280 2854 1326 2877 m.
1356 2864 1387 2869 —
1417 2847 1470 2877 21.
1495 2849 1564 2877 tum
1587 2849 1689 2877 lolam
1713 2844 1802 2884 [342
1827 2854 1860 2886 p.

106 2899 172 2930 m.;
197 2894 300 2923 totam
322 2895 424 2924 totam
447 2894 490 2925 M.
520 2911 554 2915 —
581 2894 633 2925 23.
660 2894 713 2925 lea:
736 2893 892 2934 [342φῑ
921 2902 990 2925 om.
1018 2893 1090 2925 rell.
1117 2895 1153 2926 O.
1182 2913 1215 2916 —
1244 2896 1382 2926 tradidit
1406 2896 1495 2935 [329
1512 2895 1571 2927 42;
1598 2896 1700 2926 tradit
1722 2893 1795 2926 rell.
1823 2895 1859 2926 O.

110 2958 145 2963 —
168 2944 204 2972 ut
226 2951 470 2981 neque--non
493 2944 596 2975 solum
621 2945 652 2985 ἓ.
669 2944 722 2976 23.
748 2954 781 2976 v.
804 2945 853 2975 16.
880 2943 987 2974 habet
1003 2944 1041 2974 V.
1064 2960 1098 2966 —
1126 2943 1179 2975 24.
1205 2945 1408 2976 admove-ndo
1424 2945 1464 2976 V.
1493 2945 1620 2985 [Recta
1647 2947 1684 2975 ut
1706 2943 1861 2980 videtur:

109 2989 150 3021 cf.
177 2989 221 3022 ad
242 2992 298 3023 111.
325 2991 357 3032 S.
384 2992 457 3024 490.
484 2993 604 3034 Hmr]
632 3011 666 3015 —-
699 2994 751 3024 25.
779 2994 984 3033 exportando
1010 2994 1284 3033 Lg29ABch:
1317 2996 1517 3035 asportando
1547 2993 1621 3026 rell.
1648 2995 1684 3025 O.
1714 3011 1749 3014 —
1771 3002 1864 3033 posse

108 3039 156 3077 V;
187 3042 287 3080 possit
317 3041 361 3073 de
386 3043 476 3074 coni.
502 3044 582 3075 Ern.
608 3043 644 3074 O.
681 3060 715 3064 —
752 3044 805 3075 28.
833 3043 933 3075 Siculi
958 3042 1060 3083 [342.
1089 3061 1124 3065 —-
1151 3037 1298 3083 expediet
1313 3044 1403 3084 [342
1421 3054 1455 3086 p.
1474 3054 1520 3076 m.
1543 3062 1578 3066 —
1605 3044 1657 3075 29.
1684 3044 1863 3074 decumano

110 3087 198 3128 Lg42
213 3091 390 3131 MNch:
417 3092 588 3123 decumani
610 3092 684 3124 rell.
713 3109 748 3115 -
782 3094 834 3124 30.
856 3096 963 3132 posset
986 3092 1076 3132 [342
1100 3102 1133 3134 p.
1154 3103 1200 3125 m.
1230 3111 1265 3115 —-
1305 3094 1357 3125 31.
1384 3095 1433 3125 ita
1455 3097 1556 3126 essent
1579 3093 1606 3124 V
1621 3094 1662 3123 L:
1690 3096 1792 3123 essent
1815 3094 1863 3123 ila

109 3136 183 3169 rell.
208 3139 246 3172 O.
263 3158 298 3162 —
324 3144 422 3181 atque
444 3151 513 3174 om.
532 3143 576 3173 M.
598 3160 633 3164 —
659 3142 712 3174 32.
739 3143 876 3174 saeculis
892 3146 937 3174 tot
961 3141 992 3181 4,
1019 3143 1050 3174 M
1065 3143 1112 3173 V:
1138 3144 1275 3175 saeculis
1299 3143 1361 3175 dtt.
1388 3145 1425 3175 O.
1448 3162 1482 3166 —
1509 3146 1725 3175 commutaret
1740 3151 1862 3174 —euer-

110 3189 188 3218 teret
209 3187 247 3228 4,
280 3191 329 3222 N:
361 3193 571 3223 commutarit
587 3208 605 3214 -
620 3192 770 3224 everterit
794 3193 876 3230 dtt.;
907 3195 1122 3223 commutaret
1137 3196 1304 3224 -verteret
1332 3193 1371 3224 V.
1409 3193 1563 3234 [Recepit
1591 3195 1728 3223 verteret
1751 3192 1861 3223 Maius

111 3237 288 3279 magisque
305 3242 478 3274 contrario
493 3246 708 3274 commutaret
723 3243 862 3275 videtur
879 3241 1106 3283 respondere.
1126 3243 1247 3284 Hunc]
1269 3261 1304 3265 -—
1324 3252 1429 3283 eamq.
1448 3244 1488 3275 V.
1501 3262 1535 3266 —
1556 3243 1608 3275 33.
1627 3242 1863 3282 utilitatemque

113 3285 201 3325 [342
214 3287 240 3318 V
256 3297 264 3319 ι
286 3290 459 3323 utilitatem
473 3292 554 3332 [33.
573 3290 646 3324 rell.
665 3294 692 3324 A
704 3294 729 3323 B
744 3293 782 3324 C.
803 3310 838 3315 ——
858 3291 910 3323 34.
929 3301 1076 3331 compar.
1097 3293 1177 3332 (non
1194 3293 1345 3333 conpar.)
1364 3294 1469 3325 etiam
1486 3294 1568 3325 V.—-
1595 3293 1639 3323 ad
1660 3300 1718 3322 uos
1736 3292 1862 3332 impro-

112 3333 255 3367 bissimos
276 3339 381 3379 adque
405 3345 556 3381 quaestus
575 3341 611 3373 V.
630 3358 663 3365 —
690 3341 742 3374 35.
768 3342 950 3375 institueret
972 3341 1061 3382 [329
1075 3343 1111 3374 Β.
1133 3343 1338 3383 (instituerit,
1365 3352 1434 3375 non
1451 3342 1665 3381 constituerit,
1685 3342 1791 3374 etiam
1806 3342 1859 3382 V.)

169 3395 287 3430 Cremo
309 3398 342 3430 T.
356 3400 390 3432 11.
1554 3403 1607 3445 46
