2175 3718
1378 156 1394 167 ι

227 236 308 279 456
718 239 773 278 IN
803 235 1022 279 VERREM
1051 236 1212 278 ACTIO
1245 234 1486 278 SECUNDA

228 355 345 404 gatus
376 363 471 390 cum
501 362 614 390 esses
645 350 943 390 circumsessus
973 362 1174 402 cumque,
1206 349 1558 403 quemadmodum
1589 351 1678 388 tute
1698 348 1749 387 ad
1769 348 1977 389 Neronem

227 412 450 466 scripsisti,
481 412 640 466 populo
670 413 858 451 Romano
889 411 1185 464 communique
1216 424 1366 451 causae
1396 412 1628 464 legatorum
1659 409 1768 450 facta
1788 412 1978 450 essetin-

227 475 356 528 signis
386 475 563 523 iniuria,
594 488 679 514 non
712 487 754 514 es
786 478 1052 526 persecutus:
1085 473 1189 512 dicis
1220 473 1293 513 tibi
1326 473 1366 512 in
1399 474 1538 512 animo
1570 485 1661 512 esse
1682 472 1764 512 alio
1792 477 1979 525 tempore

227 537 436 590 persequi.
484 537 609 586 Quod
638 536 716 575 suit
745 536 786 574 id
819 536 1013 587 tempus?
1047 535 1216 587 quando
1250 548 1292 574 es
1323 536 1600 588 persecutus?
1633 533 1715 573 Cur
1734 533 1981 573 imminuisti

194 599 292 639 5ius
322 599 575 652 legationis?
606 612 680 638 cur
710 610 875 637 causam
908 596 1054 649 populi
1085 596 1262 636 Romani
1294 596 1514 636 deseruisti
1546 609 1592 636 ac
1622 595 1877 649 prodidisti?
1910 608 1984 634 cur

226 660 401 701 iniurias
441 666 533 702 tuas
572 661 816 701 coniunctas
859 671 951 696 cum
992 658 1172 711 publicis
1214 658 1454 712 reliquisti?
1512 660 1604 698 Non
1640 663 1681 698 te
1712 658 1763 697 ad
1794 662 1982 697 senatum

226 735 394 763 causam
426 723 610 770 deferre,
642 735 726 762 non
757 721 806 760 de
838 725 921 760 tam
952 720 1162 760 atrocibus
1193 720 1360 759 iniuriis
1391 720 1618 774 conqueri,
1650 732 1734 760 non
1756 733 1828 759 eos
1849 719 1985 759 homi-

226 798 320 833 nes,
351 786 423 839 qui
454 786 658 839 populum
690 783 974 829 concitarant,
1006 782 1228 821 consulum
1260 781 1408 822 litteris
1436 783 1673 822 evocandos
1695 794 1840 822 curare
1861 794 1985 834 opor-

225 847 339 887 tuit?
397 845 463 886 85.
493 849 636 900 Nuper
665 847 718 886 M.
749 844 919 884 Aurelio
943 844 1099 884 Scauro
1130 844 1391 896 postulante,
1424 845 1537 898 quod
1559 845 1593 885 is
1613 845 1769 898 Ephesi
1792 858 1836 884 se
1858 857 1986 898 quae-

177 916 212 946 40
226 915 380 950 storem
421 911 461 950 vi
502 908 759 963 prohibitum
801 919 892 946 esse
933 906 1119 953 dicebat,
1166 919 1250 959 quo
1283 906 1420 946 minus
1452 920 1473 945 e
1503 906 1599 947 sano
1632 907 1786 947 Dianae
1818 921 1984 947 servum

226 986 368 1020 suum,
409 972 480 1027 qui
522 973 564 1010 in
605 971 708 1010 illud
739 969 902 1023 asylum
933 968 1212 1021 confugisset,
1260 967 1506 1016 abduceret,
1552 970 1732 1009 Pericles
1762 969 1984 1022 Ephesius,

225 1035 352 1074 homo
398 1034 706 1080 nobilissimus,
747 1033 921 1071 Romam
963 1035 1160 1070 evocatus
1201 1035 1282 1078 est,
1331 1030 1443 1083 quod
1488 1036 1635 1071 auctor
1664 1031 1776 1071 illius
1807 1031 1985 1071 iniuriae

225 1097 354 1137 fuisse
384 1096 661 1149 arguebatur:
699 1099 764 1142 tu,
806 1093 839 1133 si
871 1099 911 1132 te
942 1093 1125 1146 legatum
1156 1093 1213 1132 ita
1244 1093 1461 1146 Lampsaci
1492 1098 1714 1133 tractatum
1747 1107 1837 1134 esse
1868 1107 1987 1134 sena-

226 1166 314 1200 tum
360 1159 598 1205 docuisses,
644 1162 692 1197 ut
732 1156 792 1196 tui
823 1156 998 1195 comites
1029 1155 1369 1203 vulnerarentur,
1417 1155 1540 1195 lictor
1570 1156 1851 1205 occideretur,
1896 1158 1987 1211 ipse

177 1226 213 1258 ⁴5
227 1224 524 1263 circumsessus
550 1233 683 1274 paene
705 1219 1000 1266 incendercre3
1033 1218 1122 1257 eius
1144 1222 1282 1257 autem
1307 1218 1365 1257 rei
1390 1218 1516 1258 duces
1539 1224 1579 1259 et
1600 1224 1792 1260 auctores
1814 1226 1853 1261 et
1875 1221 1989 1274 prin-

227 1286 340 1340 cipes
370 1284 522 1331 fuisse‚
556 1296 663 1338 quos
695 1282 863 1329 scribis,
896 1281 1255 1333 Themistagoram
1289 1287 1330 1320 et
1351 1281 1620 1321 Thessalum:
1655 1282 1749 1336 quis
1770 1297 1855 1323 non
1877 1297 1989 1323 com-

227 1348 497 1389 moveretur?
530 1345 624 1400 quis
657 1357 743 1384 non
775 1357 827 1383 ex
856 1344 1030 1391 iniuria,
1068 1356 1175 1397 quae
1206 1344 1281 1383 tibi
1314 1348 1423 1383 esset
1452 1344 1579 1391 facta,
1612 1345 1689 1385 sibi
1721 1346 1989 1398 provideret?

228 1412 324 1466 quis
354 1423 440 1450 non
470 1410 513 1448 in
545 1421 594 1448 ea
624 1420 668 1447 re
699 1420 867 1447 causam
899 1411 1033 1454 tuam,
1070 1406 1304 1459 periculum
1335 1420 1556 1446 commune
1587 1407 1652 1460 agi
1685 1407 1989 1448 arbitraretur?

226 1473 392 1514 Etenim
424 1484 579 1512 nomen
610 1470 735 1522 legati
768 1469 974 1508 eiusmodi
1006 1482 1096 1508 esse
1129 1469 1274 1516 debet,
1307 1470 1419 1522 quod
1450 1482 1536 1508 non
1567 1470 1692 1509 modo
1724 1470 1833 1510 inter
1853 1470 1988 1510 socio-

178 1542 214 1573 20
228 1550 318 1576 rum
349 1536 463 1581 iura,
497 1534 570 1573 sed
602 1533 727 1573 etiam
759 1533 868 1571 inter
897 1531 1081 1571 hostium
1113 1531 1196 1570 tela
1227 1531 1437 1571 incolume
1469 1536 1668 1571 versetur.

337 1597 531 1637 XXXIV.
563 1593 630 1635 86.
661 1596 858 1647 Magnum
888 1593 968 1634 hoc
1000 1595 1329 1647 Lampsacenum
1362 1596 1517 1635 crimen
1551 1601 1612 1636 est
1642 1596 1831 1637 libidinis
1862 1602 1988 1652 atquc

227 1659 561 1715 improbissimae
592 1657 849 1710 cupiditatis.
907 1657 1094 1709 Accipite
1124 1670 1234 1696 nnnc
1266 1658 1466 1697 avaritiae
1498 1658 1803 1711 propemodum
1835 1659 1877 1699 in
1910 1674 1987 1700 suo

227 1736 378 1778 genere
409 1735 494 1762 non
525 1721 671 1761 levius.
723 1719 909 1759 Milesios
941 1732 1090 1758 navem
1122 1720 1337 1772 poposcit,
1370 1733 1477 1773 quae
1509 1734 1603 1759 eum
1633 1721 1831 1774 praesidii
1865 1734 1989 1762 causa

228 1785 429 1840 Myndum
461 1787 806 1837 prosequeretur.
852 1782 916 1820 Illi
949 1782 1084 1821 statim
1114 1794 1415 1834 myoparonem
1449 1783 1659 1835 egregium
1689 1783 1739 1822 de
1762 1796 1836 1823 sua
1856 1784 1988 1824 classe

177 1852 421 1888 25ornatum
462 1851 589 1899 atque
631 1849 835 1884 armatum
875 1844 1093 1883 dederunt.
1122 1844 1242 1883 ⁰}10c
1282 1844 1492 1896 praesidio
1537 1845 1735 1898 Myndum
1777 1846 1990 1900 profectus

229 1915 304 1951 est.
362 1911 465 1949 Nam
514 1907 616 1962 quid
656 1907 830 1947 Milesiis
870 1906 991 1946 lanae
1027 1906 1222 1960 publicae
1253 1906 1492 1954 abstulerit,
1539 1907 1636 1946 itcm
1668 1908 1719 1947 de
1750 1914 1918 1963 sumptu
1948 1909 1990 1949 in

227 1974 475 2018 adventum,
517 1971 567 2009 de
599 1969 866 2009 contumeliis
898 1975 939 2008 et
968 1969 1132 2008 iniuriis
1164 1969 1204 2007 in
1237 1968 1522 2021 magistratum
1554 1969 1787 2019 Milesium,
1826 1971 1991 2011 tametsi

229 2035 310 2075 dici
342 2047 435 2073 cum
467 2045 563 2072 vere
596 2037 683 2072 tum
715 2032 895 2085 graviter
926 2037 966 2071 ct
996 2032 1265 2071 vehementer
1290 2035 1453 2083 potest,
1485 2036 1624 2071 tamen
1648 2031 1786 2072 dicere
1808 2039 1992 2086 praeter-

229 2097 387 2137 mittam
419 2109 552 2150 eaque
585 2095 726 2134 omnia
752 2095 929 2134 testibus
953 2095 1113 2146 integra
1134 2093 1379 2133 reservabo:
1411 2094 1537 2141 illud,
1569 2095 1683 2147 quod
1704 2107 1841 2148 neque
1863 2095 1991 2135 taceri

178 2167 215 2198 30
229 2161 315 2200 ullo
347 2159 472 2199 modo
504 2171 643 2212 neque
676 2158 757 2197 dici
788 2170 864 2210 pro
899 2157 1101 2209 dignitate
1133 2160 1294 2208 potest,
1327 2155 1581 2208 cognoscite.
1643 2154 1709 2195 87.
1742 2157 1896 2196 Milites
1927 2170 1991 2196 re-

228 2223 444 2275 migesque
474 2221 665 2260 Miletum
696 2220 851 2273 Myndo
884 2219 1059 2272 pedibus
1090 2218 1241 2256 reverti
1272 2218 1412 2256 iubet:
1444 2218 1534 2270 ipse
1565 2230 1862 2271 myoparonem
1899 2219 1992 2271 pul-

229 2285 480 2325 cherrimum
511 2283 561 2322 de
593 2283 735 2322 decem
767 2282 1026 2321 Milesiorum
1057 2280 1232 2319 navibus
1261 2280 1437 2319 electum
1460 2280 1505 2319 L.
1528 2279 1665 2331 Magio
1689 2285 1729 2319 et
1750 2280 1793 2318 L.
1816 2280 1989 2327 Fannio,

230 2348 303 2403 qui
333 2346 476 2400 Myndi
506 2345 774 2392 habitabant,
806 2343 1006 2383 vendidit.
1066 2343 1118 2381 lli
1151 2348 1247 2381 sunt
1274 2342 1487 2389 homines,
1521 2354 1626 2395 quos
1657 2355 1791 2394 nuper
1821 2348 1990 2382 senatus

230 2410 272 2449 in
302 2408 489 2448 hostium
519 2420 694 2447 numero
726 2406 942 2445 habendos
974 2405 1159 2445 censuit:
1190 2405 1271 2443 hoc
1302 2404 1362 2443 illi
1394 2404 1562 2457 navigio
1595 2404 1646 2443 ad
1668 2417 1812 2444 omncs
1842 2405 1990 2458 populi

180 2471 405 2511 :winomani
442 2470 585 2510 hostes
623 2483 759 2523 usque
803 2482 826 2508 a
863 2468 1014 2507 Dianio
1056 2468 1106 2507 ad
1150 2467 1348 2520 Sinopam
1388 2466 1700 2519 navigaverunt.
1761 2466 1794 2506 Ο
1838 2468 1879 2507 di
1917 2468 1993 2507 im-

232 2533 452 2575 mortales!
500 2532 788 2572 incredibilem
830 2531 1047 2571 avaritiam
1089 2530 1426 2583 singularemque
1466 2529 1711 2569 audaciam!
1760 2531 1916 2570 Navem
1948 2536 1993 2571 tu

323 2721 354 2752 ⁶2.
381 2720 517 2760 insigniis
539 2718 666 2750 iniuria
682 2718 723 2749 Gt
743 2717 916 2757 ⁵20⁴ng
943 2717 1069 2748 iniuria
1094 2718 1152 2748 ins.
1172 2716 1233 2747 dtt.
1253 2716 1290 2747 O.
1311 2733 1346 2738 ——
1373 2714 1403 2746 6.
1427 2723 1532 2746 nonne
1555 2718 1584 2746 tc
1607 2714 1719 2746 ‹itt.—
1745 2715 1776 2747 8.
1794 2717 1996 2748 concitarent

235 2773 282 2804 (1¹2²
296 2771 398 2811 ngv.
428 2788 463 2792 -—
492 2770 543 2800 42.
568 2769 656 2799 illius
679 2768 823 2798 iniuriae
847 2767 887 2797 tit
907 2768 1052 2807 311329:
1078 2767 1136 2798 ini.
1163 2767 1207 2797 ill.
1235 2766 1297 2797 dtt.
1324 2766 1361 2797 Ο.
1385 2782 1420 2786 —
1448 2764 1499 2795 43.
1525 2764 1729 2805 arguebatur
1752 2768 1853 2804 (3352
1878 2775 1996 2807 arque—

234 2826 326 2854 relw·
350 2821 412 2853 dtt.
439 2821 478 2852 O.
507 2836 541 2840 —-
570 2820 621 2850 45.
649 2821 775 2849 actores
798 2818 898 2856 Lgsst).
921 2833 955 2839 —
984 2821 1011 2848 et
1032 2818 1197 2857 principes
1220 2818 1265 2848 L:
1287 2816 1453 2855 principes
1478 2815 1580 2846 codd.
1608 2815 1690 2846 noti.
1716 2818 1758 2847 At
1778 2817 1820 2848 ct'.
1839 2816 1882 2848 dc
1900 2818 1992 2847 Orat.

235 2875 288 2905 ΙΙΙ.
315 2876 346 2914 g.
373 2872 425 2903 63.
452 2870 497 2902 ad
521 2871 614 2901 Fam.
641 2869 680 2900 X.
709 2868 739 2904 6,
766 2868 797 2899 3.
833 2886 866 2889 ——
905 2868 957 2898 40.
993 2868 1258 2907 'l'hemislagyorun
1287 2866 1422 2905 ngQ‘J.
1452 2883 1486 2887 —
1523 2866 1575 2896 49.
1607 2864 1802 2897 οἱίιεάοἲηοιὶί
1831 2866 1902 2906 (sic)
1928 2866 1992 2903 (223

234 2922 429 2955 eiuscemodi
454 2921 514 2953 Ld.
544 2936 578 2942 —
605 2920 658 2950 022.
684 2918 781 2959 nunc]
805 2927 882 2949 vero
900 2917 1006 2949 (121Λί
1022 2916 1052 2948 λ.
1079 2919 1128 2949 Nc
1154 2917 1187 2947 id
1211 2915 1353 2957 quidem
1377 2915 1410 2946 h.
1430 2913 1451 2945 l.
1478 2915 1656 2955 ineptum!
1679 2932 1714 2936 -—
1740 2916 1793 2946 ⁹26.
1819 2924 1841 2946 a
1863 2915 1997 2946 Milesiis

234 2973 334 3013 1529,
361 2973 457 3002 Serv.
485 2969 529 3001 ad
552 2970 642 3009 Yirg.
664 2966 969 3009 <;c(›1·g.1V.33.2.‚
996 2976 1085 3008 quac
1103 2966 1314 2998 constructio
1340 2965 1497 2997 Ciceroni
1522 2973 1605 2996 sane
1631 2967 1683 2996 cst
1707 2964 1814 2996 multo
1839 2966 1994 2995 usitatior

233 3023 274 3054 cs.
301 3022 436 3062 Zumpt.
463 3021 507 3052 ad
531 3021 555 3052 1.
584 3022 614 3060 ξ.
634 3020 686 3050 ⁶27.
712 3020 766 3050 ΙΙΙ.
794 3020 824 3059 g.
845 3019 916 3049 471.
945 3036 979 3039 -—
1000 3017 1153 3057 publicae
1177 3016 1279 3048 codd.
1307 3017 1339 3047 ct
1363 3016 1459 3046 Serv.
1485 3013 1506 3045 l.
1526 3014 1560 3046 1.:
1589 3023 1658 3046 om.
1685 3016 1781 3046 Serv.
1808 3014 1850 3046 ad
1868 3016 1990 3055 Geor-g.

231 3073 285 3103 111.
313 3071 406 3108 306.;
432 3071 561 3111 publice
584 3069 774 3101 Lambinus
800 3069 919 3110 [recte.
948 3067 989 3099 cf.
1018 3066 1127 3099 Halm.
1156 3067 1199 3098 ad
1223 3067 1321 3098 Verr.
1348 3065 1401 3096 IV.
1429 3066 1458 3104 ,ξ’
1478 3065 1529 3095 90.
1558 3064 1613 3096 cd.
1634 3065 1751 3105 Lips.].
1781 3083 1815 3086 —
1842 3064 1893 3095 Ε28.
1920 3073 1993 3094 cum

233 3122 273 3152 Gt
293 3129 335 3159 ςῑ
362 3124 431 3152 lum
455 3122 511 3152 ctt.
532 3120 568 3151 Ο.
591 3137 625 3141 —
652 3120 703 3150 30.
731 3119 794 3149 diei
813 3127 848 3158 p.
878 3118 966 3158 dign.
989 3121 1057 3157 pot.
1085 3118 1189 3155 <1252
1226 3117 1288 3148 dici
1307 3118 1410 3156 poles!
1430 3124 1464 3154 p.
1493 3115 1557 3156 diss.
1585 3116 1649 3150 Gt;
1681 3117 1784 3154 potest
1806 3122 1906 3153 neque
1930 3114 1994 3145 dici

230 3181 264 3211 p.
291 3172 356 3212 (ligi.
384 3172 445 3203 dtt.
469 3188 503 3193 --
529 3169 581 3201 32.
607 3169 732 3209 Massio]
756 3169 867 3200 Mario
893 3168 984 3199 012.
1014 3185 1047 3188 μ
1075 3168 1200 3198 Fannio
1224 3169 1274 3198 A:
1300 3165 1399 3197 Fabio
1417 3165 1457 3195 (11
1476 3165 1543 3202 ’Ξςῑ
1572 3164 1670 3195 flabio
1694 3166 1753 3195 ctt.
1773 3164 1809 3194 Ο.
1832 3181 1866 3184 -ῆ
1893 3163 1946 3194 35.
1972 3172 1994 3194 α

237 3221 356 3252 [Manio
373 3223 417 3251 A:
445 3219 485 3251 ab
509 3219 631 3251 Dianio
648 3218 709 3249 dtt.
731 3220 782 3256 O.,
809 3219 852 3249 ad
869 3219 978 3257 (Iyano
1003 3218 1073 3251 GR:
1100 3226 1121 3248 α
1145 3217 1243 3248 (liano
1267 3217 1307 3247 Gt
1331 3225 1336 3253 ς
1363 3214 1404 3245 ab
1427 3214 1569 3245 Diarino
1593 3224 1625 3252 ς.
1646 3232 1681 3236 -
1706 3214 1865 3252 Sinopam
1889 3213 1991 3244 codd.

236 3271 325 3308 noti,
353 3271 456 3301 ctiam
480 3279 518 3308 ςῑ
545 3269 684 3308 Sinopen
712 3269 748 3299 O.
781 3269 967 3299 Practcrca
993 3266 1094 3299 codd.
1121 3266 1262 3298 Tulliani
1288 3266 1366 3306 post
1389 3264 1511 3295 Dianio
1536 3263 1687 3294 addunt:
1715 3263 1801 3301 quod
1823 3262 1857 3293 in
1879 3262 1995 3302 Hispa-

234 3321 292 3351 nia
315 3323 376 3357 est„
405 3321 480 3359 post
505 3319 664 3357 Sinopam
687 3319 826 3348 autem:
855 3326 937 3356 quac
960 3317 991 3347 in
1016 3318 1116 3348 Ponto
1135 3320 1190 3347 est.
1217 3315 1344 3347 Omittit
1366 3314 1452 3345 hacc
1471 3312 1596 3353 verba,
1624 3314 1817 3345 llotomano
1844 3313 1877 3344 ct
1898 3313 1995 3343 Lem-

236 3370 318 3402 bino
342 3371 523 3412 suspecta,
560 3368 729 3401 Asconius
752 3367 853 3410 prob.
878 3366 991 3400 Madv.
1018 3368 1042 3398 1.
1069 3375 1102 3408 p.
1129 3365 1202 3398 312.
