2143 3713
473 198 568 240 cu».
589 197 857 240 x11-xlv.
885 195 958 251 §§·
981 196 1173 240 24-311.
1207 198 1426 255 [vm-x.
1458 198 1474 240 i
1486 198 1650 256 4-—21.]
1856 197 1929 240 474

189 313 328 353 valere
369 312 591 366 plurimum
630 310 772 357 debet,
813 322 897 349 non
938 311 1062 351 modo
1104 325 1195 351 cum
1226 312 1395 352 summis
1427 313 1599 353 civitatis
1629 318 1794 354 nostrae
1823 314 1938 362 viris,

187 374 261 414 sed
292 388 385 414 cum
416 372 554 414 inlimo
585 372 672 412 cive
699 373 883 412 Romano
916 374 1136 427 quisquam
1159 374 1436 426 amplissimus
1459 375 1615 415 Galliae
1637 375 1937 429 comparandus

188 437 283 476 est?
328 436 413 475 Scit
441 434 765 480 Indutiomarus,
798 434 900 486 quid
923 435 975 474 sit
1001 436 1278 475 testimonium
1301 435 1467 475 dicere?
1498 443 1685 476 movetur
1706 451 1755 476 eo
1778 438 1937 485 timore,

187 512 270 551 quo
300 502 486 537 nostrum
515 509 623 535 unus
645 495 845 548 quisque,
877 510 968 535 cum
1001 498 1043 536 in
1074 511 1164 537 eum
1197 498 1333 537 locum
1355 498 1579 550 productus
1602 504 1663 538 est
1679 502 1696 538 ’ἶ
1736 499 1848 538 XIII.
1871 497 1937 538 28.

190 559 277 614 [IX.
300 556 381 611 vl8.]
414 556 720 603 Recordamiui,
752 556 930 606 iudices,
963 565 1117 612 quanto
1140 570 1262 613 opere
1289 560 1477 599 laborare
1498 560 1679 607 soleatis,
1710 574 1794 599 non
1815 562 1970 609 modo5

187 622 287 675 quid
319 621 462 660 dicatis
491 632 565 672 pro
596 618 857 666 testimonio,
898 620 970 659 sed
1003 623 1124 661 etiam
1157 621 1307 674 quibus
1338 622 1474 662 verbis
1505 622 1701 670 utamini,
1741 636 1793 661 ne
1827 623 1939 676 quod

188 686 322 723 minus
358 681 566 722 moderate
610 680 813 732 positum,
856 695 907 721 ne
939 683 1050 735 quod
1082 683 1132 722 ab
1163 683 1302 736 aliqua
1333 684 1552 736 cupiditate
1583 684 1818 737 prolapsum
1850 698 1941 724 ver-

186 747 282 786 bum
313 758 403 785 esse
433 743 642 784 videatur:
674 742 791 782 vultu
822 743 1004 798 denique
1035 745 1230 784 laboratis
1262 759 1312 785 ne
1347 759 1430 798 qua
1461 745 1681 797 significari
1713 747 1844 799 possit
1874 760 1941 785 su-

187 808 315 861 spicio
347 805 605 859 cupiditatis,
636 809 700 851 ut,
732 810 772 843 et
803 818 895 845 cum
925 807 1124 859 proditis,
1157 807 1406 847 existimatio
1438 808 1490 847 sit
1512 807 1718 860 quaedam
1741 809 1860 848 tacita
1891 808 1941 847 de

186 870 303 910 vobis
333 868 500 922 pudoris
531 880 576 906 ac
606 866 838 918 religionis,
870 874 910 907 et
940 883 1032 908 cum
1056 868 1288 916 disceditis,
1322 882 1369 908 ea
1392 869 1612 921 diligenter
1632 874 1874 910 conservata
1895 874 1991 909 ac¹0

185 936 344 971 retenta
364 929 563 970 videatur.
624 926 688 967 29.
715 925 812 982 [Μὴ]
839 930 971 969 Credo
993 932 1097 971 haec
1120 932 1263 971 eadem
1288 932 1613 971 indutiomarum
1636 932 1679 971 in
1703 932 1940 972 testimonio

184 994 371 1033 timuisse
410 995 481 1031 aut
519 991 786 1043 cogitavisse:
827 993 899 1044 qui
939 994 1115 1046 primum
1156 993 1260 1032 illud
1302 994 1473 1034 verbum
1516 994 1942 1034 consideratissimum

185 1059 349 1095 nostrae
380 1052 693 1093 consuetudinis
714 1067 940 1102 ARBITROR,
974 1068 1056 1107 quo
1088 1068 1163 1094 nos
1195 1055 1314 1095 etiam
1347 1061 1444 1095 tunc
1476 1056 1647 1104 utimur,
1680 1069 1772 1096 cum
1805 1070 1853 1096 ea
1883 1055 1944 1095 di-

184 1117 311 1156 cimus
340 1115 485 1164 iurati,
525 1128 632 1168 quae
664 1121 877 1168 comperta
905 1117 1129 1164 habemus,
1161 1130 1267 1170 quae
1299 1118 1374 1171 ipsi
1402 1118 1601 1165 vidimus,
1633 1132 1686 1157 ex
1715 1123 1799 1158 toto
1829 1118 1943 1158 testi-

186 1179 322 1219 monio
354 1192 427 1218 suo
459 1177 626 1217 sustulit
656 1182 781 1231 atque
813 1179 951 1219 onmia
982 1193 1026 1218 se
1058 1179 1162 1218 scire
1194 1179 1312 1219 dixit.
1357 1180 1584 1219 Verebatur
1604 1181 1714 1220 enim
1736 1181 1992 1228 videlicet‚¹¹5

183 1253 236 1280 ne
267 1239 368 1294 quid
398 1240 508 1293 apud
540 1253 611 1279 vos
642 1240 929 1294 populumque
960 1242 1193 1280 Romanum
1225 1241 1275 1281 de
1307 1242 1613 1281 existimatione
1646 1256 1720 1282 sua
1741 1242 1942 1296 deperde-

184 1307 270 1351 ret,
300 1315 352 1342 ne
384 1315 466 1356 qua
495 1301 605 1341 fama
626 1308 954 1355 consequeretur
975 1303 1062 1342 eius
1085 1302 1221 1350 modi,
1258 1303 1607 1351 Indutiomarum,
1638 1305 1763 1344 talem
1794 1306 1942 1352 virum,

184 1371 267 1406 tam
298 1364 469 1418 cupide,
501 1369 583 1404 tam
614 1369 769 1404 temere
800 1365 970 1405 dixisse.
1015 1366 1105 1405 Non
1137 1365 1395 1418 intelligebat
1425 1380 1468 1405 se
1499 1366 1542 1405 in
1571 1367 1807 1408 testimonio
1838 1368 1943 1407 nihil

183 1431 348 1482 praeter
378 1440 521 1467 vocem
553 1431 594 1466 et
624 1440 670 1466 os
702 1431 742 1466 et
771 1426 985 1467 audaciam
1017 1441 1154 1481 neque
1187 1428 1343 1468 civibus
1366 1429 1451 1468 suis
1472 1442 1612 1482 neque
1633 1430 1942 1470 accusatoribus

184 1490 338 1530 nostris
369 1494 579 1542 praestare
613 1488 777 1529 debere.
826 1487 892 1528 30.
927 1487 1024 1543 [EQ]
1056 1490 1118 1529 An
1152 1503 1250 1530 vero
1281 1490 1379 1530 istas
1410 1491 1598 1531 nationes
1619 1491 1821 1544 religione
1841 1491 1942 1532 iuris
1955 1497 1992 1526 20

183 1551 350 1592 iurandi
380 1565 427 1591 ac
458 1556 570 1590 metu
603 1550 775 1591 deorum
805 1551 1098 1591 immortalium
1129 1552 1172 1591 in
1204 1553 1452 1592 testimoniis
1476 1553 1662 1593 dicendis
1694 1556 1944 1596 commoveri

185 1613 460 1660 arbitramini,
502 1626 609 1666 quae
653 1617 807 1653 tantum
848 1626 872 1652 a
912 1619 1139 1654 ceterarum
1171 1616 1355 1668 gentium
1386 1629 1499 1655 more
1531 1629 1576 1655 ac
1607 1621 1755 1657 natura
1785 1618 1943 1657 dissen-

183 1677 327 1717 tiunt?
375 1675 496 1723 Quod
529 1681 687 1715 ceterae
719 1688 794 1728 pro
826 1676 1096 1728 religionibus
1127 1678 1212 1717 suis
1242 1678 1352 1717 bella
1382 1678 1629 1731 suscipiunt,
1668 1679 1771 1719 istae
1804 1685 1943 1722 contra

185 1739 368 1779 omnium
399 1737 641 1790 religiones:
671 1737 767 1776 illae
798 1737 841 1776 in
870 1738 991 1777 bellis
1022 1740 1214 1791 gerendis
1235 1740 1285 1779 ab
1317 1740 1378 1780 dis
1408 1741 1707 1782 immortalibus
1728 1756 1873 1796 pacem
1895 1757 1943 1784 ac

185 1800 349 1841 veniam
388 1804 556 1852 petunt,
596 1800 698 1838 istae
735 1812 826 1839 cum
864 1800 962 1853 ipsis
993 1800 1056 1840 dis
1086 1802 1386 1842 immortalibus
1416 1803 1527 1842 bella
1556 1811 1786 1856 gesserunt.
1830 1807 1942 1847 XIV.
1956 1813 1992 1842 25

189 1859 271 1917 [X]
305 1862 392 1901 Hae
424 1866 519 1901 sunt
549 1862 760 1907 nationes,
803 1875 909 1914 quae
941 1864 1150 1915 quondam
1182 1870 1262 1904 tam
1293 1865 1416 1917 longe
1448 1865 1498 1904 ab
1529 1866 1615 1905 suis
1646 1867 1816 1908 sedibus
1845 1869 1943 1909 Del-

185 1925 289 1980 phos
329 1936 464 1977 usque
501 1923 551 1963 ad
592 1923 827 1976 Apollinem
859 1924 1050 1977 Pythium
1086 1931 1210 1979 atque
1242 1926 1294 1966 ad
1322 1927 1535 1967 oraculum
1566 1929 1677 1968 orbis
1708 1934 1841 1970 terrae
1871 1945 1943 1971 ve-

187 1986 369 2026 xandum
400 1999 446 2026 ac
477 1985 738 2039 spoliandum
771 1985 979 2039 profectae
1012 1994 1118 2027 sunt.
1163 1989 1225 2027 Ab
1256 1989 1389 2029 isdem
1419 1990 1613 2042 gentibus
1645 1992 1796 2031 sanctis
1828 1996 1869 2032 et
1898 1993 1942 2032 in

187 2050 420 2089 testimonio
461 2048 662 2100 religiosis
705 2047 921 2088 obsessum
954 2048 1201 2101 Capitolium
1234 2057 1295 2091 est
1324 2057 1450 2108 atque
1480 2052 1550 2092 ille
1581 2053 1788 2106 Iuppiter,
1827 2056 1942 2095 cuius

184 2113 351 2151 nomine
381 2111 556 2151 maiores
588 2110 717 2149 nostri
749 2111 927 2150 vinctam
958 2112 1292 2152 testimoniorum
1322 2114 1448 2153 Iidem
1480 2128 1570 2154 esse
1600 2115 1833 2156 voluerunt.
1874 2114 1991 2159 31l.30

187 2170 284 2227 [21]
318 2174 530 2213 Postremo
572 2172 636 2211 his
677 2172 898 2225 quicquam
933 2180 1118 2214 sanctum
1149 2189 1196 2214 ac
1227 2176 1465 2228 religiosum
1497 2176 1628 2217 videri
1657 2183 1813 2230 potest,
1855 2180 1941 2233 qui,

185 2236 306 2275 etiam
344 2235 379 2274 si
419 2233 584 2288 quando
624 2234 763 2287 aliquo
801 2239 915 2274 metu
954 2236 1123 2276 adducti
1164 2238 1264 2277 deos
1302 2238 1526 2291 placandos
1557 2252 1648 2279 esse
1679 2241 1941 2290 arbitrantur,

182 2296 376 2337 humanis
406 2295 550 2336 hostiis
582 2309 722 2336 eorum
746 2310 836 2336 aras
857 2310 903 2337 ac
922 2299 1075 2352 templa
1096 2299 1336 2340 funestant‘?
1368 2306 1414 2340 ut
1433 2314 1485 2341 ne
1506 2302 1748 2355 religionem
1771 2304 1941 2358 quidem

184 2360 320 2400 colere
350 2359 529 2412 possint,
559 2359 638 2398 nisi
669 2372 757 2399 eam
788 2359 923 2412 ipsam
953 2361 1066 2425 wius
1097 2362 1252 2402 scelere
1274 2363 1480 2403 violarint.
1526 2363 1629 2411 Quis
1652 2366 1760 2405 enim
1780 2367 1942 2419 ignorat

185 2436 257 2464 eos
287 2435 421 2475 usque
452 2421 505 2461 ad
533 2421 640 2462 hanc
670 2421 779 2462 diem
810 2423 986 2463 retinere
1018 2424 1129 2464 illam
1160 2425 1383 2465 immanem
1413 2439 1459 2466 ac
1480 2426 1695 2466 barbaram
1717 2434 1940 2468 consuetu—
1953 2437 1989 2466 35

185 2485 322 2525 dinem
350 2484 563 2524 hominum
594 2484 973 2524 immolandorum?
1019 2486 1154 2534 Quam
1185 2487 1237 2526 ob
1268 2501 1355 2527 rem
1378 2488 1490 2541 quali
1511 2489 1619 2535 fide,
1651 2489 1765 2542 quali
1784 2491 1940 2542 pietate

186 2546 429 2587 existimatis
469 2560 559 2586 esse
602 2560 698 2595 eos,
743 2548 815 2600 qui
853 2547 977 2587 etiam
1017 2549 1115 2589 deos
1157 2550 1408 2590 immortales
1447 2551 1696 2591 arbitrentur
1723 2551 1939 2593 hominum

185 2609 339 2649 scelere
360 2614 400 2649 et
429 2609 630 2662 sanguine
659 2609 854 2650 facillime
886 2623 1009 2663 posse
1039 2611 1223 2665 placari?
1257 2612 1358 2652 Cum
1386 2612 1451 2653 his
1472 2626 1545 2654 vos
1566 2613 1736 2654 testibus
1759 2619 1938 2655 vestram

269 2818 300 2850 Ξ.
326 2819 456 2859 infirmo
480 2819 519 2849 V.
547 2836 581 2840 —
612 2819 642 2851 3.
668 2820 912 2852 Induliomarus
936 2821 981 2851 V:
1014 2821 1266 2853 Jmluciomarus
1289 2823 1348 2854 SO
1373 2823 1419 2863 (et
1443 2823 1493 2855 sic
1516 2824 1686 2865 semper);
1721 2823 1763 2855 cf.
1790 2824 1938 2865 Nipper-

184 2869 301 2901 deium
325 2868 370 2899 ad
394 2868 483 2899 Caes.
509 2869 546 2900 Β.
574 2869 660 2901 Gall.
686 2870 726 2900 V.
753 2869 784 2900 3.
814 2889 847 2892 —
884 2869 914 2901 11..
940 2879 1041 2901 unum
1065 2872 1199 2910 quisque
1222 2872 1261 2902 V.
1291 2890 1325 2893 —
1360 2873 1391 2903 5.
1419 2873 1496 2912 non]
1518 2882 1558 2904 ›ne
1580 2874 1619 2910 V„
1647 2882 1736 2904 corr.
1763 2874 1795 2904 in
1818 2883 1870 2905 no.
1899 2891 1934 2895 —

182 2919 214 2950 7.
236 2919 379 2958 positum
403 2918 440 2957 V,
470 2917 624 2959 syllabae
649 2927 683 2950 os
708 2918 814 2950 altera
839 2929 854 2950 s
877 2921 1125 2961 superscripta.
1155 2938 1189 2942 —-
1211 2921 1388 2960 prolapsus
1410 2922 1450 2953 V.
1474 2940 1506 2944 —
1533 2922 1563 2953 8.
1589 2922 1717 2953 vitietur
1739 2924 1771 2953 S.
1793 2940 1828 2944 -
1855 2923 1885 2953 9.
1903 2926 1940 2954 uc

183 2968 222 3009 et]
245 2972 281 3000 ut
304 2972 338 3000 at
361 2969 402 2999 V.
431 2984 466 2990 —
505 2969 724 3000 erlzistimatio
748 2973 792 3001 est
815 2970 854 3001 V.
884 2987 918 2992 —
957 2971 1009 3001 110.
1036 2973 1065 3001 et
1088 2979 1161 3001 cum
1185 2971 1227 3001 S:
1267 2974 1302 3001 αι
1325 2980 1399 3002 cum
1421 2971 1461 3002 V.
1489 2988 1524 2992 —
1560 2972 1611 3003 4⁶2.
1637 2972 1827 3013 coquat-isse
1848 2971 1934 3002 VS:

183 3019 338 3059 cogitasse
360 3019 398 3050 Ο.
425 3035 460 3040 —
494 3018 545 3050 18.
572 3019 772 3060 ¹intellegebat
795 3020 834 3051 V.
863 3038 897 3042 —
931 3020 982 3050 19.
1008 3028 1133 3057 *coccum
1167 3028 1202 3050 os
1230 3023 1260 3051 et
1290 3021 1468 3051 audaciam
1493 3021 1582 3052 coni.
1608 3022 1733 3052 Ravius
1756 3021 1796 3052 11.
1821 3029 1855 3061 p.
1883 3021 1935 3052 Ἡ.

183 3068 227 3098 At
247 3076 280 3098 v.
305 3068 494 3100 Manutium
518 3068 562 3099 ad
584 3068 619 3099 h.
646 3067 667 3100 l.
698 3087 731 3092 —
759 3069 810 3101 23.
837 3068 933 3109 quod]
958 3078 1000 3100 ne
1026 3069 1102 3109 quis
1127 3078 1223 3109 quom
1247 3070 1358 3109 malit,
1385 3070 1428 3101 cf.
1454 3071 1602 3112 interpp.
1629 3070 1673 3102 ad
1698 3079 1747 3101 or.
1773 3071 1806 3101 in
1824 3070 1935 3102 Vatin.

185 3116 215 3155 S.
234 3116 285 3147 22.
309 3125 344 3158 p.
363 3117 415 3148 75.
435 3117 489 3149 ed.
516 3126 617 3149 meae
641 3118 732 3159 Lips.
768 3136 802 3140 ——
828 3119 880 3150 ⁶24.
907 3120 941 3150 in
965 3127 1034 3149 om.
1061 3120 1093 3150 S.
1121 3136 1158 3141 —
1185 3119 1225 3150 ab
1249 3119 1297 3149 dis
1313 3119 1356 3150 V:
1384 3119 1424 3150 ab
1448 3120 1509 3151 (liis
1525 3121 1568 3158 Ο,
1594 3129 1616 3151 α
1639 3121 1699 3151 diis
1722 3121 1753 3151 S.
1775 3136 1810 3142 -
1837 3120 1890 3151 ⁶26.
1916 3129 1939 3151 α

185 3165 251 3196 suis
274 3166 306 3197 S.
325 3184 359 3188 —
386 3167 438 3198 28.
464 3167 565 3199 isdem
581 3168 628 3198 V:
654 3168 774 3199 hisdem
792 3169 832 3206 S,
859 3169 971 3200 iisdem
991 3169 1027 3199 O.
1049 3186 1083 3189 —
1111 3169 1162 3200 ⁶29.
1188 3169 1333 3208 Iuppiter
1348 3169 1394 3199 V:
1419 3170 1543 3208 Iupiter
1565 3170 1635 3201 SO.
1655 3186 1690 3190 —
1717 3168 1770 3200 30.
1793 3169 1938 3200 vinctam

186 3214 232 3244 V:
258 3218 406 3247 sanctam
428 3217 460 3248 S.
489 3235 524 3238 —
550 3218 606 3248 31.
627 3221 829 3257 postremum
852 3218 884 3249 S.
913 3235 950 3240 —
977 3219 1152 3257 quiequam
1176 3219 1197 3249 S
1220 3227 1267 3250 m.
1294 3227 1368 3259 pr.:
1395 3220 1568 3259 quisquam
1591 3220 1611 3250 S
1628 3228 1674 3251 m.
1693 3220 1731 3257 23
1758 3219 1937 3259 quidquam

187 3263 225 3294 O.
253 3281 288 3286 —
313 3264 365 3297 3⁶2.
390 3266 599 3299 arbitrantur
622 3268 660 3300 S:
688 3268 940 3300 arbilrabanlw·
964 3268 1003 3299 Y.
1032 3286 1067 3290 —
1093 3267 1146 3300 33.
1171 3268 1270 3300 hostis
1292 3268 1331 3300 V.
1362 3286 1396 3290 —
1424 3269 1477 3301 37.
1503 3278 1567 3302 esse
1590 3278 1647 3301 nos
1671 3269 1726 3308 qui
1748 3268 1787 3300 V.
1816 3285 1851 3290 —
1877 3269 1936 3300 im-

185 3315 333 3347 mortalis
354 3316 393 3348 V.
