2175 3718
494 224 582 263 Lm.
611 222 662 262 Π.
693 221 788 262 CAP.
818 220 1244 261 xxxin-xxxv.
1283 218 1356 272 §§·
1386 218 1590 261 79—87.
1815 216 1896 259 203

155 336 358 388 insignem
395 335 588 374 iniuriam
629 332 820 371 omnihus
855 336 993 372 notus.
1065 332 1201 371 Huius
1246 330 1429 382 hospitio
1466 331 1615 371 Verres
1657 345 1750 372 cum
1788 336 1899 371 esset

154 411 253 437 usus
285 403 326 437 et
356 411 446 436 cum
487 395 595 449 apud
635 408 729 434 eum
760 407 843 433 non
875 395 1009 434 solum
1042 394 1229 434 Thermis
1260 405 1384 444 saepe
1416 405 1588 431 numero
1618 393 1784 440 suisset,
1825 391 1899 432 sed

153 459 276 499 etiam
306 459 551 505 habitasset,
592 457 715 496 domo
747 456 837 495 eius
868 457 1006 496 omnia
1037 455 1230 502 abstulit,
1264 468 1370 508 quae
1401 454 1526 506 paulo
1558 455 1686 506 magis
1717 455 1899 494 animum

152 521 382 573 cuiuspiam
403 524 473 559 aut
497 518 640 558 oculos
663 524 834 570 possent
855 531 1126 558 commovere.
1146 516 1310 555 Etenim
1329 515 1526 555 Sthenius
1547 515 1597 555 ab
1619 516 1900 555 adolescentia

150 583 274 636 paulo
315 581 541 622 studiosius
577 581 679 619 haec
717 586 994 633 compararat,
1037 578 1338 631 supellectilem
1374 590 1426 616 ex
1469 590 1565 616 aere
1605 577 1931 630 elegantiorem5

150 651 190 685 et
211 645 420 684 Deliacam
453 648 494 682 et
516 642 784 689 Corinthiam,
817 642 975 681 tabulas
1006 642 1150 695 pictas,
1182 640 1307 679 etiam
1329 639 1488 691 argenti
1512 639 1619 678 bene
1640 638 1750 685 facti,
1780 644 1901 690 prout

151 705 404 747 Thermitani
435 704 616 745 hominis
646 703 862 743 facultates
892 703 1100 749 serebant,
1133 702 1244 741 satis.
1305 702 1435 750 Quae,
1467 714 1561 740 cum
1592 706 1702 740 esset
1731 701 1773 739 in
1803 701 1901 739 Asia

148 769 408 814 adolescens,
450 766 659 813 studiose,
703 771 749 805 ut
787 765 893 812 dixi,
936 769 1194 818 compararat
1235 778 1318 804 non
1359 769 1440 803 tam
1479 776 1578 802 suae
1611 762 1900 802 delectationis

150 844 290 877 causa,
332 843 454 883 quam
485 828 536 868 ad
568 828 834 868 invitationes
875 828 1159 880 adventusque
1190 831 1424 866 nostrorum
1454 825 1688 873 hominum,
1731 838 1901 864 suorum

149 893 375 932 amicorum
415 896 540 944 atque
570 890 796 943 hospitum.
855 887 921 928 84.
954 890 1068 938 Quae
1109 894 1386 941 posteaquam
1427 888 1504 927 iste
1543 887 1682 927 omnia
1711 885 1950 933 abstulit‚40

146 954 227 996 alia
256 954 454 1006 rogando,
484 953 565 993 alia
594 952 818 1006 poscendo,
850 952 931 991 alia
963 951 1182 998 sumendo,
1223 950 1382 990 ferebat
1406 950 1615 998 Sthenius,
1646 954 1693 988 ut
1722 952 1898 1003 poterat3

147 1017 374 1070 angebatur
403 1015 530 1054 animi
562 1014 822 1062 necessario,
855 1013 967 1067 quod
1000 1014 1168 1053 domum
1201 1013 1290 1052 eius
1322 1017 1563 1052 exornatam
1594 1017 1633 1051 et
1656 1012 1899 1051 instructam

144 1079 230 1119 fere
269 1078 349 1117 iam
392 1077 469 1117 iste
508 1077 743 1116 reddiderat
773 1076 926 1116 nudam
959 1082 1083 1130 atque
1115 1076 1302 1115 inanem:
1353 1088 1497 1114 verum
1536 1079 1673 1113 tamen
1711 1072 1899 1113 dolorem

147 1154 267 1182 suum
297 1139 453 1179 nemini
486 1139 773 1192 impertiebat:
813 1139 1012 1192 praetoris
1054 1138 1226 1177 iniurias
1258 1137 1403 1184 tacite,
1441 1136 1619 1190 hospitis
1650 1135 1810 1190 placide
1841 1134 1900 1175 fe-

147 1204 296 1245 rendas
326 1202 608 1242 arbitrabatur.
655 1200 721 1240 85.
753 1202 914 1240 Interea
944 1201 1020 1240 iste
1052 1200 1278 1253 cupiditate
1309 1200 1378 1239 illa
1408 1212 1481 1239 sua
1511 1204 1607 1238 nota
1636 1204 1761 1253 atque
1792 1197 1950 1252 apudt5

149 1279 292 1307 omnes
333 1269 554 1319 pervagata
594 1277 687 1303 cum
728 1264 844 1316 signa
887 1262 1091 1316 quaedam
1130 1262 1407 1316 pulcherrima
1446 1267 1570 1315 atque
1611 1260 1903 1314 antiquissima

147 1327 336 1368 Thermis
367 1327 411 1366 in
441 1326 610 1379 publico
651 1325 785 1379 posita
815 1325 1006 1372 vidisset,
1047 1324 1272 1364 adamavit:
1321 1338 1344 1364 a
1374 1323 1546 1363 Sthenio
1585 1329 1725 1377 petere
1756 1323 1902 1376 coepit,

147 1396 192 1431 ut:
220 1390 272 1430 ad
303 1402 351 1430 ea
381 1388 564 1430 tollenda
594 1401 760 1441 operam
800 1400 918 1427 suam
956 1386 1216 1441 profiteretur
1256 1400 1384 1440 seque
1419 1386 1643 1426 adiuvaret.
1705 1385 1902 1425 Sthenius

147 1466 244 1493 vero
276 1465 358 1492 non
389 1451 524 1491 solum
559 1450 744 1503 negavit,
784 1449 857 1489 sed
899 1449 1022 1489 etiam
1052 1449 1236 1489 ostendit
1273 1449 1362 1489 fieri
1394 1449 1436 1488 id
1467 1448 1581 1488 nullo
1612 1447 1736 1489 modo
1766 1460 1902 1501 posse,

146 1520 192 1555 ut
221 1515 340 1567 signa
370 1514 675 1566 antiquissima,
707 1518 974 1552 monumenta
994 1513 1036 1552 P.
1058 1512 1253 1559 Africani,
1286 1525 1339 1551 ex
1369 1511 1520 1565 oppido
1543 1510 1900 1551 Thermitanorum
1915 1515 1952 1544 20

146 1575 344 1617 incolumi
375 1576 446 1615 illa
477 1576 640 1615 civitate
672 1575 932 1628 imperioque
963 1575 1108 1628 populi
1129 1574 1303 1614 Romani
1335 1574 1590 1613 tollerentur.
1629 1573 1802 1613 XXXV.
1834 1569 1902 1611 86.

146 1638 335 1685 Etenim,
372 1643 419 1677 ut
458 1637 580 1677 simul
609 1637 792 1676 Africani
835 1650 1004 1690 quoque
1042 1637 1342 1676 humanitatem
1381 1641 1421 1676 et
1457 1637 1709 1690 aequitatem
1751 1647 1903 1687 cogno-

149 1701 285 1748 scatis,
316 1699 512 1753 oppidum
534 1699 741 1738 Himeram
765 1699 1129 1751 Karthaginienses
1152 1699 1361 1752 quondam
1384 1704 1593 1753 ceperant,
1626 1697 1739 1752 quod
1769 1696 1904 1737 fuerat

149 1763 192 1802 in
222 1761 365 1815 primis
398 1761 562 1800 Siciliae
594 1761 749 1800 clarum
781 1767 820 1801 et
850 1766 1051 1801 ornatum.
1114 1761 1274 1814 Scipio,
1316 1762 1387 1815 qui
1425 1762 1504 1802 hoc
1543 1761 1713 1815 dignum
1749 1758 1902 1813 populo

149 1825 333 1863 Romano
374 1823 660 1869 arbitraretur,
701 1823 809 1862 bello
849 1823 1037 1863 confecto
1078 1824 1210 1863 socios
1250 1836 1325 1863 sua
1362 1837 1436 1877 per
1473 1830 1656 1863 nostram
1684 1822 1952 1863 victoriam25

150 1896 416 1937 recuperare,
449 1884 597 1924 Siculis
629 1885 821 1924 omnibus
851 1885 1104 1937 Karthagine
1136 1890 1272 1938 capta,
1313 1898 1419 1938 quae
1450 1886 1606 1939 potuit,
1647 1883 1904 1925 restituenda

153 1946 321 1985 curavit.
366 1946 531 1985 Himera
564 1946 697 1986 deleta
728 1960 830 2000 quos
862 1947 972 1986 cives
1001 1947 1100 1986 belli
1132 1947 1340 1986 calamitas
1362 1947 1543 2000 reliquos
1564 1948 1729 1994 fecerat,
1759 1947 1789 1985 ii
1811 1958 1901 1985 sese

152 2008 340 2048 Thermis
372 2008 621 2048 collocarant
662 2009 705 2048 in
745 2009 876 2048 isdem
915 2009 1001 2061 agri
1032 2009 1184 2048 finibus
1215 2022 1352 2062 neque
1382 2010 1505 2062 longe
1537 2011 1587 2049 ab
1617 2009 1767 2064 oppido
1798 2009 1902 2049 anti-

154 2082 250 2123 quo.
281 2070 333 2108 Ili
366 2083 408 2109 se
439 2075 598 2122 patrum
630 2070 834 2110 fortunam
866 2084 912 2110 ac
935 2071 1175 2124 dignitatem
1196 2084 1441 2124 recuperare
1463 2072 1776 2118 arbitrabantur,
1807 2084 1901 2110 cum

150 2132 221 2171 illa
251 2133 451 2171 maiorum
483 2138 723 2172 ornamenta
754 2133 796 2171 in
829 2146 967 2173 corum
1000 2134 1153 2186 oppido
1185 2134 1509 2174 collocabantur.
1551 2133 1617 2174 87.
1638 2135 1764 2174 Erant
1785 2135 1901 2187 signa
1914 2138 1950 2167 30

150 2207 202 2233 ex
231 2206 325 2233 aere
356 2194 577 2246 complura,
609 2195 651 2234 in
681 2194 746 2234 his
777 2195 930 2234 eximia
958 2195 1266 2248 pulchritudine
1299 2197 1387 2249 ipsa
1407 2196 1576 2237 Himera
1595 2198 1637 2236 in
1657 2197 1900 2237 muliebrem

232 2398 263 2428 2.
288 2406 353 2427 non
375 2397 478 2427 solum
498 2398 598 2437 Lagg.
619 2406 741 2429 omnes
767 2398 916 2438 (praeter
933 2398 985 2437 42,
1009 2400 1067 2439 qui
1089 2408 1153 2430 non
1174 2407 1207 2439 p.
1228 2408 1274 2430 m.
1294 2401 1394 2439 om.):
1420 2409 1483 2431 ηοη
1500 2402 1595 2432 modo
1610 2401 1713 2432 solum
1730 2403 1755 2433 Α
1769 2402 1811 2439 Β;
1836 2411 1902 2433 wion

146 2448 240 2478 modo
257 2447 293 2478 O.
315 2448 398 2485 (cum.
419 2446 521 2477 solum
539 2448 628 2486 apud
643 2456 713 2478 eum
732 2457 793 2478 non
812 2450 907 2479 morlo
924 2459 985 2479 non
1007 2450 1038 2479 T.
1055 2450 1114 2489 s.f.
1134 2451 1186 2489 N.)
1200 2466 1234 2471 —
1256 2450 1285 2481 3.
1305 2451 1415 2481 omnia
1432 2451 1526 2482 domo
1543 2452 1610 2482 eius
1626 2450 1715 2491 Lg'ssss
1732 2451 1843 2482 AB.—
1868 2452 1899 2483 ὅ.

145 2498 223 2528 haec
238 2500 453 2535 compararat
468 2497 568 2527 ARN:
595 2497 678 2527 ham·
702 2506 804 2536 comp.
827 2498 931 2536 14⁷2&
957 2499 1015 2529 hoc
1038 2503 1209 2538 comparat
1225 2499 1348 2541 pleriq.
1368 2500 1468 2532 codd.
1485 2519 1520 2523 ——
1547 2501 1576 2532 8.
1597 2504 1769 2540 comparat
1786 2501 1898 2540 Lg29;

146 2545 357 2585 comparabat
381 2546 399 2576 7
416 2547 495 2586 ng.
524 2546 584 2577 dtt.
606 2564 640 2568 —
662 2547 711 2577 40.
739 2548 921 2579 amicorum
944 2557 1078 2579 snorum
1102 2548 1170 2580 Pal.
1197 2558 1283 2588 sec,
1311 2559 1400 2591 quae
1428 2550 1606 2582 collocatio
1632 2549 1900 2582 commendatur

146 2594 245 2627 simili
263 2594 338 2627 loco
355 2594 385 2635 S.
407 2596 478 2627 407.
503 2594 579 2627 coll.
599 2596 629 2636 ἓ.
651 2597 708 2633 91;
734 2606 868 2628 snorum
885 2607 954 2629 om.
974 2598 1061 2638 Lg-ta
1085 2608 1119 2639 p.
1139 2608 1186 2631 m.
1204 2601 1289 2631 M-
1314 2602 1365 2632 42.
1392 2611 1468 2642 any.
1496 2602 1599 2632 animi
1615 2610 1683 2633 nec.
1703 2602 1734 2633 M
1748 2602 1793 2631 V:
1820 2610 1898 2641 any.

145 2646 232 2676 omtn'
254 2654 321 2676 nec.
341 2645 429 2685 lgm
447 2654 480 2686 p.
500 2654 560 2683 m.;
587 2646 771 2687 anqebatur
787 2651 895 2678 tamen
912 2648 1020 2679 dolore
1037 2657 1104 2679 nec.
1123 2650 1170 2687 N;
1197 2660 1274 2690 any.
1294 2654 1316 2681 t.
1335 2652 1438 2682 animi
1459 2651 1521 2682 dol.
1539 2660 1608 2682 nec.
1627 2650 1717 2691 Lgee
1734 2652 1761 2682 A
1778 2650 1800 2681 B
1819 2650 1898 2682 cod.

145 2694 224 2732 Lbi3
251 2696 446 2736 tanyebalur
462 2699 483 2726 l.
503 2705 534 2726 α.
555 2697 585 2727 d.
601 2706 634 2727 η.
655 2696 715 2728 dtt.
732 2698 769 2728 Ο.
797 2697 845 2729 Cf.
865 2699 1000 2738 Zumpt.
1018 2707 1052 2739 p.
1073 2698 1166 2730 4032.
1185 2698 1292 2731 Klotz.
1312 2699 1430 2741 Suppl.
1450 2701 1493 2731 ad
1506 2701 1608 2732 Tusc.
1627 2709 1660 2741 p.
1680 2700 1732 2732 47.
1751 2699 1898 2731 Ellendt.

144 2744 188 2775 ad
204 2745 297 2776 Brut.
316 2754 347 2786 p.
368 2744 484 2777 434.—
510 2749 538 2776 et
560 2746 653 2777 inser.
672 2746 760 2787 Lgl‘}
786 2755 818 2787 p.
840 2756 885 2778 m.
905 2748 947 2777 V:
980 2751 1078 2787 atque
1099 2749 1191 2780 ἐπείη
1212 2752 1270 2781 ctt.
1291 2750 1327 2781 Ο.
1350 2768 1385 2773 -
1412 2750 1463 2782 44.
1490 2750 1596 2791 tacite]
1619 2750 1716 2790 facile
1739 2750 1836 2780 tacite
1859 2749 1897 2780 V.

146 2812 180 2817 -
208 2794 258 2825 115.
285 2795 342 2825 isle
364 2803 437 2834 cup.
457 2793 545 2834 Lg-l?
569 2804 603 2836 p.
630 2805 676 2827 m.
703 2796 746 2826 V:
772 2805 846 2835 cup.
873 2797 930 2827 iste
954 2798 1011 2828 ctt.
1039 2798 1074 2829 O.
1105 2816 1139 2820 —
1166 2799 1217 2830 46.
1239 2803 1428 2840 per-vayala
1453 2800 1555 2831 codd.
1583 2799 1673 2831 noti:
1701 2798 1900 2839 pervulqata

142 2844 221 2876 Ern.
242 2852 283 2875 ex
300 2844 386 2876 Ven.
404 2862 438 2867 -
460 2845 510 2876 48.
529 2854 656 2884 seseque
672 2846 753 2877 V.—
774 2846 825 2876 119.
845 2855 909 2876 non
925 2846 1029 2878 solum
1049 2847 1138 2887 Lglss
1156 2849 1217 2886 eV,
1236 2848 1339 2889 vulgo
1356 2851 1436 2890 post
1451 2850 1564 2889 Naug:
1589 2858 1655 2879 non
1670 2848 1773 2879 solum
1789 2849 1822 2879 id
1838 2850 1897 2881 ctt.

146 2911 180 2916 —-
203 2894 277 2934 fieri
299 2894 332 2924 id
354 2894 443 2933 Lg'ss‘.)
467 2896 491 2925 A
513 2895 536 2926 Β
554 2895 597 2925 V:
628 2896 661 2926 id
681 2896 753 2936 fieri
778 2897 836 2926 ctt.
866 2896 901 2925 O.
932 2913 966 2917 ——
1000 2896 1053 2927 ⁶22.
1078 2897 1227 2936 Africani
1264 2898 1354 2938 Lgta
1378 2908 1412 2940 p.
1440 2908 1486 2931 m.
1514 2899 1579 2930 eV:
1612 2899 1645 2929 P.
1670 2899 1740 2938 Afr.
1774 2900 1832 2929 ctt.
1860 2899 1897 2930 Ο.

143 2942 185 2974 cf.
204 2942 233 2983 S.
253 2942 305 2974 ⁶29.
327 2961 361 2965 —
387 2947 416 2974 et
431 2945 628 2983 aequitatem
644 2944 732 2985 Lglrz
757 2946 802 2976 N:
829 2954 897 2976 om.
926 2946 984 2975 ott.
1011 2945 1227 2985 (humanitate
1251 2951 1280 2979 ec
1301 2949 1444 2988 equitate
1465 2949 1518 2987 V.)
1537 2967 1572 2971 —
1598 2949 1784 2989 aynoseatis
1806 2949 1895 2979 N.—

142 2992 194 3023 23.
219 2995 390 3031 coeperunt
414 2993 496 3024 V.-
522 2995 573 3025 ⁶25.
593 2993 821 3025 arbitrabatur
837 2994 936 3034 Lgffl.
952 3012 986 3016 —
1012 2995 1083 3036 sua]
1109 2999 1137 3026 et
1160 3005 1221 3027 sua
1243 3001 1354 3035 sponte
1369 2997 1452 3028 V.—
1479 2998 1530 3028 ⁶27.
1551 2998 1630 3028 civis
1645 2998 1684 3029 V.
1706 3016 1741 3020 —
1760 3007 1793 3029 se
1808 2997 1845 3029 V.
1860 3015 1895 3020 —

142 3040 195 3072 28.
220 3041 432 3073 conlocarant
457 3042 516 3082 (sic
533 3042 751 3085 plerumque)
769 3045 808 3075 V.
830 3063 865 3067 —
892 3044 991 3074 isdem
1015 3045 1053 3083 (s.
1080 3045 1207 3085 iisdem,
1237 3047 1375 3084 hisdem,
1400 3047 1530 3088 eisdem)
1554 3049 1634 3087 ng.
1655 3056 1778 3079 omnes
1794 3049 1818 3079 A
1837 3048 1896 3080 BC

142 3090 187 3120 V:
213 3091 353 3121 eiusdem
369 3091 429 3122 dtt.
449 3093 486 3122 O.
509 3110 543 3114 —
570 3101 626 3124 nec
642 3093 681 3124 V.
703 3111 738 3114 —-
765 3094 816 3124 29.
836 3094 858 3123 ii
875 3103 906 3124 se
925 3103 959 3132 p.
978 3093 1130 3132 fortunas
1153 3099 1181 3127 et
1198 3097 1312 3136 difflzit.
1332 3097 1372 3127 V.
1393 3096 1566 3138 [Optime]
1588 3116 1623 3120 —
1650 3097 1702 3129 30.
1722 3099 1755 3128 in
1770 3098 1825 3129 illo
1842 3107 1895 3138 op.

143 3138 204 3169 dtt.
226 3157 261 3161 —
287 3139 339 3170 31.
359 3141 482 3171 eximia
505 3140 536 3179 4,
555 3142 583 3172 V
597 3152 646 3181 cp:
672 3144 760 3174 mira
777 3143 838 3174 dtt.
859 3144 896 3174 O.
925 3143 1043 3175 «Extat
1065 3144 1152 3176 haec
1176 3145 1285 3186 figura
1309 3147 1341 3177 in
1360 3148 1512 3179 nummis
1530 3148 1788 3179 Himerensium
1805 3149 1899 3189 apud
1937 3182 1940 3185 ,

144 3187 341 3220 Castellium
365 3190 466 3222 Num.
493 3192 557 3222 Sic.
576 3201 610 3232 p.
630 3192 682 3230 33,
710 3202 815 3233 quem
840 3193 930 3227 vide.
957 3195 1061 3234 atque
1088 3195 1176 3226 adeo
1199 3196 1397 3235 Stesichori,
1425 3197 1535 3237 qualis
1559 3206 1578 3228 a
1595 3195 1700 3228 Tullio
1726 3196 1898 3229 describi—

144 3237 210 3266 tur.
254 3238 340 3269 Nam
371 3240 443 3280 typi
475 3241 725 3272 numismatum
756 3243 888 3274 statuas
918 3242 1157 3279 imitabantur,
1193 3245 1221 3276 si
1246 3254 1334 3285 quae
1367 3246 1399 3277 in
1432 3246 1579 3278 urbibus
1609 3247 1729 3277 essent
1751 3246 1896 3278 artificio

143 3289 371 3328 praestantes,
399 3292 471 3321 tum
496 3290 726 3329 conditorum,
753 3293 825 3323 tum
851 3292 976 3323 civium
1002 3291 1188 3331 clarorum,
1215 3296 1288 3326 tum
1312 3295 1460 3327 deorum
1478 3299 1511 3328 et
1527 3296 1718 3334 fluminum,
1745 3304 1895 3336 quorum

145 3336 298 3368 omnium
315 3338 445 3378 effigies
461 3338 623 3381 placebat
638 3339 846 3383 insculpere.
865 3341 949 3373 Vide
967 3344 1149 3383 praeterea
1163 3344 1353 3376 Burmann.
1368 3345 1402 3376 in
1419 3344 1538 3376 Siculis
1555 3354 1589 3387 p.
1601 3343 1697 3377 363.»
1723 3345 1836 3379 Garat.
1852 3346 1890 3379 ΙΙ.
