2127 3708
577 243 672 285 ομ».
702 242 1041 284 Χιῐν-Χιν.
1079 239 1441 295 §§.1126-431.
1824 244 1876 285 65

138 358 233 398 Sex.
263 357 401 397 Roscii
430 355 585 397 mederi
615 355 806 403 debeam,
836 354 1050 395 reduviam
1082 368 1234 395 curem.
1282 355 1373 394 Non
1405 354 1514 393 enim
1544 354 1703 395 laborat
1723 355 1773 396 de
1804 371 1877 410 pe-

139 420 283 467 cunia,
323 433 406 460 non
443 418 568 458 ullius
607 419 807 457 rationem
848 418 911 458 sui
942 417 1145 457 commodi
1177 417 1314 457 ducit:
1353 416 1476 456 facile
1507 423 1728 469 egestatem
1760 433 1874 459 suam

139 496 182 522 se
219 482 396 522 laturum
437 485 572 533 putat,
619 480 652 519 si
690 480 766 519 hac
806 479 976 532 indigna
1016 479 1253 532 suspicione
1285 484 1324 519 et
1355 476 1446 518 ficto
1479 478 1649 518 crimine
1681 479 1875 522 liberatus

139 545 202 584 sit.
262 542 353 583 429.
384 543 535 582 Verum
567 554 721 596 quaeso
753 555 777 581 a
807 542 940 588 vobis,
972 541 1150 588 iudices,
1181 547 1226 581 ut
1255 541 1357 581 haec
1387 553 1539 593 pauca,
1571 553 1677 593 quae
1708 548 1876 590 restant,

138 606 194 645 ita
224 605 420 651 audiatis,
450 610 495 644 ut
526 604 672 657 partim
703 617 768 643 me
800 604 934 644 dicere
966 617 1039 656 pro
1070 616 1134 642 me
1164 603 1254 655 ipso
1285 603 1459 656 putetis,
1496 604 1643 655 partim
1674 617 1748 656 pro
1781 605 1875 645 Sex.
1907 618 1925 646 5

137 669 297 708 Roscio.
358 667 473 715 Quae
505 667 615 706 enim
647 667 745 705 mihi
776 667 854 719 ipsi
886 666 1057 718 indigna
1088 671 1127 705 et
1156 665 1433 705 intolerabilia
1462 664 1654 704 videntur
1683 678 1876 719 quaeque

136 730 187 769 ad
219 743 380 776 omnes,
411 729 490 768 nisi
522 729 811 781 providemus,
842 728 1017 768 arbitror
1046 728 1276 780 pertinere,
1308 740 1356 767 ea
1384 740 1458 780 pro
1480 739 1544 766 me
1566 727 1658 779 ipso
1681 740 1731 766 ex
1752 728 1877 767 animi

136 791 216 830 mei
247 804 370 831 sensu
401 804 448 831 ac
479 791 621 830 dolore
653 791 904 843 pronuntio:
948 803 1054 844 quae
1085 790 1136 829 ad
1167 789 1289 829 huius
1319 790 1427 829 vitae
1457 802 1597 829 casum
1629 802 1877 842 causamque

134 854 388 906 pertineant,
431 858 471 893 et
511 852 611 907 quid
649 853 716 892 hic
754 866 828 905 pro
869 866 912 892 se
956 852 1037 892 dici
1070 852 1169 891 velit
1199 857 1238 891 et
1269 865 1350 905 qua
1381 850 1626 891 condicione
1659 857 1876 891 contentus

135 915 209 962 sit,
240 915 321 955 iam
352 916 394 954 in
425 921 609 955 extrema
639 915 823 954 oratione
854 920 1015 962 nostra,
1046 913 1229 961 iudices,
1262 914 1450 954 audietis.
1509 913 1633 953 XLV.
1667 910 1758 953 sl30.
1790 914 1876 966 Ego
1891 928 1926 956 ⁴0

132 974 234 1016 haec
272 991 296 1018 a
336 977 603 1031 Chrysogono
644 990 736 1017 mea
775 982 920 1030 sponte
963 981 1120 1016 remoto
1153 976 1247 1015 Sex.
1280 976 1428 1016 Roscio
1460 988 1642 1029 quaero:
1684 977 1876 1029 primum,

135 1052 262 1092 quare
293 1040 393 1080 civis
425 1040 569 1094 optimi
599 1040 709 1079 bona
740 1040 964 1087 venierint3
997 1038 1168 1086 deinde,
1202 1051 1330 1092 quare
1361 1037 1540 1078 hominis
1573 1038 1684 1086 eius,
1717 1038 1787 1091 qui
1813 1050 1878 1077 ne-

133 1114 205 1154 que
227 1104 476 1155 proscriptus
504 1115 642 1155 neque
672 1101 782 1154 apud
815 1101 1072 1142 adversarios
1101 1102 1262 1142 occisus
1285 1108 1366 1150 est,
1396 1102 1508 1141 bona
1527 1102 1752 1149 venierint,
1784 1116 1876 1142 cum

133 1163 176 1203 in
208 1177 280 1204 eos
310 1165 420 1205 solos
451 1165 520 1205 lex
550 1164 703 1217 scripta
733 1164 806 1211 sit;
837 1163 1007 1212 deinde,
1041 1177 1168 1218 quare
1199 1165 1413 1219 aliquanto
1443 1168 1539 1217 post
1566 1176 1656 1203 eam
1678 1163 1787 1204 diem
1808 1177 1878 1204 ve-

134 1226 309 1274 nierint,
341 1240 446 1282 quae
478 1227 566 1267 dies
597 1228 639 1267 in
670 1226 761 1279 lege
791 1224 1007 1279 praefinita
1037 1233 1120 1275 est;
1161 1227 1335 1275 deinde,
1367 1240 1440 1266 cur
1469 1226 1628 1266 tantulo
1658 1226 1926 1268 venierint.⁴5

136 1288 252 1337 Quae
284 1290 422 1329 omnia
452 1290 509 1338 si,
542 1288 894 1344 quemadmodum
926 1289 1060 1329 solent
1089 1289 1226 1329 liberti
1256 1301 1437 1343 nequam
1469 1293 1509 1328 et
1529 1287 1707 1341 improbi
1728 1287 1877 1336 facere,

134 1351 178 1391 in
209 1357 427 1404 patronum
458 1366 578 1392 suum
608 1351 786 1391 voluerit
818 1351 1026 1399 conferre,
1067 1351 1171 1392 nihil
1212 1353 1352 1406 egerit.
1411 1353 1542 1392 Nemo
1574 1356 1636 1390 est
1665 1352 1774 1391 enim
1806 1352 1878 1405 qui

133 1413 308 1461 nesciat,
340 1420 508 1468 propter
537 1413 864 1467 magnitudinem
894 1427 1031 1453 rerum
1062 1414 1191 1454 multa
1220 1415 1393 1463 multos,
1433 1413 1584 1467 partim
1615 1413 1878 1467 imprudente

132 1475 178 1515 L.
210 1476 342 1524 Sulla,
374 1477 642 1517 commisisse.
693 1472 785 1515 431.
816 1476 955 1515 Placet
984 1476 1107 1529 igitur
1128 1477 1168 1516 in
1189 1476 1255 1516 his
1277 1477 1398 1517 rebus
1419 1475 1579 1529 aliquid
1601 1476 1880 1529 imprudentia

133 1540 373 1593 praeteriri?
403 1541 495 1580 Non
517 1540 663 1593 placet,
676 1538 849 1586 iudices,
871 1538 942 1578 sed
963 1552 1134 1579 necesse
1153 1544 1226 1579 est.
1256 1539 1418 1579 Etenim
1443 1539 1476 1578 si
1492 1538 1681 1592 Iuppiter
1697 1538 1928 1592 optimusw

133 1602 359 1650 maximus,
390 1602 505 1641 cuius
537 1607 639 1641 nutu
669 1606 709 1641 et
735 1600 903 1641 arbitrio
926 1601 1099 1649 caelum,
1130 1607 1239 1641 terra
1268 1602 1481 1655 mariaque
1510 1606 1723 1654 reguntur,
1754 1614 1878 1654 saepe

132 1665 265 1705 ventis
303 1663 679 1705 vehementioribus
717 1668 787 1703 aut
816 1663 1096 1704 immoderatis
1126 1664 1439 1717 tempestatibus
1470 1669 1541 1703 aut
1578 1663 1707 1703 nimio
1741 1664 1878 1704 calore

134 1732 206 1767 aut
234 1726 483 1767 intolerabili
513 1725 665 1779 frigore
694 1725 931 1765 hominibus
962 1725 1126 1774 nocuit,
1156 1727 1278 1767 urbes
1311 1726 1486 1774 delevit,
1516 1725 1656 1780 fruges
1685 1726 1880 1780 perdidit,

137 1802 312 1842 quorum
342 1788 445 1828 nihil
475 1788 650 1840 pernicii
682 1800 806 1827 causa
837 1787 978 1827 divino
1009 1789 1206 1837 consilio,
1238 1789 1311 1829 sed
1341 1789 1381 1829 vi
1412 1790 1505 1842 ipsa
1535 1794 1575 1829 et
1595 1789 1879 1842 magnitudine

135 1862 272 1889 rerum
301 1850 454 1890 factum
484 1855 699 1902 putamus,
739 1855 780 1889 at
810 1855 951 1889 contra
983 1851 1218 1899 commoda,
1255 1851 1406 1905 quibus
1436 1851 1613 1898 utimur,
1645 1851 1879 1904 lucemque,
1893 1863 1930 1893 25

139 1924 220 1964 qua
249 1911 444 1959 fruimur,
475 1912 772 1965 spiritumque,
805 1924 928 1965 quem
960 1911 1171 1961 ducimus,
1214 1913 1264 1953 ab
1297 1926 1345 1953 eo
1376 1913 1496 1953 nobis
1529 1912 1617 1952 dari
1648 1918 1773 1966 atque
1804 1913 1881 1952 im-

136 1974 278 2026 pertiri
308 1974 523 2014 videmus:
555 1974 655 2027 quid
686 1974 883 2013 miramur
911 1975 955 2013 L.
983 1975 1161 2023 Sullam,
1193 1988 1286 2015 cum
1318 1975 1431 2015 solus
1461 1988 1547 2014 rem
1577 1974 1786 2028 publicam
1818 1987 1882 2014 re-

136 2040 250 2088 geret
280 2036 504 2090 orbemque
535 2042 734 2077 terrarum
757 2036 1004 2089 gubernaret
1024 2037 1274 2091 imperiique
1295 2037 1577 2084 maiestatem,
1610 2049 1734 2090 quam
1756 2037 1880 2076 armis

134 2104 365 2152 receperat,
397 2098 557 2152 legibus
589 2097 871 2147 confirmaret,
902 2098 1042 2153 aliqua
1073 2098 1400 2140 animadvertere
1433 2112 1518 2139 non
1546 2098 1769 2152 potuisse?
1800 2098 1881 2138 nisi

216 2270 248 2301 4.
271 2269 444 2302 reduviam
468 2270 538 2308 Mi,
570 2269 663 2307 Scir,
689 2271 767 2302 Par.
792 2269 839 2309 4.,
865 2278 907 2302 c:
945 2269 1028 2302 redii
1051 2270 1141 2301 viam
1163 2269 1278 2306 GM‘23
1315 2269 1477 2301 rediviam
1499 2270 1576 2310 La,
1613 2271 1716 2304 codd.
1742 2273 1879 2306 Hotom.

132 2318 180 2359 (ut
202 2318 294 2361 apud
311 2320 451 2352 Festum
474 2327 508 2360 p.
527 2319 600 2352 207.
627 2318 740 2352 Muell.
765 2328 833 2351 vox
856 2319 1049 2360 scribitur);
1074 2329 1144 2352 rem
1167 2320 1315 2351 divinam
1338 2320 1408 2352 Tv.
1431 2337 1467 2342 —-
1493 2329 1603 2353 curem
1627 2323 1658 2354 M
1673 2331 1723 2354 va
1739 2331 1780 2355 c:
1806 2332 1883 2355 cure

130 2368 175 2407 G,
204 2368 224 2400 2
248 2370 362 2407 Parr.;
397 2377 498 2401 curae
527 2369 597 2407 εχ.
626 2385 661 2392 -
688 2369 718 2400 6.
742 2369 806 2409 ipsi
835 2378 904 2402 om.
932 2371 1002 2401 Gv.
1030 2387 1067 2392 —
1094 2370 1125 2402 7.
1158 2370 1263 2401 omnis
1297 2370 1444 2417 GM.ac.
1472 2387 1507 2392 —-
1528 2371 1762 2411 provideamus
1783 2382 1816 2405 V.
1845 2391 1880 2396 —

129 2417 160 2449 7.
184 2425 228 2449 ex
249 2419 353 2450 animi
376 2417 431 2450 ed.
457 2419 585 2451 Manut.
604 2417 716 2450 ⁴540:
743 2421 772 2450 et
795 2419 898 2450 animi
923 2420 1144 2460 Ghwava
1160 2428 1196 2457 c,
1222 2420 1331 2458 Parr„
1362 2419 1484 2452 Franc.
1513 2438 1548 2442 —
1580 2421 1611 2453 8.
1639 2422 1690 2464 ac]
1726 2426 1755 2455 et
1778 2425 1817 2457 G.
1845 2442 1879 2447 —-

128 2475 244 2500 casum
265 2468 474 2510 causamque]
501 2469 673 2501 discrimen
703 2477 879 2509 casumque
903 2469 929 2500 G
958 2468 1012 2509 (ct.
1037 2477 1110 2501 var.
1139 2468 1217 2501 lect.
1244 2468 1289 2501 ad
1313 2477 1364 2501 or.
1391 2478 1424 2511 p.
1451 2469 1539 2502 sest.
1566 2470 1597 2511 ἓ.
1624 2471 1709 2512 54.);
1747 2482 1884 2504 causam

130 2518 220 2550 coni.
246 2518 379 2550 Ruhnk.
406 2518 451 2550 ad
473 2518 574 2552 Rutil.
600 2520 736 2561 Lupum
760 2520 784 2551 1.
812 2520 878 2558 40„
911 2519 966 2550 cui
989 2527 1101 2551 casum
1124 2528 1166 2551 ex
1190 2528 1262 2551 var.
1288 2518 1368 2552 lect.
1395 2519 1579 2561 irrepsisse
1603 2522 1759 2563 videtur,
1789 2523 1884 2565 quod

128 2566 229 2600 valde
264 2567 445 2610 probabile
478 2570 542 2601 est.
571 2586 604 2593 -
643 2570 695 2601 ⁴0.
722 2569 801 2611 iam]
826 2578 866 2601 ea
888 2569 924 2601 L.
953 2586 988 2591 —
1024 2573 1141 2602 nostra
1170 2571 1318 2602 oratione
1341 2571 1379 2602 G.
1408 2588 1444 2593 —
1481 2572 1532 2603 li.
1558 2571 1647 2614 haec]
1673 2573 1758 2604 enim
1779 2581 1816 2611 χ.
1845 2590 1881 2595 -

126 2617 235 2658 primo
257 2619 295 2650 G.
324 2635 360 2640 —
391 2619 444 2651 42.
477 2618 562 2651 bona
585 2627 654 2651 om.
682 2620 719 2651 G.
748 2635 783 2642 -
821 2619 934 2651 deinde
961 2628 1066 2658 quare
1088 2629 1158 2652 om.
1185 2621 1230 2659 G;
1263 2620 1377 2652 deinde
1400 2628 1470 2652 om.
1499 2621 1583 2659 CT;
1618 2621 1731 2653 deinde
1752 2639 1805 2644 --
1826 2630 1884 2652 ve·-

129 2667 250 2699 nierint
272 2675 341 2700 om.
368 2667 470 2707 Gud.,
495 2678 530 2708 χ.
559 2686 594 2691 —-
619 2677 722 2709 neque
740 2670 946 2709 proscriptus
968 2669 1205 2702 Hotomanus:
1237 2679 1306 2702 om.
1339 2669 1442 2702 codd.
1470 2679 1605 2703 omnes.
1635 2686 1669 2693 —
1697 2670 1748 2703 ⁴3.
1773 2671 1884 2702 venie-

129 2720 209 2749 runt
230 2717 312 2756 Ma;
338 2725 408 2750 om.
434 2719 471 2750 G.
501 2736 535 2741 -
561 2727 637 2750 cum
661 2720 776 2750 Gva:
811 2720 889 2758 quin
912 2719 1029 2752 HSM.
1064 2720 1138 2761 (sed
1161 2721 1196 2752 in
1219 2721 1272 2752 ΜΞ
1297 2721 1455 2760 quoniam
1478 2728 1554 2762 sup.
1580 2719 1652 2761 lin.)
1679 2738 1714 2743 —
1740 2721 1792 2752 45.
1818 2720 1884 2751 dies

129 2765 196 2808 leye
219 2775 281 2800 ac.
310 2785 345 2791 —
371 2768 483 2800 deinde
505 2767 576 2810 cur]
602 2768 678 2800 i'ort.
704 2768 840 2808 denique
863 2777 934 2800 cur.
961 2786 997 2791 —-
1031 2770 1082 2802 ⁴7.
1108 2770 1194 2802 enim
1217 2778 1288 2802 om.
1315 2771 1438 2803 Franc.
1467 2788 1503 2793 -—-
1529 2771 1582 2803 48.
1606 2771 1732 2811 partim
1754 2771 1883 2810 impru-

128 2817 221 2849 dente
243 2816 408 2850 codices:
430 2818 558 2858 partim
580 2818 768 2850 connivente
786 2818 914 2858 partim
936 2818 1138 2858 imprudente
1161 2828 1179 2850 a
1194 2828 1212 2852 c
1237 2821 1316 2859 (non
1340 2820 1424 2852 item
1446 2819 1497 2861 v),
1530 2821 1624 2861 quod
1655 2819 1884 2862 supplemen-

128 2866 204 2898 tum
227 2867 346 2900 nescio
370 2867 468 2900 cuius
491 2867 642 2900 editores
658 2876 751 2900 rece.
770 2867 995 2909 expulerunt;
1021 2869 1236 2910 probabilius
1255 2871 1308 2902 est
1327 2870 1605 2911 Madvigianum:
1626 2870 1755 2911 partim
1768 2869 1882 2908 invito,

125 2916 251 2956 partim
273 2917 391 2957 impr.;
418 2919 538 2950 contra
562 2918 639 2950 Gar.
666 2918 755 2950 coni.
777 2918 938 2958 privatim
954 2918 987 2958 (i.
1007 2927 1038 2950 e.
1057 2928 1119 2952 sua
1136 2921 1271 2961 sponte)
1288 2920 1508 2960 imprudente;
1535 2920 1660 2953 Ravius
1678 2920 1727 2959 (ΙΙ.
1745 2928 1779 2960 p.
1796 2919 1882 2958 ⁴5.):

124 2974 186 3006 per
207 2974 241 2999 se
261 2966 360 3007 impr.
395 2967 459 2999 Vix
492 2966 620 3000 sufficit
655 2967 924 3009 Freudenbergii
959 2977 994 3009 p.
1020 2969 1060 3000 45
1084 2978 1136 3010 sq.
1163 2970 1401 3010 interpretatio
1424 2968 1606 3010 vulgatae:
1641 2969 1747 3001 multa
1767 2968 1886 2999 multos

128 3015 339 3056 commisisse,
359 3019 492 3057 partem
514 3025 626 3048 eorum
648 3017 850 3057 imprudente
872 3018 908 3049 L.
934 3018 1045 3057 Sulla,
1072 3019 1165 3060 quod
1190 3020 1219 3051 si
1242 3019 1313 3051 Cic.
1341 3019 1500 3059 dixisset,
1527 3019 1704 3051 dictatoris
1728 3018 1884 3049 animum

128 3064 360 3098 vehementer
381 3065 556 3099 violasset.
583 3083 621 3090 —
647 3067 700 3098 49.
727 3067 841 3107 aliqua
863 3068 928 3099 Mi.
961 3085 996 3090 —
1020 3068 1073 3100 20.
1096 3069 1274 3109 praeteriri
1295 3077 1361 3100 non
1379 3069 1489 3109 placet
1511 3077 1582 3101 om.
1607 3077 1640 3100 v.
1669 3085 1704 3090 —
1729 3066 1782 3100 24.
1804 3075 1886 3107 per-

128 3114 208 3146 nicii
229 3124 249 3148 c
272 3124 354 3148 cum
379 3115 483 3148 Gellio
509 3117 558 3157 (N.
583 3118 623 3148 Α.
641 3117 696 3148 ΙΧ.
723 3115 789 3157 44.)
815 3119 849 3149 et
872 3116 980 3148 Nonio
999 3117 1043 3159 (p.
1061 3116 1124 3155 486
1141 3120 1260 3159 Merc.)
1281 3128 1288 3151 :
1307 3120 1452 3160 pernicie
1475 3121 1587 3159 Gva‚
1612 3120 1724 3158 Parr.,
1748 3118 1768 3149 6
1784 3118 1881 3157 Oxx.;

127 3165 266 3204 pernitie
289 3166 343 3205 M;
365 3165 533 3207 perniciae
555 3164 659 3205 Pall.;
679 3166 839 3206 perniciei
861 3166 1002 3204 Frane.;
1023 3169 1185 3207 pernicies
1208 3169 1384 3202 Charisius
1401 3178 1435 3211 p.
1455 3169 1496 3202 38
1515 3169 1612 3202 Lind.
1635 3186 1671 3192 —
1689 3168 1882 3209 aemaynit.

132 3213 263 3247 Nonius
284 3214 306 3247 l.
333 3223 363 3249 c.
391 3232 427 3238 —-
451 3215 505 3247 25.
529 3215 655 3256 factum
677 3224 747 3248 om.
774 3217 812 3248 G.
841 3233 876 3238 -
901 3217 1071 3248 commoda
1092 3219 1213 3251 Mac:
1237 3220 1414 3252 commodis
1436 3221 1516 3260 Gv‚
1541 3221 1561 3252 5
1578 3219 1661 3251 Oxx.
1689 3235 1725 3240 —
1749 3218 1803 3250 26.
1820 3218 1885 3258 spi-

132 3262 234 3295 ritum
256 3272 351 3304 quem
373 3273 415 3304 c;
440 3265 593 3306 spiritum
615 3273 772 3306 quemque
796 3267 840 3304 G3
866 3265 1080 3306 spiritumque
1102 3267 1168 3300 Tv.
1197 3286 1233 3291 —
1257 3269 1426 3309 impartiri
1447 3278 1514 3302 vc.
1543 3286 1578 3292 —
1603 3268 1657 3300 27.
1683 3267 1762 3308 quid
1781 3268 1885 3299 mirae

133 3311 219 3354 mur]
242 3312 340 3346 addit
360 3314 440 3347 Sch.
464 3315 596 3348 iudices.
624 3333 660 3338 -
685 3315 738 3348 29.
762 3315 941 3356 receperat]
964 3316 1171 3356 reciperarat
1193 3318 1453 3351 commendant
1475 3317 1595 3350 Lamb.
1615 3325 1658 3350 ex
1673 3316 1717 3349 al.
1737 3316 1883 3359 (coddfi)

135 3360 171 3394 in
193 3361 427 3398 adnotatione.
454 3382 490 3390 —-
515 3365 637 3409 leqibus
657 3366 745 3400 Mc:
769 3375 846 3399 cum
866 3364 988 3408 leqibus
1011 3366 1176 3410 GCSsp,
1202 3368 1344 3409 Franc.;
1368 3372 1406 3402 ut
1426 3368 1550 3411 legibus
1571 3368 1715 3407 Txva.

190 3422 301 3456 Cicero
323 3423 358 3458 T.
376 3425 414 3461 11.
1581 3429 1607 3471 5
