2127 3708
184 232 238 274 56
569 227 768 269 ORATIO
799 227 901 269 PRO
934 227 1052 268 SEX.
1081 226 1276 267 ROSCIO
1307 226 1548 279 AMERINO

185 346 295 385 enim
325 342 427 383 mihi
456 342 500 382 in
529 346 710 381 mentem
740 340 822 380 oris
853 340 927 380 tui.
986 341 1120 387 Tene,
1151 353 1245 379 cum
1275 339 1401 379 ceteri
1432 339 1535 379 socii
1567 337 1627 378 tui
1656 337 1849 391 fugerent
1877 353 1924 380 ac

185 421 229 447 se
260 405 540 452 occultarent,
585 409 631 443 ut
658 404 738 443 hoc
769 402 971 442 iudicium
1002 413 1087 440 non
1119 401 1168 440 de
1200 401 1366 441 illorum
1395 401 1572 454 praeda,
1618 400 1692 441 sed
1723 401 1774 441 de
1803 402 1927 443 huius

185 465 388 508 maleficio
429 464 515 506 fieri
546 466 777 512 videretur,
815 463 1078 516 potissimum
1122 463 1195 502 tibi
1227 469 1363 515 partes
1394 464 1493 503 istas
1525 464 1840 516 depoposcisse,
1884 472 1931 505 ut

185 531 229 569 in
264 529 420 569 iudicio
456 541 668 568 versarere
707 532 747 566 et
786 525 952 566 sederes
984 539 1076 564 cum
1109 528 1381 565 accusatore?
1424 539 1506 579 qua
1536 526 1577 565 in
1607 539 1650 565 re
1680 526 1784 565 nihil
1815 526 1931 567 aliud

154 590 447 644 5assequeris,
488 591 569 630 nisi
608 594 653 629 ut
691 589 741 628 ab
784 587 975 627 omnibus
1006 587 1251 627 mortalibus
1282 587 1456 627 audacia
1485 594 1556 628 tua
1587 594 1863 640 cognoscatur
1893 593 1934 628 et

186 653 458 707 impudentia.
517 650 583 691 96.
630 651 778 691 Occiso
823 650 917 687 Sex.
956 649 1129 696 Roscio,
1175 649 1269 702 quis
1310 649 1466 702 primus
1497 651 1705 690 Ameriam
1735 651 1932 691 nuntiat?

187 716 352 758 Mallius
394 714 583 761 Glaucia,
629 726 753 766 quem
793 712 875 750 iam
915 715 1035 750 antea
1075 710 1308 757 nominavi,
1352 716 1445 750 tuus
1477 711 1606 752 cliens
1637 718 1677 752 et
1705 713 1934 754 familiaris.

189 779 302 828 Quid
332 778 498 818 attinuit
528 789 622 815 eum
653 774 917 828 potissimum
946 773 1157 819 nuntiare,
1191 772 1327 826 quod,
1358 773 1392 812 si
1421 773 1581 813 nullum
1613 775 1693 814 iam
1723 781 1816 814 ante
1839 788 1936 814 con-

189 843 329 882 silium
360 840 410 881 de
442 844 572 878 morte
603 851 649 878 ac
682 837 732 876 de
761 836 883 875 bonis
925 836 1014 875 eius
1052 836 1204 875 inieras
1244 834 1484 888 nullamque
1527 836 1767 877 societatem
1799 850 1936 890 neque

140 917 175 946 ⁴0
190 904 357 944 sceleris
387 914 524 954 neque
555 900 729 953 praemii
759 912 853 937 cum
882 897 1050 937 homine
1083 898 1168 936 ullo
1201 897 1384 944 coieraS,
1415 897 1467 936 ad
1498 903 1536 937 te
1558 899 1726 938 minime
1750 900 1935 939 omnium

189 966 450 1020 pertinebat?
498 963 581 1002 Sua
611 967 760 1015 sponte
790 960 956 999 Mallius
987 961 1163 1000 nuntiat.
1215 958 1348 1007 Quid,
1381 973 1557 1013 quaeso,
1590 961 1679 1000 eius
1711 962 1934 1001 intererat?

189 1031 274 1076 An,
306 1041 399 1068 cum
428 1025 637 1065 Ameriam
668 1036 753 1062 non
783 1022 956 1062 huiusce
988 1023 1046 1061 rei
1079 1036 1202 1061 causa
1233 1022 1434 1069 venisset,
1476 1036 1573 1062 casu
1606 1024 1776 1071 accidit,
1806 1029 1851 1063 ut
1881 1024 1936 1071 id,

192 1090 305 1144 quod
336 1090 490 1128 Romae
522 1086 731 1133 audierat,
763 1086 921 1138 primus
953 1085 1195 1124 nuntiaret?
1247 1084 1374 1123 Cuius
1395 1086 1452 1124 rei
1481 1098 1605 1125 causa
1625 1091 1796 1126 venerat
1815 1088 1937 1126 Ame-

191 1153 322 1192 riam?
382 1152 473 1190 Non
501 1162 696 1203 possum,
737 1148 893 1201 inquit,
926 1148 1125 1187 divinare.
1185 1148 1245 1186 Eo
1276 1160 1363 1186 rem
1394 1146 1475 1186 iam
1506 1147 1730 1195 adducam,
1761 1155 1807 1187 ut
1834 1147 1938 1187 nihil

143 1213 447 1257 45divinatione
492 1225 596 1265 opus
639 1211 703 1250 sit.
763 1210 865 1258 Qua
893 1210 1054 1249 ratione
1090 1210 1237 1249 Roscio
1272 1209 1464 1261 Capitoni
1494 1210 1674 1262 primum
1704 1210 1938 1250 nuntiavit?

193 1277 295 1316 Cum
325 1275 515 1315 Ameriae
549 1275 643 1313 Sex.
673 1273 813 1312 Roscii
844 1272 1013 1319 domus,
1054 1285 1160 1311 uxor
1190 1271 1392 1324 liberique
1425 1277 1585 1319 essent,
1629 1285 1723 1310 cum
1753 1277 1815 1311 tot
1844 1284 1940 1324 pro-

192 1338 341 1393 pinqui
370 1337 621 1390 cognatique
653 1336 809 1388 optime
841 1335 1158 1381 convenientes,
1190 1347 1273 1387 qua
1302 1334 1462 1373 ratione
1494 1334 1646 1378 sactum
1677 1339 1761 1381 est,
1794 1339 1840 1374 ut
1864 1335 1941 1374 iste

193 1407 288 1442 tuus
321 1401 471 1447 cliens,
503 1399 670 1439 sceleris
703 1398 762 1437 tui
792 1398 983 1444 nuntius,
1016 1398 1060 1435 T.
1086 1397 1235 1436 Roscio
1262 1398 1451 1451 Capitoni
1482 1398 1746 1451 potissimum
1776 1399 1941 1438 nuntia-

192 1465 285 1504 ret?
344 1461 410 1501 97.
443 1462 614 1501 Occisus
658 1465 721 1500 est
759 1473 782 1499 a
823 1473 926 1499 cena
955 1459 1143 1498 rediens:
1182 1459 1367 1499 nondum
1399 1460 1586 1507 lucebat,
1628 1474 1720 1500 cum
1750 1462 1941 1501 Ameriae

143 1526 343 1568 20seitum
375 1529 448 1564 est.
497 1523 607 1571 Quid
636 1522 704 1562 hic
734 1521 990 1562 incredibilis
1022 1535 1185 1567 cursus,
1219 1522 1319 1574 quid
1350 1522 1450 1561 haec
1484 1528 1593 1561 tanta
1615 1524 1804 1564 celeritas
1826 1524 1942 1564 sesti-

194 1588 393 1640 natioque
425 1583 660 1638 significat?
718 1586 811 1624 Non
843 1597 1022 1637 quaere,
1053 1584 1145 1636 quis
1176 1585 1440 1636 percusserit.
1500 1584 1610 1623 Nihil
1643 1592 1724 1632 est,
1757 1587 1940 1635 Glaucia,

197 1650 310 1703 quod
341 1654 523 1688 metuas:
556 1660 641 1686 non
673 1647 840 1686 excutio
873 1652 933 1693 te,
965 1646 996 1685 si
1031 1645 1130 1699 quid
1162 1646 1266 1685 sorte
1298 1647 1393 1685 ferri
1416 1647 1619 1691 habuisti,
1652 1662 1733 1687 non
1758 1655 1940 1697 scrutor3

194 1712 300 1752 nihil
330 1711 382 1751 ad
414 1724 478 1750 mc
510 1710 686 1749 arbitror
715 1710 943 1762 pertinere:
975 1709 1196 1761 quoniam,
1229 1709 1346 1748 cuius
1379 1709 1554 1747 consilio
1578 1711 1740 1750 occisus
1772 1711 1846 1758 sit,
1878 1712 1941 1750 in-

194 1775 338 1821 venio,
371 1773 489 1813 cuius
521 1786 644 1812 manu
677 1772 729 1811 sit
760 1785 1003 1824 percussus,
1042 1784 1126 1809 non
1158 1771 1316 1810 laboro.
1376 1771 1507 1810 L'num
1540 1771 1619 1809 hoc
1650 1785 1791 1820 sumo,
1828 1772 1939 1825 quod

145 1850 182 1879 25
195 1836 296 1878 mihi
327 1840 517 1888 apertum
549 1839 666 1874 tuum
698 1835 833 1874 scelus
864 1848 1015 1886 resque
1046 1833 1265 1872 manifesta
1296 1832 1377 1871 dat.
1436 1833 1512 1871 Ubi
1544 1839 1613 1872 aut
1643 1834 1754 1874 uude
1784 1835 1943 1874 audivit

195 1899 397 1939 Glaucia?
431 1898 502 1950 qui
533 1902 616 1937 tam
647 1897 728 1936 cito
759 1896 909 1936 scivit?
960 1897 1039 1935 Fac
1072 1896 1238 1934 audisse
1270 1894 1429 1934 statim:
1463 1908 1569 1948 quae
1599 1909 1663 1934 res
1695 1908 1789 1934 cum
1820 1902 1941 1935 nocte

193 1975 277 2002 una
306 1967 466 2000 tantum
496 1960 655 1999 itineris
687 1959 939 1998 contendere
971 1958 1138 2007 eor-git?
1186 1971 1292 2010 quae
1324 1958 1550 1997 necessitas
1581 1971 1675 1997 eum
1707 1963 1820 1999 tanta
1849 1973 1943 2012 pre-

194 2024 354 2071 mebat,
386 2027 447 2069 ut,
480 2022 513 2061 si
547 2034 623 2061 sua
653 2027 801 2074 sponte
834 2021 911 2059 iter
940 2020 1147 2058 Ameriam
1177 2019 1353 2066 saccret,
1386 2020 1427 2058 id
1458 2020 1656 2072 temporis
1684 2021 1813 2059 Roma
1843 2033 1939 2073 pro-

195 2085 469 2132 ficisceretur,
499 2085 656 2124 nullam
687 2088 846 2136 partem
868 2082 1002 2122 noctis
1024 2082 1333 2134 requiesceret?
1383 2082 1554 2120 XXXV.
1584 2082 1774 2123 Etiamne
1797 2084 1839 2123 in
1861 2090 1942 2123 tam

146 2161 182 2190 3ο
196 2149 430 2203 perspicuis
469 2148 592 2186 rebus
629 2146 933 2197 argumentatio
973 2145 1212 2197 quaerenda
1243 2149 1314 2182 aut
1344 2144 1583 2182 coniectura
1614 2145 1816 2197 capienda
1847 2152 1905 2185 est
1924 2148 1941 2184 ?

196 2210 263 2249 98.
297 2212 441 2249 Nonne
471 2209 589 2249 vobis
619 2208 743 2255 haec,
778 2221 885 2260 quae
916 2206 1112 2252 audistis,
1141 2219 1307 2245 cernere
1340 2206 1471 2244 oculis
1502 2206 1720 2252 videmini,
1752 2207 1941 2247 iudices?

196 2287 282 2313 non
312 2273 429 2312 illum
461 2272 675 2317 miserum,
706 2271 895 2322 ignarum
927 2282 1046 2307 casus
1078 2268 1161 2315 sui,
1192 2267 1435 2306 redeuutem
1465 2280 1488 2305 a
1515 2281 1616 2306 cena
1639 2268 1824 2307 xidetis?
1857 2284 1942 2309 non

197 2337 353 2390 positas
391 2334 583 2380 insidias,
624 2346 707 2371 non
748 2332 947 2384 impetum
986 2330 1278 2383 repentinum?
1320 2343 1403 2368 nou
1440 2334 1628 2368 versatur
1670 2336 1763 2369 ante
1796 2332 1941 2371 oculos

197 2399 316 2439 vobis
347 2399 388 2438 in
420 2397 544 2436 caede
577 2395 776 2434 Glaucia?
818 2407 901 2433 non
941 2394 1058 2432 adest
1089 2393 1165 2431 istc
1198 2393 1241 2429 T.
1274 2391 1477 2429 Roscius?
1518 2404 1601 2430 non
1632 2392 1719 2431 suis
1751 2393 1942 2432 manibus

148 2462 240 2501 35in
273 2474 393 2500 curru
425 2459 602 2498 collocat
630 2457 979 2496 Automedontem
1011 2455 1148 2501 iilum,
1182 2454 1244 2493 sui
1272 2454 1440 2492 sceleris
1462 2454 1718 2493 acerbissimi
1740 2455 1943 2495 nefariae-

199 2537 281 2577 que
311 2521 510 2563 victoriae
541 2519 766 2559 nuntium?
809 2531 892 2557 non
920 2523 1028 2561 orat,
1062 2523 1105 2556 ut
1127 2530 1215 2555 eam
1239 2522 1398 2555 noctem
1422 2516 1670 2568 pervigilet?
1702 2521 1747 2555 ut
1767 2517 1940 2556 honoris

199 2586 263 2625 sui
295 2597 419 2624 causa
448 2583 635 2622 laboret?
677 2586 722 2621 ut
754 2581 944 2633 Capitoni
976 2593 1102 2632 quam
1133 2579 1309 2631 primum
1341 2579 1533 2617 nuntiet?
1593 2578 1658 2616 oo.
1693 2579 1803 2625 Quid
1834 2584 1942 2626 erat,

287 2707 317 2737 ⁴.
343 2709 413 2737 tene
434 2713 508 2735 cum
530 2712 604 2735 vc:
631 2707 699 2734 tene
722 2696 775 2742 q—rn
799 2704 845 2740 (ἒς
873 2706 957 2733 lenes
979 2711 1050 2732 cum
1076 2702 1160 2736 Ma;
1194 2703 1278 2731 tenes
1301 2700 1376 2738 qui»
1403 2700 1496 2738 (ἶψῑ
1523 2702 1606 2729 tenes
1629 2699 1713 2730 enim
1737 2700 1814 2738 quin
1838 2700 1878 2731 H.
1907 2717 1942 2721 —

201 2758 231 2789 3.
257 2760 292 2788 ut
315 2756 434 2787 iudicio
458 2757 494 2785 G.
523 2771 557 2775 —-
585 2753 615 2785 4.
643 2762 708 2792 qua
731 2756 766 2783 tu
788 2762 823 2783 rc
847 2761 942 2793 susp.
970 2753 1047 2783 Eril.
1078 2769 1111 2772 ——
1147 2751 1176 2781 5.
1204 2749 1388 2788 adsequeris
1413 2750 1448 2779 G.
1480 2766 1510 2769 —
1541 2749 1569 2778 ti.
1598 2749 1817 2787 imanulenm‘a.
1841 2751 1877 2780 G.
1906 2767 1942 2772 -

201 2805 281 2846 quis]
307 2805 356 2837 sic
380 2804 524 2844 scripsi:
562 2803 616 2842 qui
647 2802 767 2839 codd..
799 2801 940 2833 relativo
965 2803 1022 2832 aut
1047 2800 1088 2831 ad
1114 2798 1330 2840 praecedens
1355 2799 1465 2828 [foscio
1490 2800 1545 2829 aut
1571 2798 1611 2829 ad
1639 2807 1791 2838 scqucns
1814 2799 1946 2830 Mallius

200 2864 307 2897 prave
332 2864 351 2885 a
375 2854 522 2885 librariis
548 2852 666 2884 relato.
697 2870 730 2874 —
757 2852 787 2882 7.
813 2852 947 2883 Mallius
971 2854 994 2881 G
1010 2852 1039 2882 M
1057 2859 1129 2880 va:
1163 2850 1304 2880 Manlius
1336 2850 1359 2879 (1
1377 2849 1400 2879 ll
1416 2850 1472 2885 ειχ
1488 2858 1516 2878 c.
1548 2866 1579 2869 ψ
1619 2848 1753 2878 (dantia
1777 2851 1799 2878 G
1827 2849 1871 2888 (et
1894 2849 1944 2880 sic

200 2906 311 2944 infra).
341 2922 375 2926 —
401 2904 432 2934 8.
458 2912 530 2934 eum
554 2903 586 2933 id
606 2906 672 2941 pol.
692 2901 725 2935 33.
747 2918 780 2922 —
810 2902 860 2932 210.
887 2910 987 2940 neque
1011 2904 1090 2932 ante
1110 2909 1238 2939 praem.
1259 2907 1327 2929 om.
1347 2899 1383 2928 G.
1406 2916 1429 2918 -
1467 2906 1538 2928 cum
1565 2897 1616 2927 illo
1641 2907 1670 2928 a.
1693 2915 1724 2919 -
1754 2899 1804 2928 41.
1827 2907 1944 2937 quaeso

202 2965 242 2986 c:
269 2955 363 2993 quasi
391 2956 415 2985 G
431 2955 493 2985 MV
509 2962 550 2990 a,
577 2952 596 2984 4
614 2953 709 2990 Oxx.,
738 2950 816 2982 Pali.
838 2968 874 2973 —
902 2951 952 2981 4¹2.
978 2951 1069 2981 cuius
1092 2958 1193 2980 causa
1216 2949 1263 2979 rei
1280 2950 1315 2979 G.
1337 2965 1371 2970 -—
1400 2947 1450 2979 44.
1478 2951 1510 2978 zet
1535 2948 1613 2977 nihil
1636 2947 1832 2978 ominationc
1848 2948 1884 2978 G.
1905 2964 1941 2969 -

204 3006 254 3036 45.
279 3005 385 3043 primo
409 3010 504 3043 susp.
531 3002 683 3033 Bucchn.
713 3018 747 3023 —-
775 3002 824 3032 48.
854 3001 886 3031 T.
913 3008 981 3031 om.
1011 3000 1050 3031 M.
1074 3016 1107 3021 —
1140 3000 1186 3030 19.
1214 2996 1387 3029 lucescebat
1411 3003 1455 3037 ψ.
1482 3014 1516 3019 —-
1543 2998 1595 3028 ⁶20.
1621 2997 1735 3027 scitum
1759 3005 1826 3028 om.
1848 2998 1884 3027 G.
1905 3013 1941 3019 -

201 3055 264 3094 hic]
288 3054 392 3084 adhuc
409 3054 445 3083 G.
467 3070 502 3074 —-
528 3052 580 3082 Ἥ.
606 3052 685 3082 nihil
708 3054 752 3082 est
775 3069 792 3074 -
809 3068 827 3072 -
849 3060 911 3081 aon
936 3050 1074 3091 scr-mor]
1101 3050 1187 3081 haec
1211 3058 1251 3080 ex
1274 3047 1443 3079 memoria
1461 3047 1558 3077 ailcrt
1576 3045 1762 3077 Diomedes
1779 3054 1810 3085 p.
1830 3044 1891 3075 387
1907 3046 1939 3076 P.

206 3118 240 3125 —-
267 3102 318 3133 23.
346 3102 468 3132 occisus
497 3105 541 3132 est
564 3102 601 3132 G.
630 3118 665 3122 -
698 3101 749 3131 25.
779 3100 835 3131 Ubi
858 3117 908 3123 -—
934 3100 1089 3137 Glaucia,
1123 3100 1178 3138 qni
1208 3099 1329 3139 (pron.)
1361 3100 1426 3127 lam
1459 3106 1486 3127 c.
1512 3096 1628 3127 scii-ic?
1657 3095 1944 3134 interpunxerunt

204 3151 374 3184 Manutius
399 3153 433 3182 et
457 3151 582 3188 {leus.;
609 3152 643 3181 at
667 3151 738 3181 tum
764 3150 1024 3190 requireretur:
1051 3150 1106 3188 qui.
1130 3154 1194 3180 lam
1220 3148 1280 3179 cito
1303 3147 1440 3177 seiz-eris.
1463 3163 1497 3168 —
1524 3147 1577 3177 ²26.
1603 3145 1743 3176 audisset
1759 3146 1782 3173 G
1798 3145 1821 3175 C
1841 3149 1881 3183 ψ.
1903 3161 1940 3166 -

205 3206 294 3233 nocle
317 3211 385 3232 una
407 3210 479 3231 eum
502 3204 523 3231 t.
550 3200 571 3231 i.
598 3208 625 3230 c.
652 3199 790 3238 coeqerit.
813 3208 844 3230 v.
868 3218 901 3221 —
928 3199 979 3229 ⁶37.
1006 3199 1143 3240 tamum]
1169 3203 1275 3230 lamen
1300 3197 1362 3228 M‘ss.
1392 3212 1426 3218 —
1454 3197 1505 3227 28.
1533 3197 1635 3227 Roma
1658 3203 1727 3226 om.
1753 3195 1798 3225 G:
1825 3194 1944 3225 Romae

204 3260 236 3282 v.
266 3269 298 3272 —
327 3252 377 3282 30.
404 3251 563 3289 capienda
586 3252 631 3280 cst
647 3248 781 3288 Madvig
807 3249 878 3288 (Op.
900 3249 921 3279 1.
948 3257 981 3288 p.
1004 3248 1088 3287 184..)
1115 3251 1148 3280 ct
1173 3246 1272 3279 Orelli
1296 3248 1337 3277 ⁶2:
1364 3255 1436 3285 cap.
1463 3247 1501 3276 sit
1526 3245 1627 3276 codd.
1647 3246 1683 3275 Ο.
1705 3260 1739 3265 -
1766 3243 1817 3273 31.
1844 3243 1944 3273 oculis

204 3308 334 3331 cernere
358 3299 477 3339 Aquila
502 3301 597 3331 Rom.
626 3300 656 3339 ξ.
684 3298 734 3329 43.
764 3316 798 3319 -ψ-
825 3299 876 3329 32.
903 3307 1014 3329 casum
1039 3301 1074 3329 G.
1104 3316 1138 3320 -
1166 3298 1216 3331 33.
1242 3306 1306 3328 -ηοη
1328 3299 1480 3328 versatur
1502 3299 1576 3327 aule
1599 3293 1705 3326 oculos
1722 3293 1789 3332 ipse
1805 3292 1944 3325 Glaucia

204 3347 325 3392 Aquila
349 3347 369 3380 l.
395 3359 425 3382 c.
454 3367 488 3372 —-
514 3350 566 3382 35.
592 3348 848 3381 automedontem
871 3349 907 3380 G.
