2143 3713
626 206 716 247 Lm.
746 205 794 246 v.
836 204 931 246 cn».
961 205 1226 248 xm—xv.
1263 205 1338 259 §5-
1364 195 1564 248 ‘32-38.
1883 206 1956 250 39⁴

226 317 437 366 omnibus,
477 323 617 358 contra
651 315 732 364 fas,
771 320 912 356 contra
952 317 1155 370 auspicia,
1197 321 1339 358 contra
1369 331 1514 358 omnes
1545 318 1704 360 divinas
1735 324 1859 373 atque
1888 320 1965 361 hu-

224 392 365 420 manas
402 379 637 432 religiones.

333 442 442 481 XIV.
473 440 538 480 35.
570 440 603 480 Ο
635 439 675 479 di
705 439 982 479 immortales!
1016 439 1127 488 Quid
1158 440 1328 479 interest
1356 440 1465 480 inter
1494 446 1653 482 mentes
1680 441 1895 483 hominum
1925 447 1966 484 et

224 502 517 555 cogitationes!
560 502 621 541 lta
655 501 756 540 mihi
795 514 927 540 meam
957 502 1211 541 voluntatem
1249 514 1447 555 spemque
1477 503 1664 556 reliquae
1693 504 1801 543 vitae
1830 510 1966 545 vestra

224 564 450 618 populique
480 562 649 603 Romani
682 562 935 602 existimatio
967 564 1229 616 comprobet,
1259 567 1306 603 ut
1327 576 1426 616 ego,
1458 577 1562 617 quos
1593 564 1728 604 adhuc
1759 565 1858 604 mihi
1880 574 1995 606 ma-ts

225 628 417 679 gistratus
455 624 636 678 populus
675 625 886 664 Romanus
924 625 1155 671 mandavit,
1193 625 1251 664 sic
1291 638 1362 664 eos
1399 625 1557 678 accepi,
1601 631 1648 665 ut
1684 639 1750 665 me
1781 627 1963 666 omnium

224 687 452 727 officiorum
496 686 696 737 obstringi
740 685 940 738 religione
979 687 1211 726 arbitrarer.
1268 686 1330 725 Ita
1369 692 1564 740 quaestor
1604 700 1693 727 sum
1723 687 1877 735 factus,
1919 693 1965 728 ut

223 748 324 789 mihi
354 748 470 787 illum
499 748 698 787 honorem
729 752 814 787 tum
846 761 928 787 non
959 749 1092 788 solum
1124 747 1285 795 datum,
1316 748 1389 788 sed
1420 750 1544 789 etiam
1566 749 1767 789 creditum
1790 754 1830 790 et
1855 763 1964 791 com-

222 811 392 850 missum
422 814 626 862 putarem:
658 810 715 848 sic
746 809 906 849 obtinui
939 816 1203 863 quaesturam
1224 809 1266 848 in
1290 810 1429 850 Sicilia
1452 811 1684 863 provincia,
1714 816 1759 852 ut
1779 813 1963 852 omnium

223 870 363 911 oculos
391 872 434 910 in
462 884 526 911 me
546 884 673 910 unum
696 871 904 910 coniectos
928 885 1017 911 esse
1039 871 1277 918 arbitrarer,
1309 877 1353 911 ut
1373 885 1438 912 me
1459 877 1810 926 quaesturamque
1830 882 2011 914 meamw

222 933 340 986 quasi
382 933 425 972 in
463 932 604 986 aliquo
635 937 832 972 terrarum
864 934 972 973 orbis
1009 933 1168 972 theatro
1198 934 1353 972 versari
1384 934 1684 982 existimarem,
1724 940 1772 975 ut
1802 949 1964 989 semper

222 995 380 1043 omnia,
422 1007 527 1047 quae
567 993 746 1034 iucunda
784 994 973 1034 videntur
1011 1008 1123 1042 esse,
1164 1007 1213 1034 ea
1252 1008 1335 1035 non
1374 996 1495 1035 modo
1526 996 1590 1036 his
1622 997 1962 1038 extraordinariis

222 1056 534 1110 cupiditatibus,
565 1056 637 1096 sed
669 1056 791 1096 etiam
822 1056 901 1108 ipsi
932 1062 1102 1096 naturae
1132 1069 1178 1096 ac
1199 1057 1435 1097 necessitati
1457 1057 1717 1111 denegarem.
1758 1056 1824 1098 36.
1844 1059 1963 1099 Nunc

220 1133 310 1160 sum
341 1118 580 1170 designatus
610 1117 784 1158 aedilis:
813 1117 947 1158 habeo
977 1119 1200 1166 rationem,
1232 1118 1330 1171 quid
1361 1132 1385 1159 a
1414 1120 1566 1173 populo
1588 1121 1771 1161 Romano
1792 1134 1963 1174 accepe-

220 1181 317 1222 rim:
362 1180 462 1221 mihi
503 1180 623 1220 ludos
662 1180 941 1220 sanctissimos
980 1180 1160 1220 maxima
1199 1194 1290 1220 cum
1329 1194 1427 1221 cura
1457 1187 1498 1222 et
1527 1183 1780 1223 caerimonia
1810 1182 2012 1232 Cereri‚45

220 1243 368 1283 Libero
398 1243 653 1296 Liberaeque
683 1241 919 1290 faciundos,
950 1242 1050 1281 mihi
1080 1242 1241 1282 Floram
1272 1248 1443 1283 matrem
1473 1244 1627 1297 populo
1657 1245 1854 1298 plebique
1882 1246 1963 1286 Ro-

220 1318 366 1346 manae
404 1304 597 1344 ludorum
637 1303 874 1344 celebritate
913 1302 1178 1357 placandam,
1220 1304 1321 1344 mihi
1362 1305 1481 1345 ludos
1511 1307 1843 1359 antiquissimos,
1889 1307 1961 1361 qui

220 1367 341 1421 primi
379 1366 554 1406 Romani
594 1366 790 1419 appellati
832 1371 949 1413 sunt,
993 1378 1085 1405 cum
1124 1365 1323 1418 dignitate
1354 1367 1533 1407 maxima
1563 1372 1604 1407 et
1631 1368 1832 1421 religione
1861 1369 1962 1417 Iovi,

220 1429 367 1469 Iunoni
388 1428 684 1481 Minervaeque
707 1441 797 1467 esse
817 1427 1055 1474 faciundos,
1082 1426 1183 1466 mihi
1205 1441 1410 1468 sacrarum
1432 1429 1598 1470 aedium
1618 1431 1962 1483 procurationem,

219 1491 320 1532 mihi
349 1495 478 1531 totam
506 1489 650 1530 urbem
679 1489 877 1530 tuendam
907 1503 998 1530 esse
1030 1490 1314 1539 commissam3
1359 1491 1411 1530 ob
1442 1505 1584 1532 earum
1613 1505 1751 1532 renim
1780 1492 1962 1533 laborem
1976 1501 2012 1531 20

221 1558 261 1594 et
307 1551 627 1607 sollicitudinem
666 1551 820 1592 fructus
859 1551 954 1591 illos
994 1552 1132 1599 datos,
1177 1552 1454 1606 antiquiorem
1484 1553 1528 1593 in
1557 1558 1702 1594 senatu
1732 1555 1963 1595 sententiae

221 1615 422 1656 dicendae
463 1614 620 1661 locum,
665 1619 801 1666 togam
839 1619 1114 1667 praetextam,
1158 1613 1301 1653 sellam
1342 1614 1548 1662 curulem,
1592 1615 1656 1655 ius
1690 1615 1881 1669 imaginis
1911 1617 1963 1657 ad

220 1677 461 1718 memoriam
499 1677 867 1730 posteritatemque
905 1675 1154 1729 prodendae.
1213 1674 1279 1715 37.
1309 1677 1374 1717 Ex
1402 1676 1466 1716 his
1498 1690 1573 1730 ego
1604 1678 1795 1719 omnibus
1827 1679 1964 1727 rebuS‚

219 1741 398 1787 iudices,
429 1739 487 1779 ita
516 1738 617 1778 mihi
647 1751 790 1778 omnes
815 1738 915 1778 deos
942 1738 1143 1792 propitios
1170 1738 1310 1787 velim,
1341 1738 1500 1779 etiamsi
1521 1739 1622 1779 mihi
1642 1739 1965 1781 iucundissimus

222 1806 285 1842 est
313 1802 445 1841 honos
474 1800 637 1854 populi,
680 1806 816 1840 tamen
858 1813 1122 1853 nequaquam
1153 1801 1272 1854 capio
1302 1806 1458 1841 tantum
1487 1801 1727 1855 voluptatis,
1766 1808 2014 1855 quantum25

222 1869 263 1903 et
291 1862 581 1903 sollicitudinis
614 1868 654 1903 et
683 1862 856 1910 laboris,
886 1868 932 1902 ut
960 1863 1061 1902 haec
1090 1863 1178 1915 ipsa
1208 1863 1416 1910 aedilitaS,
1447 1876 1530 1903 non
1560 1863 1660 1917 quia
1686 1877 1856 1904 necesse
1876 1864 1965 1906 fue·

221 1927 295 1973 rit,
337 1924 461 1964 alicui
500 1924 720 1964 candidato
765 1924 880 1972 data,
923 1926 995 1965 sed
1035 1924 1134 1977 quia
1174 1925 1232 1964 sic
1262 1925 1510 1977 oportuerit,
1552 1929 1662 1965 recte
1693 1925 1896 1967 collocata
1925 1931 1966 1968 et

220 1986 377 2026 iudicio
407 1986 547 2039 populi
577 1986 619 2025 in
650 1986 741 2026 loco
773 2000 862 2026 esse
893 1987 1029 2039 posita
1058 1987 1258 2026 videatur.
1303 1987 1392 2026 XV.
1425 1985 1490 2025 38.
1521 1987 1583 2027 Tu
1603 2001 1695 2027 cum
1717 2001 1828 2028 esses
1848 2002 1966 2042 prae-

219 2054 283 2090 tor
312 2047 591 2095 renuntiatus,
625 2061 791 2102 quoquo
823 2048 944 2088 modo
966 2070 1019 2077 —
1039 2049 1154 2088 mitto
1187 2050 1297 2089 enim
1327 2053 1368 2088 et
1397 2053 1633 2102 praetereo,
1665 2049 1765 2102 quid
1797 2055 1883 2090 tum
1913 2051 1967 2091 sit

221 2116 357 2151 actum
378 2131 453 2157 —,
485 2108 556 2149 sed
587 2123 680 2150 cum
710 2124 822 2150 esses
853 2111 1133 2159 renuntiatus,
1163 2116 1209 2150 ut
1240 2110 1346 2158 dixi,
1376 2124 1460 2150 non
1491 2111 1580 2164 ipsa
1608 2112 1829 2163 praeconis
1864 2126 1964 2154 voce
1977 2124 2014 2155 30

221 2172 424 2212 excitatus
462 2185 528 2219 eS,
567 2173 639 2225 qui
680 2178 720 2212 te
754 2172 874 2212 toties
913 2173 1123 2212 seniorum
1154 2173 1448 2226 iuniorumque
1480 2173 1676 2212 centuriis
1705 2174 1777 2213 illo
1806 2174 1966 2215 honore

220 2233 330 2275 affici
361 2233 667 2286 pronuntiavit,
698 2238 744 2274 ut
772 2234 852 2274 hoc
881 2239 1068 2288 putares,
1101 2235 1284 2289 aliquam
1314 2235 1374 2274 rei
1394 2234 1584 2288 publicae
1604 2239 1763 2288 partem
1783 2235 1858 2276 tibi
1878 2249 1966 2277 cre-

220 2296 365 2343 ditam,
403 2308 558 2336 annum
597 2296 671 2336 tibi
706 2296 824 2336 illum
861 2310 989 2337 unum
1028 2297 1149 2338 domo
1180 2296 1402 2338 carendum
1432 2309 1523 2337 esse
1552 2297 1814 2338 meretricis?
1865 2298 1966 2340 Cum

220 2358 297 2398 tibi
325 2362 434 2399 sorte
465 2358 701 2411 obtigisset,
740 2359 800 2399 uti
829 2358 894 2399 ius
926 2358 1108 2407 diceres,
1151 2365 1353 2413 quantum
1382 2359 1561 2412 negotii,
1593 2359 1692 2414 quid
1723 2361 1864 2402 oneris
1893 2361 1966 2403 ha-

307 2563 338 2594 4.
363 2562 467 2594 omnis
488 2562 526 2594 R.
561 2579 596 2584 —
629 2561 660 2593 3.
685 2561 718 2593 di
740 2562 787 2593 R:
824 2562 869 2593 dii
893 2562 929 2594 O.
968 2580 999 2585 —-
1031 2564 1062 2594 5.
1085 2562 1199 2602 populi
1221 2563 1322 2602 Lg29.
1352 2580 1387 2585 -
1420 2562 1451 2594 7.
1476 2562 1626 2603 religioni
1648 2562 1686 2594 R.
1714 2580 1750 2586 -
1775 2563 1918 2596 arbitrer
1938 2565 1965 2598 R

221 2612 262 2643 Gi
283 2613 314 2644 2.
343 2630 377 2635 —
403 2612 434 2644 8.
458 2612 612 2644 honorem
633 2611 725 2643 illum
749 2611 831 2643 dett.
858 2612 894 2643 O.
916 2630 950 2634 —
976 2612 1054 2653 tum]
1079 2616 1170 2644 tuum
1192 2613 1229 2644 R.
1251 2630 1287 2635 —-
1312 2621 1352 2644 ac
1374 2621 1489 2645 comm.
1516 2612 1599 2644 dett.
1618 2613 1655 2644 O.
1677 2629 1712 2635 ·-
1740 2612 1770 2644 9.
1789 2614 1966 2653 provincia

220 2662 285 2694 Sic.
311 2660 395 2693 dett.
421 2662 458 2693 O.
488 2679 521 2685 —
550 2661 600 2692 40.
626 2670 727 2692 tutum
751 2670 820 2693 om.
848 2661 893 2694 G3
911 2660 941 2693 λ.
969 2662 1048 2700 (non
1072 2662 1122 2701 P..)
1150 2680 1183 2684 —
1210 2671 1273 2694 esse
1296 2671 1364 2694 om.
1391 2661 1411 2693 λ
1434 2661 1495 2693 Ld.
1514 2663 1616 2702 Lagg.
1645 2664 1784 2703 praeter
1800 2662 1852 2700 ⁶29.
1871 2663 1908 2695 Ο.
1926 2681 1960 2687 —-

220 2711 272 2742 Μ.
298 2713 465 2742 tem-arum
488 2711 574 2742 orbis
596 2711 642 2743 R3
660 2710 702 2742 λῑ
737 2712 823 2743 orbis
845 2716 953 2743 terrae
976 2712 1059 2743 dett.
1086 2713 1236 2744 Lactant.
1261 2712 1336 2743 Div.
1361 2712 1458 2744 Instt.
1483 2712 1538 2743 VI.
1563 2711 1616 2751 24,
1640 2712 1714 2751 20.;
1748 2712 1833 2744 orbis
1855 2715 1965 2744 terra—-

218 2768 294 2792 mm
317 2760 354 2791 O.
382 2777 418 2782 —
444 2761 554 2792 omnia
575 2769 699 2800 semper
722 2761 805 2793 dett.
825 2762 862 2793 O.
891 2762 986 2800 (omni
1004 2762 1054 2801 R.)
1076 2779 1110 2783 —
1137 2762 1188 2793 42.
1213 2761 1366 2800 iucunda]
1391 2761 1526 2793 uincula
1542 2761 1642 2801 Lg29.
1669 2780 1703 2784 —
1730 2770 1794 2794 esse
1814 2761 1965 2793 videntur

220 2810 279 2842 G3.
307 2826 343 2832 —
369 2817 409 2841 ea
430 2810 495 2842 1³3:
532 2818 601 2842 om.
628 2811 712 2842 dett.
738 2811 775 2842 O.
810 2828 845 2833 -—
883 2812 933 2843 43.
959 2812 1013 2843 sed
1035 2814 1063 2842 et
1087 2811 1128 2842 Gi
1150 2811 1181 2842 ἱ).
1217 2829 1253 2833 ——
1289 2820 1329 2842 ac
1352 2819 1420 2843 om.
1447 2812 1483 2842 L.
1511 2828 1546 2834 —-
1582 2811 1634 2843 ⁴5.
1661 2811 1744 2853 cum]
1767 2814 1836 2843 tum
1859 2812 1897 2843 R.
1924 2829 1959 2834 -

219 2868 302 2892 cura
323 2863 353 2891 et
375 2867 444 2891 om.
471 2859 554 2891 dett.
580 2860 618 2891 O.
647 2878 681 2883 —-
708 2860 760 2892 46.
787 2862 821 2892 et
849 2861 896 2892 19.
922 2861 1087 2901 faciendos
1110 2861 1169 2892 Gi.
1198 2878 1232 2882 —
1260 2860 1312 2892 48.
1339 2861 1496 2901 appellati
1519 2864 1593 2892 sunt
1615 2861 1683 2893 R3:
1709 2864 1782 2892 sunt
1803 2861 1965 2892 nominati

220 2909 303 2942 dett.
330 2909 367 2941 O.
395 2926 429 2931 —
462 2918 555 2941 max.
580 2918 654 2941 cum
677 2910 765 2951 dign.
791 2919 830 2941 ac
853 2910 910 2942 rel.
938 2910 1022 2941 dett.
1049 2910 1085 2941 O.
1121 2927 1155 2931 —
1189 2910 1242 2942 ⁶2⁴2.
1267 2912 1412 2943 curulem
1434 2910 1495 2952 ius]
1530 2909 1716 2943 cu'rulentus
1737 2912 1780 2949 R;
1818 2911 1868 2942 ius
1891 2919 1960 2943 om.

221 2959 278 2991 G3.
306 2976 340 2981 —
367 2959 522 3000 imaginis
543 2960 569 2992 R
592 2968 644 3000 pr.
669 2968 730 2999 m,
757 2960 855 2999 dett.,
879 2961 963 2991 Non.
991 2968 1025 2999 p.
1051 2958 1124 2990 363.
1151 2958 1245 2991 541st
1271 2961 1431 3001 imagines
1453 2961 1479 2992 R
1495 2968 1543 2991 m.
1563 2968 1648 2998 seo,
1667 2960 1724 2992 Ga.
1746 2978 1780 2982 —
1806 2960 1859 2992 23.
1878 2969 1964 3000 pro-

220 3009 340 3040 dendae
361 3009 390 3041 J.
416 3010 469 3041 Fr.
495 3010 686 3041 Gronovius
711 3009 890 3050 (Observv.
916 3011 940 3041 Ι.
969 3009 1049 3049 112.);
1072 3010 1275 3048 prodendam
1297 3010 1401 3042 codd.
1421 3011 1491 3042 Cic.
1511 3011 1545 3042 et
1564 3011 1671 3042 Nonii.
1692 3028 1727 3033 —
1752 3008 1846 3041 rebus
1861 3009 1959 3040 omni·

221 3056 277 3088 bus
299 3057 382 3090 dett.
408 3059 445 3090 Ο.
474 3077 508 3082 -
539 3059 592 3092 24.
618 3059 692 3090 deos
720 3068 829 3092 omnes
859 3060 942 3091 dett.
969 3059 1006 3090 O.
1034 3059 1147 3098 (omnis
1169 3060 1219 3099 R.)
1259 3076 1293 3082 —
1327 3069 1423 3100 prop.
1457 3069 1521 3092 esse
1550 3061 1646 3092 velim
1669 3060 1751 3092 dett.
1778 3059 1815 3090 Ο.
1851 3059 1894 3090 At
1916 3058 1960 3091 cf.

221 3105 367 3138 Divinat.
393 3106 423 3147 5.
450 3107 503 3140 41.
532 3126 567 3131 -
593 3108 719 3140 etiamsi
741 3108 806 3140 Ra:
832 3111 868 3140 ut
890 3108 1015 3139 tametsi
1038 3107 1122 3139 dett.
1149 3109 1185 3140 O.
1215 3127 1249 3131 —
1274 3110 1327 3141 ⁶25.
1353 3113 1480 3141 tantum
1502 3111 1597 3150 capio
1620 3110 1703 3142 dett.
1730 3109 1766 3140 O.
1793 3125 1828 3130 —
1854 3107 1906 3139 26.
1933 3110 1963 3139 et

221 3154 290 3186 soll.
314 3155 360 3187 113
376 3155 418 3188 λι
455 3161 483 3190 et
505 3166 573 3189 om.
600 3157 683 3189 dett.
709 3157 745 3189 O.
772 3175 807 3180 —-
846 3158 897 3189 ⁶27.
924 3158 1114 3189 candidatos
1136 3158 1173 3190 R.
1210 3177 1243 3182 —
1276 3163 1362 3192 recte
1383 3168 1451 3191 om.
1477 3160 1578 3200 Lg29.
1607 3178 1642 3182 —
1667 3159 1835 3191 conlocata
1857 3158 1894 3189 R.
1921 3174 1956 3179 —-

222 3202 275 3234 28.
301 3204 396 3245 digno
419 3206 453 3238 in
475 3207 543 3239 loco
566 3207 693 3240 Victor.
720 3210 841 3240 contra
865 3207 966 3240 codd.
995 3225 1030 3229 -
1051 3208 1162 3247 posita
1183 3217 1246 3240 esse
1269 3208 1353 3240 dett.
1373 3209 1410 3240 O.
1431 3226 1465 3231 —
1493 3209 1545 3241 31.
1572 3209 1684 3240 totiens
1706 3208 1742 3239 R.
1764 3225 1799 3230 -
1825 3206 1876 3238 32.
1903 3206 1961 3237 ad-

222 3251 276 3333 {⁶2⁵
294 3257 526 3335 ἷὲοηαποίααὶε
546 3258 584 3290 R.
610 3274 647 3280 —
668 3260 803 3300 putaret
824 3257 884 3290 R3.
912 3274 946 3280 —
973 3257 1028 3291 tibi
1052 3266 1121 3289 om.
1148 3257 1249 3299 Lagg.
1277 3277 1312 3281 —
1338 3257 1390 3291 34.
1415 3259 1464 3290 uti
1485 3259 1512 3291 R
1527 3257 1548 3290 λ
1563 3260 1627 3291 Gt:
1651 3261 1687 3290 ut
1709 3256 1793 3290 dett.
1819 3256 1861 3294 0;
1886 3263 1956 3288 om.
