2143 3713
557 226 651 267 cn».
682 224 1008 266 [ΚΝ-[κν.
1045 223 1116 277 53.
1149 221 1394 264 478-484.
1799 219 1879 260 595

142 340 270 380 mario
301 339 504 392 expilato,
535 337 709 392 pecunia
736 336 894 383 ablata,
927 350 1008 376 non
1031 337 1141 375 omni
1170 340 1432 388 recuperata,
1465 335 1612 374 occisis
1634 334 1881 381 hominibus,

141 403 369 442 institutam
400 414 489 441 esse
522 399 807 453 quaestionem
840 399 890 437 de
923 405 1052 438 niorto
1084 398 1337 451 Oppianici?
1368 397 1433 436 cui
1457 397 1668 449 probatis?
1701 397 1799 450 quid
1822 403 1883 436 est

141 465 251 516 quod
294 464 428 503 minus
459 463 543 502 veri
575 460 707 500 simile
739 460 922 512 proferre
960 461 1185 513 potuistis?
1229 459 1406 505 Deinde,
1447 464 1492 498 ut
1522 459 1702 498 omittam
1735 465 1883 505 cetera,

143 527 321 566 triennio
353 530 445 578 post
476 528 644 563 mortem
669 522 886 574 Oppianici
919 523 968 561 de
995 523 1082 561 eius
1115 526 1244 560 morte
1266 520 1552 573 quaerebatur.
1608 522 1739 573 Atque
1761 521 1884 560 etiam

142 588 309 627 incensa
341 586 435 626 odio
466 584 641 638 pristino
667 584 943 623 Nicostratum
975 583 1150 623 eundem
1184 582 1298 621 illum
1331 587 1416 621 tum
1439 582 1528 621 sine
1551 595 1674 621 causa
1695 582 1736 620 in
1759 593 1916 634 quae-5

142 650 318 688 stionem
350 646 584 700 postulavit.
642 644 898 696 Oppianicus
930 646 1060 698 primo
1091 644 1309 684 recusavit.
1361 645 1506 683 Postea
1537 657 1628 682 cum
1659 643 1730 682 illa
1760 644 1886 683 abdu-

143 717 299 750 cturam
329 724 371 749 se
401 709 547 754 filiam,
580 711 825 746 mutaturam
856 721 947 746 osse
979 711 1268 746 testamentum
1310 706 1556 751 minaretur,
1598 705 1760 744 mulieri
1798 719 1888 745 cru-

143 773 374 813 delissimae
405 783 565 810 servum
595 768 882 808 fidelissimum
914 783 997 808 non
1029 770 1069 808 in
1100 768 1388 821 quaestionem
1430 767 1543 814 tulit,
1583 767 1655 806 sed
1686 767 1806 819 plane
1837 768 1886 806 ad

143 834 390 887 supplicium
434 831 603 871 dedidit.
674 830 795 869 LXV.
836 827 921 869 182.
958 832 1054 870 Post
1095 830 1317 870 triennium
1355 829 1479 881 igitur
1519 829 1671 880 agitata
1707 828 1888 882 denique

143 895 330 950 quaestio
362 893 411 933 de
441 893 518 933 viri
549 898 680 931 morte
709 891 949 938 habebatur,
981 898 1021 932 et
1052 892 1102 931 de
1134 891 1285 944 quibus
1316 891 1444 931 servis
1474 890 1730 930 habebatur?
1761 891 1890 937 Nova,
1906 903 1939 931 ιο

143 957 285 1004 credo,
325 969 388 996 res
429 954 611 1001 obieeta,
650 954 746 993 novi
787 954 956 1007 quidam
995 954 1183 993 homines
1222 953 1263 991 in
1306 952 1588 1005 suspicionem
1619 953 1751 992 vocati
1783 958 1890 992 sunt.

143 1021 201 1058 De
231 1020 418 1058 Stratone
458 1021 498 1057 et
529 1015 580 1055 de
622 1017 868 1055 Nicostrato.
918 1015 1056 1064 Quid?
1097 1016 1251 1054 Romae
1283 1015 1519 1067 quaesitum
1550 1014 1600 1054 de
1637 1014 1726 1054 istis
1758 1014 1891 1053 homi-

142 1081 264 1120 nibus
294 1092 377 1119 non
409 1080 531 1118 erat?
574 1079 688 1118 Itane
729 1077 891 1117 tandem
932 1078 1081 1117 mulier
1111 1078 1190 1116 iam
1222 1090 1304 1116 non
1337 1076 1502 1123 morbo,
1541 1075 1613 1115 sed
1644 1076 1799 1115 scelere
1829 1076 1891 1116 su-

143 1142 274 1189 riosa,
306 1154 398 1180 cum
430 1140 713 1194 quaestionem
746 1139 964 1179 habuisses
996 1141 1173 1186 Romae,
1206 1153 1298 1178 cum
1330 1139 1380 1179 de
1413 1140 1459 1178 T.
1485 1138 1627 1185 Annii,
1660 1139 1704 1178 L.
1735 1139 1892 1185 Rutilii,

144 1206 184 1244 P.
226 1203 400 1250 Saturii,
446 1207 677 1242 ceterorum
722 1201 1113 1241 honestissimorum
1154 1201 1336 1240 virorum
1377 1201 1582 1240 sententia
1622 1200 1891 1240 constitutum
1908 1212 1943 1241 ir,

143 1271 272 1312 esset,
304 1266 400 1305 satis
431 1264 664 1318 quaesitum
697 1264 853 1311 videri,
891 1264 1035 1303 eadem
1067 1264 1117 1303 de
1148 1277 1191 1303 re
1222 1262 1402 1303 triennio
1434 1268 1546 1315 post,
1576 1262 1708 1302 isdem
1739 1262 1789 1301 de
1818 1262 1894 1302 ho-

144 1328 344 1375 minibus,
374 1327 490 1366 nullo
522 1325 710 1366 adhibito
745 1339 827 1365 non
861 1326 995 1365 dicam
1026 1326 1138 1372 viro,
1169 1338 1220 1364 ne
1243 1325 1434 1364 colonum
1455 1323 1560 1364 forte
1582 1324 1764 1364 adfuisse
1784 1323 1895 1364 dica-

143 1391 216 1438 tis,
247 1389 320 1430 sed
350 1390 458 1429 bono
489 1389 601 1434 viro,
634 1387 675 1427 in
708 1388 781 1427 filii
814 1392 938 1441 caput
967 1388 1255 1440 quaestionem
1276 1386 1430 1426 habere
1451 1391 1596 1426 conata
1616 1399 1672 1426 es.
1717 1382 1810 1425 ¹183.
1831 1387 1893 1425 An

140 1452 218 1492 hoc
248 1452 385 1492 dicitis
415 1471 470 1480 -
490 1451 590 1490 mihi
623 1451 731 1490 enim
764 1451 877 1490 venit
907 1451 948 1489 in
981 1454 1184 1496 mentem,
1217 1448 1318 1502 quid
1350 1449 1431 1488 dici
1457 1448 1611 1500 possit,
1642 1448 1804 1488 tametsi
1825 1448 1896 1488 ad-

142 1514 220 1554 huc
242 1527 324 1554 non
347 1527 436 1554 esse
459 1514 539 1553 hoc
561 1513 716 1553 dictum
739 1518 987 1553 mementote
1008 1534 1075 1560 —,
1106 1525 1199 1551 cum
1229 1503 1454 1550 haberetur
1482 1510 1534 1550 de
1562 1510 1671 1551 furto
1694 1511 1946 1565 quaesti0,20

142 1577 376 1617 Stratonem
405 1575 566 1629 aliquid
597 1575 646 1615 de
678 1589 837 1615 veneno
870 1589 959 1614 esse
991 1574 1256 1614 confessum?
1304 1573 1393 1612 Hoc
1423 1586 1508 1612 uno
1539 1572 1691 1621 modo,
1722 1572 1896 1623 iudices,

142 1651 265 1691 saepe
297 1638 520 1678 multorum
554 1639 819 1691 improbitate
852 1637 1047 1690 depressa
1078 1637 1229 1676 veritas
1259 1636 1431 1688 emergit
1460 1640 1500 1675 et
1535 1636 1797 1675 innocentiae
1827 1636 1897 1675 de-

144 1701 277 1740 fensio
309 1700 533 1740 inter-clusa
566 1701 764 1752 respirat,
797 1699 910 1752 quod
942 1703 1014 1738 aut
1044 1699 1089 1745 ii,
1124 1699 1194 1751 qui
1217 1698 1268 1738 ad
1289 1698 1478 1737 fraudem
1500 1698 1639 1738 callidi
1662 1704 1781 1745 sunt,
1812 1711 1896 1737 non

146 1767 303 1802 tantum
334 1762 511 1808 audent,
544 1766 744 1814 quantum
776 1761 1034 1813 excogitant,
1065 1766 1136 1801 aut
1165 1760 1218 1808 ii,
1250 1774 1428 1813 quorum
1460 1760 1616 1800 eminet
1637 1761 1812 1800 audacia
1834 1766 1899 1800 at-

146 1837 226 1877 que
255 1823 437 1876 proiecta
467 1829 553 1869 est,
585 1837 608 1863 a
638 1823 822 1862 consiliis
854 1823 1036 1862 malitiae
1068 1822 1328 1862 deseruntur.
1378 1822 1500 1870 Quod
1533 1823 1565 1862 si
1595 1829 1666 1862 aut
1687 1820 1896 1862 confidens
1909 1835 1944 1863 25

144 1886 293 1925 astutia
322 1891 394 1925 aut
422 1885 570 1925 callida
601 1891 709 1924 esset
738 1885 931 1931 audacia,
966 1884 1035 1923 vix
1066 1884 1151 1923 ullo
1183 1884 1234 1924 iis
1257 1885 1400 1923 obsisti
1422 1883 1548 1923 niodo
1570 1889 1722 1936 posset.
1754 1885 1895 1924 Utrum

144 1947 299 1987 furtum
328 1947 481 1987 factum
513 1960 595 1986 non
627 1949 721 1986 est?
760 1947 812 1986 At
843 1946 945 1985 nihil
977 1946 1126 1986 clarius
1157 1946 1297 1985 Larini
1331 1942 1452 1998 [fuid.
1495 1947 1557 1985 An
1587 1946 1638 1985 ad
1661 1946 1895 1986 Stratonem

145 2010 326 2062 suspicio
357 2023 441 2049 non
470 2009 700 2061 pertinuit?
749 2010 800 2047 At
830 2009 863 2047 is
895 2014 935 2047 et
966 2021 1018 2047 ex
1049 2007 1206 2047 serrula
1235 2008 1498 2048 insimulatus
1531 2013 1571 2048 et
1590 2021 1614 2047 a
1646 2021 1776 2060 puero
1798 2022 1897 2048 con-

145 2072 232 2111 scio
264 2076 326 2111 est
354 2071 575 2111 indicatus.
619 2073 682 2110 An
715 2071 755 2110 id
787 2076 922 2110 actum
954 2085 1035 2110 non
1069 2076 1132 2110 est
1158 2070 1202 2109 in
1226 2070 1502 2123 quaerendo?
1535 2070 1652 2118 Quae
1672 2070 1752 2110 fuit
1772 2071 1897 2123 igitur

143 2134 225 2173 alia
263 2146 387 2173 causa
432 2133 689 2186 quaerendi?
735 2134 798 2172 An
843 2133 904 2179 id,
947 2131 1058 2185 quod
1099 2132 1215 2171 vobis
1247 2132 1470 2172 dicendum
1502 2138 1565 2172 est
1595 2138 1635 2173 et
1665 2134 1779 2187 quod
1809 2138 1895 2173 tum
1912 2145 1948 2173 30

146 2196 284 2235 Sassia
321 2195 548 2241 dictitavit,
589 2209 682 2235 cuin
723 2195 773 2234 de
814 2194 924 2234 furto
968 2200 1257 2246 quaereretur,
1299 2200 1384 2233 tum
1416 2194 1652 2234 Stratonem
1682 2194 1814 2235 isdem
1854 2196 1898 2234 in

145 2256 364 2297 tormentis
404 2256 559 2296 dixisse
602 2256 651 2295 de
683 2259 874 2296 veneno?
935 2253 1029 2295 2184.
1063 2257 1126 2295 En
1156 2255 1237 2294 hoc
1266 2255 1367 2295 illud
1400 2261 1483 2303 est,
1515 2255 1628 2310 quod
1658 2262 1752 2297 ante
1783 2257 1894 2296 dixi:

146 2319 293 2358 mulier
321 2318 501 2358 abundat
530 2318 724 2365 audacia,
755 2318 929 2358 consilio
962 2323 1002 2357 et
1032 2319 1190 2358 ratione
1212 2315 1411 2357 deficitur.
1450 2319 1553 2358 Nam
1574 2319 1749 2359 tabellae
1770 2332 1898 2372 quae-

146 2380 294 2420 stionis
314 2380 454 2434 plures
475 2380 753 2432 proferuntur,
776 2394 883 2433 quae
906 2381 1099 2420 recitatae
1121 2380 1322 2433 vobisque
1350 2380 1484 2420 editae
1507 2385 1626 2428 sunt,
1651 2381 1747 2420 illae
1768 2380 1899 2433 ipsae,

147 2455 249 2496 quas
279 2446 364 2483 tum
395 2442 630 2495 obsignatas
662 2456 751 2482 esse
783 2442 908 2490 dixit,
940 2444 982 2483 in
1014 2443 1165 2496 quibus
1197 2442 1360 2482 tabellis
1393 2442 1444 2482 de
1474 2442 1584 2484 furto
1616 2443 1731 2483 nulla
1760 2443 1899 2483 littera
1914 2456 1950 2485 35

234 2589 265 2621 4.
289 2590 473 2630 reciperata
497 2590 517 2620 S
531 2590 566 2620 T.
584 2607 617 2610 —
645 2590 675 2620 5.
694 2589 839 2629 eundem]
863 2598 935 2621 eam
952 2590 1028 2620 T.—
1056 2591 1087 2621 in.
1105 2599 1173 2622 oni.
1194 2591 1214 2621 F
1229 2591 1266 2621 A.
1281 2608 1315 2612 —-
1344 2591 1374 2621 6.
1396 2593 1511 2629 postea
1532 2599 1606 2621 cam
1623 2591 1664 2621 L:
1687 2593 1902 2629 posteaquam

148 2637 304 2673 QtAao.
330 2639 380 2671 Cf.
403 2640 434 2680 g.
450 2640 501 2671 68.
521 2639 573 2669 72.
590 2639 663 2669 492.
690 2639 787 2670 Vorr.
808 2639 861 2669 111.
882 2639 975 2677 3157.
1008 2640 1164 2671 Benecke
1182 2639 1226 2671 ad
1243 2648 1293 2671 or.
1314 2640 1546 2680 Pompeianae
1571 2640 1602 2679 3.
1623 2640 1653 2670 9.
1682 2657 1716 2661 —-
1743 2640 1772 2671 8.
1791 2640 1903 2671 detulit

148 2689 411 2722 Mommsenius.
431 2706 465 2711 —-
493 2689 524 2720 9.
543 2689 662 2720 dedidit
685 2688 875 2720 Arusianus
900 2689 943 2728 (v.
969 2689 1058 2720 Dedo
1082 2690 1126 2720 ad
1147 2689 1235 2729 Ιιοο);
1262 2689 1347 2721 dedit
1370 2689 1472 2720 codd.
1496 2691 1530 2721 et
1554 2688 1634 2721 edd.
1661 2688 1767 2721 Tullii.
1791 2706 1824 2710 —
1852 2690 1904 2720 de-

146 2737 256 2779 nique]
280 2738 384 2770 denuo
407 2736 621 2769 Halmius.—
651 2738 700 2769 40.
728 2738 768 2777 et]
793 2741 828 2768 at
851 2739 885 2769 1..
901 2755 935 2759 —
964 2739 975 2769 4
986 2740 1016 2770 4.
1041 2740 1136 2770 credo
1160 2748 1228 2770 om.
1249 2740 1333 2770 Τ.-
1360 2739 1412 2771 44.
1430 2739 1593 2770 habuisses
1608 2739 1718 2770 STA:
1744 2738 1904 2769 hab-uisset

149 2786 276 2822 FLsso.
290 2805 326 2810 —
345 2788 382 2820 L.
401 2796 470 2819 om.
489 2788 510 2818 S
523 2788 602 2818 T.-—
621 2788 673 2819 45.
693 2788 807 2818 Saturi
830 2788 868 2824 S:
894 2788 1039 2818 Satureii
1063 2789 1140 2818 L.—
1165 2791 1347 2819 ceterorum
1362 2790 1382 2819 S
1396 2789 1420 2820 T
1434 2789 1474 2820 L:
1505 2791 1534 2820 et
1556 2791 1737 2820 ceterorum
1753 2789 1817 2820 RA
1830 2787 1851 2822 ΣΞ
1865 2789 1902 2820 Ο.

152 2855 186 2860 -
206 2837 258 2869 47.
277 2837 397 2878 afuisse
419 2838 455 2869 L.
477 2855 511 2859 —
538 2837 590 2869 48.
608 2845 640 2869 es
662 2837 739 2868 ST:
766 2839 810 2868 cst
834 2837 854 2868 F
868 2837 899 2868 M
913 2839 936 2868 Α
953 2838 975 2868 L
990 2836 1009 2870 9
1024 2837 1061 2867 Ο.
1084 2853 1118 2859 ——
1146 2838 1196 2868 49.
1220 2841 1325 2877 posset
1349 2838 1370 2869 F
1384 2839 1470 2869 M.—
1497 2837 1615 2879 adhuc]
1639 2838 1680 2869 ab
1703 2839 1761 2869 hoc
1786 2839 1838 2877 (ex
1862 2838 1905 2868 ad

149 2887 218 2928 hoc)
235 2888 348 2920 ST.—
374 2887 427 2919 20.
453 2895 518 2918 esse
540 2887 613 2918 ST:
638 2889 715 2918 esset
740 2887 761 2917 F
776 2887 806 2918 M
820 2887 844 2917 Α
861 2887 883 2917 L
897 2885 918 2919 {²
932 2886 968 2917 O.
983 2903 1016 2907 —
1043 2887 1102 2917 hoc
1125 2887 1162 2917 S:
1189 2895 1259 2918 oin.
1279 2887 1398 2918 ceteri.
1420 2906 1453 2909 -
1478 2890 1667 2919 mmnentote
1682 2886 1728 2919 ³21:
1755 2895 1825 2918 om.
1843 2888 1905 2918 AL

150 2935 224 2971 20.
262 2937 313 2970 Cf.
338 2937 549 2977 Madvigium
571 2936 715 2976 Append.
741 2937 822 2975 disp.
848 2937 886 2967 de
908 2936 1044 2967 Aswnio
1067 2945 1099 2976 p.
1118 2937 1159 2967 52
1177 2945 1230 2976 sq.
1253 2954 1286 2958 —
1312 2937 1365 2967 ⁶23.
1391 2936 1425 2977 ii]
1449 2936 1482 2967 hi
1506 2937 1564 2967 ST
1577 2937 1599 2967 1³
1613 2938 1649 2968 Α.
1671 2954 1704 2958 --
1733 2936 1786 2977 ad]
1812 2936 1846 2966 in
1871 2936 1904 2966 S.

154 3003 189 3008 -—-
213 2986 268 3020 24.
292 2987 328 3028 ii]
352 2987 384 3018 hi
407 2988 448 3024 S;
474 2986 521 3017 illi
543 2985 614 3020 ΕΟ.
634 3005 667 3009 -
694 2987 746 3018 26.
774 2987 813 3017 iis
836 2987 912 3017 ST:
940 2994 1007 3016 oni.
1036 2985 1222 3020 RALsso.
1250 3004 1281 3007 —
1319 2987 1442 3025 Utrum]
1466 2995 1581 3018 verum
1604 2988 1624 3016 S
1640 2987 1676 3018 T.
1705 3003 1738 3008 ——
1767 2986 1819 3017 ⁶27.
1844 2986 1906 3025 fuit

153 3043 222 3067 om.
248 3036 318 3067 ST.
339 3053 375 3059 —
401 3036 455 3067 ⁶28.
473 3035 613 3076 serrula]
638 3044 734 3067 serua
750 3038 782 3067 S.
804 3053 837 3058 —-
864 3035 916 3066 29.
942 3035 1044 3075 igitur
1067 3035 1136 3065 alia
1158 3036 1235 3067 ST:
1261 3036 1332 3067 alia
1347 3036 1449 3076 igitur
1466 3037 1487 3067 F
1503 3036 1573 3067 MA
1587 3037 1610 3067 L
1624 3035 1645 3070 ἓ
1659 3037 1695 3067 0.
1717 3052 1751 3058 -—
1779 3036 1832 3067 30.
1848 3044 1909 3066 vo-

154 3083 202 3115 bis
223 3085 392 3118 dicendum
414 3087 435 3116 S
447 3086 491 3117 T:
518 3085 687 3116 dicendum
702 3085 791 3117 vobis
814 3086 835 3116 F
849 3085 880 3116 M
894 3085 918 3115 A
932 3085 955 3116 L
970 3083 991 3118 ἓ
1005 3085 1041 3115 Ο.
1070 3101 1103 3106 -
1132 3085 1184 3116 34.
1211 3085 1369 3116 dictitavit
1392 3087 1413 3116 S
1429 3086 1453 3116 T
1467 3086 1488 3116 F
1502 3086 1534 3117 M
1546 3085 1591 3116 A:
1618 3083 1787 3116 dictitabat
1801 3085 1825 3116 L
1837 3083 1907 3118 ΒΟ.

158 3149 193 3155 -
212 3138 380 3173 quaereret
396 3135 432 3166 T.
453 3152 488 3157 —
514 3136 701 3166 Stratonem
716 3151 734 3156 -
746 3151 764 3156 -
781 3134 901 3165 dimisso
925 3135 972 3173 (ut
988 3134 1186 3165 coniecerat
1201 3134 1393 3173 Schotzius)
1410 3135 1431 3165 S
1444 3134 1486 3165 T:
1512 3134 1625 3166 Strato
1640 3150 1658 3156 -
1669 3151 1687 3156 -
1704 3133 1789 3164 dixit
1811 3134 1836 3165 R
1848 3134 1909 3165 AL

156 3180 179 3215 2
193 3182 230 3214 O.
250 3198 285 3205 -
309 3183 362 3216 32.
385 3183 448 3224 En]
465 3184 542 3215 item
564 3183 585 3214 S
599 3183 635 3214 T.
656 3200 691 3206 —
711 3183 763 3215 33.
780 3183 898 3215 mulier
915 3184 967 3215 ab.
987 3183 1130 3215 audacia
1146 3184 1342 3216 Priscianus
1359 3184 1474 3215 XVIII.
1491 3184 1523 3222 2,
1541 3183 1592 3215 49.
1619 3183 1808 3214 Arusianus
1823 3182 1912 3214 Mes—

158 3233 230 3264 sius
252 3242 287 3274 p.
311 3234 386 3267 209.
411 3233 467 3267 ed.
493 3233 651 3266 Lindem.
680 3253 715 3258 —
745 3234 878 3266 abunda
900 3235 942 3271 T;
979 3233 1151 3265 abundans
1180 3233 1345 3265 Prisciani
1369 3232 1539 3265 editiones
1573 3232 1647 3272 (sed
1671 3232 1745 3263 eius
1769 3230 1910 3263 codices

159 3281 291 3322 optimi,
322 3283 413 3316 sicut
433 3285 637 3324 Arusianus,
663 3284 832 3325 abundat).
859 3303 895 3308 —
932 3283 984 3317 34.
1009 3284 1199 3324 referuntur
1221 3284 1254 3314 S.
1283 3301 1318 3306 -
1342 3282 1496 3322 nobisque
1518 3282 1708 3314 STFMA.
1739 3299 1773 3304 -
1807 3279 1908 3321 ipsae]

158 3329 241 3364 istae
263 3331 334 3365 ST.
362 3349 396 3355 -—
421 3332 475 3367 35.
501 3333 574 3366 divi
596 3333 621 3366 L
635 3332 670 3368 Ε.
698 3350 733 3357 -
760 3334 805 3376 in]
830 3334 870 3367 de
892 3334 914 3366 F
924 3334 967 3366 M.
995 3351 1029 3356 —
1056 3332 1149 3365 nulla
1170 3332 1281 3366 littera
1302 3333 1381 3365 ST:
1405 3332 1516 3366 littera
1536 3331 1631 3363 nulla
1653 3329 1823 3365 RALsso.
