2143 3713
620 239 716 280 οη.
746 237 1014 278 xn-xm.
1058 235 1131 290 §§.
1161 232 1354 276 29-33.
1784 231 1857 274 67⁴

116 353 308 407 publicae
348 356 509 406 pestem
548 349 763 404 paulisper
792 349 983 402 reprimi,
1021 361 1104 388 non
1135 349 1177 387 in
1206 350 1457 400 perpetuum
1487 345 1702 399 comprimi
1730 358 1866 399 posse.

117 415 239 464 Quod
277 416 312 456 si
351 428 394 455 se
435 413 601 454 eiecerit
629 423 855 464 secumque
887 424 983 451 suos
1015 409 1207 451 eduxerit
1237 413 1279 448 et
1309 407 1456 448 eodem
1488 413 1646 448 ceteros
1676 407 1866 461 undique

117 478 313 517 collectos
354 475 573 527 naufragos
613 473 866 525 aggregarit,
912 473 1200 525 exstinguetur
1237 476 1363 522 atquc
1394 469 1600 509 delebitur
1628 483 1711 510 non
1742 469 1866 509 modo

114 540 216 579 hacc
247 544 328 579 tam
359 537 500 578 adulta
529 535 587 575 rei
619 534 812 587 publicae
844 535 994 587 pestis,
1034 547 1178 574 verum
1221 531 1344 572 etiam
1375 532 1498 584 stirps
1529 544 1576 571 ac
1609 545 1751 572 semen
1782 544 1868 571 ma-

115 602 248 641 lorum
285 600 481 640 omnium.
538 597 650 636 XIII.
682 593 749 635 3⁴.
788 597 951 636 Etenim
994 597 1073 635 iam
1113 595 1206 642 diu,
1250 597 1389 647 patres
1429 594 1676 646 conscripti,
1720 594 1763 633 in
1803 593 1900 633 his-5

113 662 310 716 periculis
331 658 623 702 coniurationis
644 658 891 711 insidiisque
912 670 1145 704 versamur,
1172 655 1244 696 sed
1267 654 1408 694 nescio
1431 668 1515 708 quo
1538 661 1659 708 pacto
1683 657 1869 696 omnium

115 723 318 764 scelerum
356 736 405 763 ac
442 720 595 761 veteris
634 719 787 759 furoris
828 725 867 760 et
906 719 1104 760 audaciae
1147 717 1362 758 maturitas
1392 717 1436 756 in
1465 718 1598 757 nostri
1629 718 1868 758 consulatus

116 791 279 838 tempus
310 784 459 837 erupit.
490 781 614 830 Quod
645 782 678 821 si
709 795 761 821 ex
792 787 906 821 tanto
937 780 1156 822 latrocinio
1187 780 1266 819 iste
1288 792 1396 819 unus
1418 779 1608 827 tolletur,
1639 779 1870 820 videbimur

114 846 289 886 fortasse
318 845 370 886 ad
397 845 524 884 breve
556 842 765 897 quoddam
799 850 960 896 tempus
990 855 1087 883 cura
1107 847 1147 882 et
1167 846 1280 881 metu
1303 854 1393 881 esse
1415 841 1607 889 relevati,
1637 842 1869 895 periculum

116 914 255 948 autem
283 906 481 947 residebit
510 910 551 945 et
582 905 659 945 erit
689 906 895 946 inclusum
926 905 1092 959 penitus
1125 905 1167 943 in
1197 903 1317 944 venis
1347 908 1473 957 atque
1495 903 1538 943 in
1560 904 1790 944 visceribus
1810 904 1923 943 rei⁴0

117 969 322 1022 publicae.
371 968 422 1009 Ut
451 981 575 1021 saepe
604 967 797 1008 homines
828 968 940 1021 aegri
971 966 1115 1007 morbo
1147 966 1282 1019 gravi,
1320 979 1413 1006 cum
1443 970 1561 1006 aestu
1591 965 1783 1020 febrique
1813 967 1873 1006 ia-

119 1035 301 1079 ctantur,
325 1030 359 1070 si
380 1043 531 1083 aquam
552 1029 731 1083 gelidam
751 1030 951 1076 biberint,
983 1029 1118 1082 primo
1139 1028 1314 1068 relevari
1335 1027 1540 1075 videntur,
1566 1027 1718 1068 deinde
1740 1028 1872 1068 multo

119 1092 282 1145 gravius
302 1092 673 1146 vehementiusque
694 1091 967 1131 afflictantur:
1000 1091 1058 1131 sic
1079 1090 1145 1130 hic
1166 1090 1356 1137 morbus,
1388 1090 1459 1143 qui
1482 1095 1545 1130 est
1565 1090 1607 1129 in
1628 1102 1671 1130 re
1692 1091 1872 1144 publica,

119 1155 324 1195 relevatus
353 1154 472 1195 istius
502 1166 640 1207 poena
668 1153 958 1193 vehementius
988 1152 1164 1205 reliquis
1187 1152 1294 1192 vivis
1326 1152 1600 1205 ingravescet.
1644 1149 1712 1192 32.
1735 1152 1873 1201 Quare

120 1216 316 1257 secedant
352 1215 548 1269 improbi,
587 1221 806 1255 secernant
849 1229 892 1255 se
923 1229 946 1255 a
976 1214 1119 1261 bonis,
1158 1227 1287 1253 unum
1318 1213 1361 1252 in
1391 1214 1528 1254 locum
1559 1220 1874 1268 congregentur,
1890 1215 1925 1246 ⁴5

119 1291 238 1318 muro
270 1277 472 1330 denique,
503 1277 544 1316 id
576 1277 691 1331 quod
722 1291 846 1330 saepe
877 1279 959 1317 iam
990 1276 1098 1324 dixi,
1136 1276 1427 1315 discernantur
1456 1289 1481 1316 a
1510 1276 1652 1325 nobis3
1683 1276 1877 1317 desinant

119 1340 309 1380 insidiari
340 1339 452 1380 domi
482 1352 582 1380 suae
613 1339 799 1387 consuli,
830 1340 1098 1379 circumstare
1128 1337 1308 1377 tribunal
1338 1338 1539 1391 praetoris
1567 1339 1735 1388 urbani,
1766 1340 1876 1380 obsi-

121 1402 218 1442 dere
263 1415 356 1442 cum
395 1401 542 1455 gladiis
584 1402 765 1449 curiam,
807 1400 1023 1441 malleolos
1064 1404 1106 1439 et
1141 1399 1253 1439 faces
1284 1399 1336 1439 ad
1365 1397 1702 1442 inflammandam
1731 1402 1878 1442 urbem

120 1476 380 1517 comparare3
412 1464 466 1504 sit
497 1464 678 1517 denique
710 1464 954 1517 inscriptum
985 1462 1029 1501 in
1058 1461 1195 1502 fronte
1224 1461 1348 1501 unius
1370 1462 1588 1516 cuiusque,
1621 1462 1723 1517 quid
1752 1464 1803 1503 de
1833 1477 1877 1503 re

119 1526 286 1579 publica
315 1526 480 1566 sentiat.
538 1526 743 1566 Polliceor
772 1526 850 1566 hoc
879 1525 1022 1572 vobis,
1053 1530 1192 1577 patres
1225 1524 1467 1578 conscripti,
1497 1529 1653 1565 tantam
1684 1525 1728 1565 in
1756 1525 1877 1566 nobis
1890 1528 1927 1558 c20

121 1588 365 1628 consulibus
402 1588 491 1628 fore
527 1588 810 1641 diligentiam,
856 1593 1012 1628 tantam
1056 1587 1098 1625 in
1137 1585 1255 1626 vohis
1295 1587 1604 1635 auctoritatem,
1648 1592 1804 1628 tantam
1834 1588 1877 1627 in

122 1650 332 1704 equitibus
361 1651 560 1690 Romanis
589 1650 806 1698 virtutem,
838 1655 991 1690 tantam
1022 1649 1066 1688 in
1095 1648 1288 1688 omnibus
1318 1648 1440 1688 bonis
1470 1649 1803 1697 consensionem,
1833 1654 1880 1689 ut

124 1712 326 1752 Catilinae
347 1712 608 1766 profectione
630 1712 768 1752 omnia
789 1712 1016 1765 patefacta,
1047 1711 1273 1758 illustrata,
1305 1724 1524 1765 oppressa,
1555 1710 1766 1752 vindicata
1786 1725 1878 1752 esse

123 1774 315 1815 videatis.

235 1835 301 1876 33.
331 1837 457 1877 Hisce
488 1837 716 1885 ominibus,
751 1837 948 1885 Catilina,
980 1850 1073 1876 cum
1104 1848 1266 1876 summa
1294 1836 1353 1876 rei
1383 1836 1576 1889 publicae
1605 1836 1755 1885 salute,
1787 1850 1879 1877 cum
1893 1838 1931 1869 25

122 1904 195 1940 tua
222 1904 341 1952 peste
370 1912 418 1940 ac
445 1899 626 1953 pernicie
657 1912 837 1954 cumque
868 1912 1014 1940 eorum
1046 1899 1193 1947 exitio,
1233 1898 1306 1952 qui
1337 1912 1380 1939 se
1411 1903 1549 1939 tecum
1580 1899 1694 1939 omni
1724 1899 1880 1940 scelere

211 2098 242 2129 ⁴.
267 2098 506 2138 imperpetuum
528 2096 551 2128 b
567 2096 588 2128 d
620 2096 658 2137 (b
683 2106 788 2138 supra
813 2106 953 2138 quoque
977 2096 1008 2138 g.
1034 2097 1097 2129 22:
1122 2096 1412 2137 imposteritalem).
1440 2114 1476 2119 -
1509 2097 1541 2129 2.
1566 2097 1691 2130 eosdem
1714 2106 1733 2129 a
1750 2105 1815 2139 cq.
1843 2115 1879 2120 -

123 2151 255 2179 cunctos
278 2155 312 2188 q.
342 2165 377 2171 -—
412 2147 442 2178 3.
469 2147 664 2188 apyreyarit
692 2148 716 2178 B
731 2147 755 2179 C
770 2155 820 2178 ar
842 2148 900 2188 Lg.
927 2147 986 2179 53:
1023 2147 1237 2187 ayqraeuerit
1262 2148 1290 2185 ῖς
1324 2147 1556 2187 aggregaverit
1578 2148 1603 2179 R
1618 2148 1680 2180 LO
1706 2148 1780 2189 (sed
1803 2150 1837 2180 in
1861 2157 1880 2179 o

124 2205 165 2228 ue
188 2196 266 2228 ead.
292 2205 341 2228 m.
367 2205 544 2237 superscr.
571 2198 648 2236 est).
677 2215 711 2219 —
748 2196 779 2228 4.
805 2198 884 2229 haec
907 2206 976 2229 om.
1003 2205 1109 2238 epw.
1149 2214 1184 2218 —-
1220 2198 1252 2228 5.
1279 2197 1424 2228 omnium
1452 2197 1617 2228 malorum
1645 2207 1680 2236 r;
1717 2199 1883 2230 malorum

124 2246 292 2277 hominum
314 2246 483 2285 bcisw,
509 2245 563 2278 alii
587 2247 689 2287 Lagg.
718 2264 752 2269 —
780 2250 849 2278 tam
873 2248 930 2278 diu
953 2256 986 2279 u.
1014 2264 1049 2268 —
1077 2255 1112 2285 p.
1137 2246 1181 2287 c.]
1203 2255 1256 2278 res
1272 2255 1308 2286 p.
1336 2246 1369 2278 d.
1399 2264 1434 2270 —
1460 2256 1534 2278 cum
1555 2248 1605 2279 his
1627 2257 1661 2279 u.
1690 2266 1726 2270 —
1752 2249 1782 2280 6.
1806 2257 1884 2280 ver-

125 2296 190 2327 sati
213 2305 252 2337 p;
278 2299 432 2327 versatur
455 2296 488 2327 d.
518 2314 553 2319 —-
579 2296 610 2328 7.
636 2297 802 2328 maturius
826 2307 857 2328 a.
878 2315 913 2319 —
940 2298 971 2329 8.
999 2297 1091 2337 Quod
1113 2296 1151 2337 si]
1175 2295 1225 2326 hic
1248 2296 1274 2326 si
1298 2295 1320 2327 b
1335 2295 1548 2327 ceisth.
1569 2313 1604 2318 —
1631 2297 1766 2329 tollatur
1789 2307 1823 2338 q.
1844 2315 1879 2320 —

127 2345 158 2377 9.
184 2346 228 2376 ad
251 2347 415 2386 quoddam
439 2345 533 2377 breve
555 2349 577 2377 t.
604 2355 642 2384 o;
679 2347 723 2377 ad
753 2346 847 2379 breve
869 2351 891 2379 ι.
919 2347 1083 2387 quoddam
1105 2345 1128 2378 b
1143 2354 1202 2377 cs,
1232 2363 1268 2368 —-
1304 2353 1369 2377 csse
1391 2344 1520 2377 liberati
1544 2346 1578 2378 d.
1606 2363 1643 2370 -
1680 2348 1732 2378 ⁴0.
1756 2347 1885 2386 penitus

127 2403 197 2426 om.
225 2394 259 2426 d.
287 2414 322 2419 —
348 2399 446 2434 atque
468 2395 642 2427 visceribus
664 2395 786 2436 biyz.
815 2415 849 2419 —
878 2397 929 2428 ⁴⁴.
955 2400 991 2427 ut
1013 2397 1099 2429 enim
1121 2404 1218 2435 saepe
1240 2395 1274 2426 d.
1304 2413 1339 2417 —
1365 2395 1458 2436 aegri
1480 2395 1624 2428 homines
1645 2405 1675 2428 r.
1696 2414 1732 2418 —
1759 2396 1883 2437 ’1296-

125 2444 228 2475 Iidam
250 2453 374 2484 aquam
397 2444 431 2476 d.
459 2462 494 2466 —
521 2445 662 2477 biberent
684 2454 722 2483 ες
749 2445 895 2477 biberunt
918 2446 1007 2477 coni.
1032 2445 1240 2485 Madvigiu53
1267 2454 1299 2476 v,
1326 2444 1442 2484 Opusc.
1467 2445 1506 2476 ΙΙ.
1531 2454 1566 2486 p.
1592 2445 1665 2477 338.
1695 2464 1729 2468 —
1757 2446 1810 2477 ⁴3.
1833 2446 1885 2476 hic

127 2501 198 2525 om.
223 2494 252 2532 i;
276 2494 410 2526 morbus
430 2495 489 2526 iste
513 2503 546 2535 q.
575 2512 610 2516 —-
639 2495 691 2527 ⁴⁴..
717 2495 842 2527 levatus
864 2497 900 2528 L.
929 2512 964 2519 -
995 2495 1211 2527 vehementius
1229 2503 1264 2534 p.
1291 2503 1318 2526 e.
1344 2493 1471 2533 bcis,
1497 2495 1556 2534 Lg.
1581 2493 1635 2526 43.
1660 2495 1713 2526 50.
1739 2495 1792 2526 53.
1818 2495 1882 2533 57;

128 2543 408 2583 vehementiusque
432 2546 462 2583 t;
488 2545 625 2585 yrun-ius
646 2545 923 2585 vehementiusque
947 2555 980 2586 q.
1003 2563 1038 2568 —
1062 2545 1198 2584 reliquis
1211 2544 1293 2575 vivis
1307 2544 1332 2574 B
1347 2552 1364 2574 a
1379 2543 1503 2582 dlru‚
1531 2545 1588 2584 Lg.
1609 2544 1660 2575 ⁴6.
1679 2543 1733 2576 43.
1751 2544 1812 2582 53,
1839 2545 1882 2575 L:

127 2593 210 2624 vivis
223 2593 358 2633 reliquis
374 2595 400 2626 R
413 2595 450 2626 O.
472 2613 507 2617 —
526 2595 724 2635 inm-arescit
739 2594 761 2625 b
777 2594 837 2627 ils
851 2604 884 2628 u.
907 2615 941 2619 -
962 2597 1072 2636 Quare
1087 2596 1120 2627 P.
1140 2594 1173 2627 C.
1194 2595 1251 2634 Lg.
1271 2594 1324 2625 ⁴6.
1343 2594 1396 2625 50.
1414 2594 1454 2626 57
1472 2592 1546 2632 soli,
1566 2594 1589 2625 L
1603 2593 1640 2624 Ο.
1658 2610 1693 2615 -
1711 2593 1762 2624 ⁴5.
1782 2601 1888 2632 quare

131 2642 152 2674 d
175 2645 302 2684 repetit
325 2645 405 2676 ante
429 2647 609 2676 secernant.
632 2662 665 2666 —
686 2653 707 2675 α
731 2643 821 2675 bonis
840 2653 873 2683 p.
900 2654 928 2677 e.
956 2644 1044 2677 elu.
1067 2645 1155 2675 —in
1178 2652 1279 2675 unum
1295 2643 1316 2675 l.
1342 2652 1419 2684 wy.
1439 2661 1474 2666 —
1496 2643 1548 2675 ⁴6.
1567 2642 1713 2684 denique]
1730 2642 1883 2684 iyilurb.

132 2709 167 2714 —
192 2693 227 2724 id
249 2702 318 2725 om.
344 2694 368 2725 B
383 2694 439 2726 ad
454 2702 559 2734 qyz,
585 2695 644 2734 Lg.
670 2693 722 2726 46.
749 2694 801 2725 50.
827 2695 879 2725 57.
906 2695 959 2726 65.
979 2695 1102 2726 —iam
1125 2702 1195 2725 om.
1221 2694 1246 2724 B
1261 2701 1302 2734 q;
1327 2693 1396 2724 iam
1418 2701 1443 2724 s.
1471 2693 1495 2725 C
1510 2701 1583 2724 ew.
1603 2709 1638 2714 —
1657 2694 1887 2725 discernantur

131 2742 152 2773 b
166 2743 175 2773 i
189 2741 198 2773 l
212 2751 228 2774 s
241 2751 264 2774 u
276 2752 337 2775 wx
354 2744 411 2784 Lg.
427 2744 478 2775 ⁴6.
497 2744 550 2775 21.
563 2744 603 2776 43
620 2753 626 2774 :
652 2747 864 2776 secernantur
880 2745 904 2776 R
918 2745 941 2776 L
955 2745 993 2776 Ο.
1008 2762 1041 2766 -
1053 2744 1201 2775 desinant
1216 2742 1270 2775 his
1286 2742 1432 2775 habeti.
1455 2761 1490 2766 -
1512 2743 1565 2774 ⁴7.
1584 2743 1695 2774 domui
1710 2751 1790 2774 suae
1806 2741 1828 2773 b
1843 2743 1886 2772 rt

132 2794 190 2833 Lg.
210 2792 264 2824 46.
291 2810 327 2815 —-
350 2794 516 2833 praetoris
537 2793 668 2835 urbani]
694 2803 763 2825 om.
789 2796 818 2825 t:
849 2803 883 2834 p.
909 2795 946 2825 R.
972 2803 1009 2831 a;
1040 2794 1089 2825 rei
1111 2802 1146 2833 p.
1173 2793 1213 2830 d3
1236 2793 1403 2833 praetoris
1423 2792 1564 2824 Romani
1587 2791 1652 2832 (vel
1674 2794 1733 2824 Ro.
1757 2791 1813 2823 vel
1835 2791 1886 2830 R.)

133 2849 186 2881 yz
210 2842 270 2882 Lg.
295 2842 349 2873 50.
375 2843 435 2881 573
466 2845 634 2883 praeteris
660 2844 750 2875 vurbis
779 2845 836 2876 Cr
859 2846 917 2885 Lg.
944 2844 1003 2875 53:
1036 2844 1214 2883 praetoris.
1239 2843 1352 2874 urbem
1376 2851 1408 2874 o.
1437 2842 1563 2882 (firmat
1581 2842 1748 2882 praetoris
1768 2841 1889 2872 urbam·

132 2889 247 2922 Schol.
266 2892 385 2929 Gron.,
412 2893 471 2932 qui
493 2892 610 2924 locum
633 2893 733 2924 affert
757 2893 801 2924 ad
827 2902 877 2925 or.
896 2894 950 2925 IV.
977 2893 1007 2933 ἓ.
1026 2894 1070 2932 2.)
1090 2911 1126 2916 -
1155 2893 1206 2925 ⁴8.
1232 2893 1361 2924 curiam
1383 2901 1457 2923 cum
1478 2892 1600 2932 gladiis
1621 2900 1675 2931 yz
1698 2892 1756 2931 Lg.
1775 2890 1828 2922 53.
1849 2907 1884 2912 -—

132 2941 286 2972 maleolos
308 2950 348 2981 g3
379 2942 608 2982 malleolosque
631 2952 662 2974 e.
690 2960 724 2964 —
757 2943 857 2983 falces
880 2952 920 2984 p:
950 2943 1054 2982 fasces
1076 2952 1095 2974 a
1109 2943 1230 2983 ckqx
1245 2951 1314 2982 yz,
1343 2941 1398 2973 alii
1421 2943 1524 2982 Lagg.
1551 2940 1730 2982 (malleolos
1751 2940 1795 2971 ad
1815 2939 1886 2980 insl.

133 2991 246 3023 urbem
267 2992 418 3032 facesque
440 2992 464 3023 L
490 2993 525 3023 et
547 2993 566 3024 5
591 2993 676 3025 dett.
701 2993 817 3034 Lagg.)
843 3010 879 3015 —
906 2992 958 3023 ⁴9.
983 2992 1034 3033 sit]
1058 2996 1109 3024 sat
1133 3001 1200 3030 as;
1225 2992 1302 3023 insit
1316 2992 1506 3024 Arusianus
1530 2999 1564 3032 p.
1583 2989 1658 3022 237.
1686 2988 1759 3028 (sed
1782 2996 1889 3029 prae-

136 3040 229 3073 cedit
251 3041 286 3073 in
309 3050 374 3072 eo:
402 3040 497 3072 Catil.
522 3041 568 3079 Ι.,
593 3042 631 3073 ut
654 3045 670 3073 ῐ
689 3041 918 3084 dittographia
943 3042 1079 3073 numeri
1102 3042 1129 3073 Ι.
1154 3041 1339 3082 videatur.)
1356 3058 1392 3063 —
1407 3041 1544 3080 denique
1566 3039 1724 3079 seriptum
1746 3037 1797 3069 lw
1811 3046 1884 3077 yz,

136 3089 156 3122 4
187 3089 229 3122 al.
262 3091 386 3131 Lagg.;
419 3090 576 3130 scriptum
605 3091 742 3131 denique
776 3100 810 3133 q.
838 3110 873 3115 —-
902 3092 1156 3131 uniuscuiusque
1185 3092 1265 3123 civis
1292 3092 1316 3122 L
1347 3093 1382 3123 et
1413 3089 1494 3122 edd.
1525 3091 1610 3121 vett.
1641 3088 1754 3120 invitis
1783 3086 1886 3118 codd.

137 3138 314 3172 omnihus.
343 3157 379 3162 ——
404 3140 458 3171 20.
484 3139 542 3171 hoc
564 3140 653 3171 vobis
673 3140 765 3172 Bab
779 3150 833 3181 yz
857 3142 914 3182 Lg.
934 3142 992 3173 65:
1026 3141 1085 3173 hoc
1107 3149 1177 3173 om.
1196 3142 1220 3173 C
1246 3142 1304 3181 Lg.
1323 3141 1360 3178 7;
1389 3140 1479 3172 vobis
1501 3140 1560 3170 hoc
1582 3139 1621 3170 R.
1642 3155 1676 3161 —
1705 3139 1832 3168 tantam
1853 3136 1888 3167 in

136 3188 228 3219 nobis
249 3197 335 3220 cons.
351 3206 400 3212 --
415 3192 543 3220 auctor.
570 3198 640 3221 om.
659 3198 724 3230 ος.
752 3208 787 3212 -
813 3191 995 3223 consulibus
1009 3208 1058 3214 —-
1072 3194 1200 3222 tantam
1222 3191 1256 3221 in
1278 3189 1367 3222 vobis
1390 3198 1459 3222 om.
1479 3197 1495 3221 s
1518 3190 1554 3220 in
1578 3188 1646 3219 fine
1669 3187 1828 3228 paginae.
1849 3201 1885 3208 —

137 3237 192 3268 22.
218 3236 308 3268 bonis
329 3238 477 3270 omnibus
499 3247 537 3277 03
571 3238 660 3270 bonis
683 3249 753 3272 oni.
779 3240 844 3273 bs.
873 3259 908 3264 —
938 3245 975 3273 ut
997 3242 1031 3272 in
1055 3241 1125 3273 Cae.
1152 3250 1182 3272 e.
1219 3258 1254 3263 -
1287 3239 1340 3272 23.
1366 3248 1432 3271 esse
1453 3248 1523 3271 om.
1548 3239 1586 3270 B.
1613 3254 1649 3259 —
1680 3237 1734 3268 25.
1758 3237 1822 3267 isce
1845 3244 1886 3274 e;

137 3285 186 3316 his
207 3286 261 3317 ix.
289 3304 325 3308 —
350 3288 510 3320 ominibus
531 3289 723 3329 Naugerius
746 3290 781 3322 in
803 3289 946 3322 Aldina:
980 3289 1127 3321 ommibus
1150 3288 1253 3322 codd.
1281 3291 1314 3321 et
1337 3289 1379 3327 L,
1405 3287 1469 3320 sed
1490 3286 1649 3328 plerique
1673 3285 1743 3318 mei
1766 3283 1891 3317 omibus

139 3343 219 3367 cum
243 3334 299 3369 lin.
324 3345 432 3379 super
452 3347 496 3370 m.
524 3354 560 3361 -
586 3347 733 3373 summae
754 3340 790 3373 L.
820 3358 854 3363 —
881 3349 955 3372 eum
977 3342 1036 3372 tua
1057 3340 1082 3372 B
1097 3347 1232 3380 ayzg:
1257 3342 1287 3373 et
1308 3347 1383 3371 cum
1405 3341 1464 3371 tua
1485 3338 1548 3370 RL
1562 3336 1599 3368 O.
