2175 3718
272 232 353 273 208
757 235 811 275 IN
840 236 1060 277 VERREM
1088 236 1250 278 ACTIO
1282 238 1523 279 SECUNDA

272 349 483 387 Postremo
514 345 584 386 illo
605 346 939 403 desperatissimo
970 348 1158 402 perfugio
1183 350 1243 388 uti
1273 356 1433 402 posset,
1466 363 1510 389 se
1536 349 1838 402 imprudentem
1857 350 2017 399 fecisse,

272 410 531 448 existimasse
561 409 602 448 id
634 410 772 450 licere.
817 411 1077 464 Quamquam
1109 410 1210 450 haec
1239 412 1519 464 perditissima
1551 411 1738 451 defensio
1769 418 1850 459 est,
1882 419 2017 454 tamen

271 470 429 522 aliquid
462 470 542 510 dici
572 471 796 512 videretur.
855 473 980 512 Tollit
1017 486 1069 512 ex
1108 472 1257 512 tabulis
1290 474 1353 521 id,
1395 474 1508 526 quod
1540 480 1646 520 erat,
1689 480 1729 513 et
1758 473 1854 513 facit
1884 489 2018 515 coram

271 544 361 571 esse
391 531 585 572 delatum.

238 602 256 630 5
384 594 508 634 XLII.
542 593 632 635 (102.
674 596 750 635 llic
789 595 950 643 videte,
996 597 1038 636 in
1080 602 1182 650 quot
1222 612 1265 637 se
1306 598 1482 651 laqueos
1513 599 1714 645 induerit,
1760 612 1937 651 quorum
1969 612 2020 638 ex

270 657 384 697 nullo
417 671 459 697 se
490 671 687 710 umquam
721 658 928 710 expediet.
987 659 1169 698 Primum
1210 660 1299 712 ipse
1331 660 1371 698 in
1405 662 1543 700 Sicilia
1576 674 1699 713 saepe
1731 666 1771 699 et
1802 660 1937 712 palam
1969 661 2019 699 de

269 719 361 759 loco
393 720 608 773 superiore
641 720 802 759 dixerat
833 725 873 758 et
911 721 951 759 in
984 734 1174 760 sermone
1207 721 1346 760 multis
1378 722 1683 762 demonstrarat
1713 723 1837 762 licere
1868 735 2019 761 nomen

269 782 453 834 recipere
485 782 689 822 absentis:
729 795 772 820 se
805 782 997 833 exemplo
1029 782 1200 829 secisse,
1240 783 1353 835 quod
1392 783 1572 823 fecisset.
1632 785 1742 824 llaec
1775 798 1867 823 eum
1901 785 2020 823 dieti-

269 850 377 884 tasse
416 844 552 897 priore
593 845 755 883 actione
799 849 837 882 et
875 844 969 882 Sex.
1000 845 1222 896 Pompeius
1256 844 1430 884 Chlorus
1473 836 1596 892 dixit,
1639 847 1687 885 de
1720 847 1837 885 cuius
1868 846 2019 885 virtute

219 912 254 941 ‘¹0
268 912 387 946 antea
419 906 759 951 commemoravi,
792 911 833 944 et
867 905 938 945 Cn.
969 907 1190 959 Pompeius
1216 905 1482 955 Theodorus,
1512 907 1638 947 homo
1661 913 1701 947 et
1729 909 1800 947 Cn.
1822 908 2020 961 Pompeii,

267 968 485 1007 clarissimi
525 968 626 1014 viri,
666 968 822 1007 iudicio
864 967 1054 1020 plurimis
1099 968 1375 1021 maximisque
1407 969 1449 1007 in
1480 970 1603 1009 rebus
1635 970 1949 1022 probatissimus
1981 974 2021 1008 et

268 1030 454 1069 omnium
487 1030 793 1069 existimatione
825 1030 1137 1076 ornatissimus,
1169 1036 1208 1069 et
1238 1030 1410 1070 Posides
1436 1032 1574 1070 Macro
1599 1032 1862 1079 Soluntinus,
1893 1032 2018 1071 homo

267 1105 427 1131 summa
467 1091 708 1138 nobilitate,
751 1092 1078 1137 existimatione,
1118 1092 1294 1131 virtute:
1333 1097 1373 1131 et
1412 1093 1489 1132 hac
1520 1094 1683 1133 actione
1716 1107 1839 1147 quam
1870 1094 2019 1133 voletis

267 1153 385 1193 multi
417 1153 579 1199 dicent,
613 1159 653 1193 et
683 1154 754 1206 qui
787 1167 838 1192 ex
869 1154 948 1193 isto
980 1153 1071 1206 ipso
1103 1154 1345 1201 audierunt,
1378 1155 1454 1194 viri
1487 1155 1671 1207 primarii
1694 1156 1824 1195 nostri
1848 1156 2018 1201 ordinis,

216 1220 307 1255 atset
337 1215 431 1262 alii,
463 1215 535 1268 qui
567 1215 865 1263 interfuerunt,
907 1230 1000 1255 cum
1031 1215 1211 1255 absentis
1242 1229 1394 1255 nomen
1425 1216 1692 1268 reciperetur.
1751 1218 1908 1257 Deinde
1938 1218 2019 1257 Ro-

266 1291 378 1325 mae,
420 1290 513 1317 cum
554 1291 619 1317 res
657 1283 765 1317 essct
795 1283 884 1317 aeta
923 1279 964 1317 in
1004 1284 1170 1325 senatu,
1212 1292 1355 1318 omnes
1395 1279 1513 1318 istius
1545 1280 1688 1327 amici,
1728 1281 1770 1319 in
1800 1280 1864 1319 his
1896 1280 2018 1319 etiam

264 1345 382 1393 pater
412 1341 499 1380 eius
528 1339 608 1378 hoc
640 1339 887 1379 defendebat
916 1341 1041 1379 licere
1072 1338 1186 1379 lieri:
1224 1354 1347 1393 saepe
1379 1354 1468 1380 esse
1500 1341 1677 1380 sactum':
1707 1342 1785 1382 iste
1817 1341 1929 1395 quod
1960 1341 2020 1380 fe-

265 1402 405 1450 cisset,
437 1402 613 1441 aliorum
646 1402 838 1454 exemplo
871 1403 1146 1455 institutoque
1175 1402 1336 1442 fecisse.
1405 1400 1490 1442 103.
1521 1403 1631 1443 Dicit
1661 1410 1874 1455 praeterea
1904 1403 2019 1443 testi-

265 1465 450 1503 monium
481 1469 567 1502 tota
599 1464 761 1511 Sicilia,
802 1478 907 1517 quae
944 1465 987 1504 in
1019 1465 1307 1504 communibus
1338 1465 1557 1518 postulatis
1590 1465 1801 1505 civitatum
1833 1465 2017 1505 omnium

214 1531 250 1561 20
265 1526 506 1566 consulibus
538 1526 690 1573 edidit,
725 1540 896 1579 «rogare
927 1533 1052 1580 atque
1085 1540 1201 1566 orare
1234 1533 1370 1580 patres
1399 1527 1678 1580 conscriptos,
1710 1531 1755 1566 ut
1775 1532 2016 1573 statuerent,

264 1601 314 1628 ne
354 1588 589 1628 absentium
632 1589 802 1628 nomina
832 1589 1155 1641 reciperentur.»
1220 1590 1311 1636 Qua
1344 1589 1393 1629 de
1425 1603 1467 1629 re
1501 1589 1571 1629 Cn.
1603 1589 1847 1635 Lentulum,
1879 1594 2018 1641 patro-

264 1664 362 1689 num
395 1650 584 1696 Siciliae,
617 1650 891 1690 clarissimum
924 1651 1255 1698 adolescentem,
1288 1651 1426 1691 dicere
1459 1652 1658 1691 audistis:
1706 1650 1892 1697 Siculos,
1924 1664 2017 1689 eum

264 1726 307 1752 se
339 1726 525 1760 causam,
558 1726 665 1765 quae
695 1713 773 1751 sibi
806 1713 847 1752 in
879 1718 1024 1752 senatu
1047 1727 1121 1765 pro
1144 1713 1208 1752 his
1231 1713 1390 1765 agenda
1413 1719 1543 1760 esset,
1577 1713 1795 1760 docerent,
1827 1714 1877 1751 de
1900 1713 2018 1752 Sthe-

263 1775 321 1814 nii
352 1775 588 1814 calamitate
620 1780 790 1827 questos
823 1788 913 1814 esse
936 1780 1191 1827 propterque
1214 1775 1320 1814 hane
1342 1776 1557 1822 iniuriam,
1590 1789 1695 1828 quae
1719 1775 1890 1814 Sthenio
1911 1774 2018 1814 facta

213 1841 248 1871 25
264 1842 393 1884 esset,
425 1850 497 1876 eos
529 1836 748 1884 statuisse,
791 1842 836 1875 ut
864 1837 967 1883 hoc,
1000 1836 1114 1890 quod
1146 1836 1260 1883 dico,
1292 1837 1589 1889 postularetur.
1655 1834 1740 1876 104..
1774 1836 1891 1884 Quae
1922 1849 2015 1875 cum

260 1899 318 1938 ita
349 1903 507 1945 essent,
539 1903 708 1938 tantane
739 1898 920 1938 amentia
951 1899 1165 1951 praeditus
1195 1904 1320 1951 atque
1352 1898 1525 1938 audacia
1555 1898 1692 1945 fuisti,
1724 1903 1770 1938 ut
1799 1898 1843 1937 in
1864 1911 1908 1937 re
1935 1903 2017 1937 tam

261 1961 392 2007 clara,
424 1966 505 2000 tam
538 1965 706 2007 testata,
738 1965 820 2000 tam
851 1960 923 2000 abs
954 1966 994 2000 te
1026 1961 1117 2013 ipso
1141 1961 1405 2013 pervulgata,
1437 1960 1597 2000 tabulas
1619 1961 1807 2013 publicas
1831 1973 2016 2000 eorrum-

258 2035 358 2075 pere
396 2023 601 2062 auderes‘?
651 2023 705 2061 At
734 2035 859 2075 quem
880 2022 931 2061 ad
953 2023 1124 2063 modum
1156 2024 1408 2076 corrupisti?
1452 2025 1598 2063 Nonne
1630 2024 1708 2070 ita,
1746 2028 1793 2062 ut
1822 2022 2015 2063 omnibus

260 2085 381 2124 nobis
403 2085 635 2124 tacentibus
657 2085 773 2137 ipsae
795 2090 833 2124 te
854 2090 951 2125 tuae
972 2085 1137 2125 tabulae
1160 2086 1437 2125 condemnare
1459 2087 1662 2138 possent?
1695 2085 1820 2133 Cedo,
1843 2097 2013 2139 quaeso,

345 2257 375 2289 4,
402 2257 456 2289 illo
479 2261 585 2288 lamen
611 2257 642 2288 d.
662 2254 750 2297 Lgffl
774 2266 807 2298 p.
828 2266 874 2289 m.
897 2276 931 2280 —
958 2258 989 2288 Q,
1016 2257 1058 2298 id]
1083 2257 1162 2288 haec
1177 2258 1216 2289 V.
1239 2274 1272 2280 —
1301 2262 1345 2290 est
1369 2267 1437 2289 om.
1458 2257 1546 2298 Lg-le
1565 2267 1597 2299 p.
1618 2266 1664 2289 m.
1686 2275 1721 2280 —
1749 2261 1857 2289 tamen
1880 2266 1948 2289 om.
1968 2258 2011 2293 A;

258 2309 365 2339 tamen
389 2311 424 2339 ut
449 2307 575 2347 Lg2913
602 2308 645 2346 (in
669 2307 735 2338 hoc
759 2311 868 2338 tamen
892 2316 998 2348 supra
1023 2311 1058 2338 ut
1081 2308 1273 2348 seriptum).
1303 2326 1336 2331 —
1363 2308 1393 2339 3.
1420 2312 1448 2339 οι
1472 2317 1540 2339 om.
1569 2307 1656 2347 Lgta
1681 2316 1712 2348 p.
1734 2315 1779 2338 m.
1812 2305 2013 2346 Asyndeton

258 2365 473 2398 quamquam
498 2357 530 2388 11.
557 2356 578 2388 1.
605 2359 699 2389 recte
725 2357 864 2388 defendi
890 2359 1023 2398 potest,
1053 2359 1169 2388 tamen
1196 2359 1338 2398 propter
1362 2356 1509 2389 similem
1535 2358 1664 2388 exitum
1688 2355 1847 2388 vocabuli
1872 2363 2015 2397 praece-

258 2408 372 2438 dentis
396 2411 425 2438 et
449 2408 481 2438 in
507 2408 636 2447 optimo
663 2407 800 2445 codice,
829 2409 865 2438 ut
888 2407 987 2445 alibi,
1015 2407 1112 2439 facile
1138 2407 1247 2438 omitti
1273 2407 1393 2448 potuit.
1434 2408 1553 2447 ltaque
1579 2408 1656 2438 cod.
1682 2408 1758 2438 Vat.
1785 2405 2015 2446 reliquorum-

258 2465 326 2497 que
351 2457 506 2488 omnium
531 2457 772 2488 auctoritatem
797 2457 830 2488 11.
857 2456 878 2488 l.
905 2455 1091 2488 maluimus
1115 2457 1226 2496 sequi.
1256 2474 1290 2478 —
1318 2456 1347 2489 4.
1375 2466 1439 2488 esse
1462 2458 1604 2488 delatum
1627 2456 1715 2497 Lgffl
1740 2465 1773 2497 p.
1801 2465 1846 2487 m.
1872 2455 1921 2486 V:
1957 2456 2014 2486 de-

256 2506 360 2538 latum
382 2515 446 2538 esse
470 2506 532 2538 dit.
559 2507 606 2544 Ο;
633 2516 747 2538 coram
769 2506 916 2537 omnibus
938 2516 1002 2537 esse
1025 2510 1050 2538 Α
1066 2508 1088 2537 Β
1116 2508 1195 2546 (om.
1223 2506 1387 2546 delatum).
1417 2525 1450 2529 —
1483 2508 1513 2538 5.
1541 2506 1626 2547 [suot]
1653 2507 1738 2546 quod
1761 2506 1799 2537 V.
1829 2524 1862 2528 —
1889 2514 1921 2536 se
1943 2505 2010 2544 laq.

258 2556 346 2597 1.th
364 2556 434 2588 eV:
461 2557 527 2596 laq.
554 2566 587 2588 se
610 2559 667 2589 ctt.
691 2575 725 2580 -
753 2558 782 2589 6.
802 2557 948 2596 expediet
971 2557 1016 2588 V:
1043 2558 1147 2588 videri
1170 2557 1335 2597 eoepediret
1360 2556 1446 2595 ng
1461 2559 1510 2594 A?
1536 2557 1702 2596 aspecta-et
1722 2557 1780 2587 ctt.
1799 2556 1836 2587 Ο.
1862 2573 1889 2578 -
1920 2563 2015 2594 saepe

255 2609 370 2647 palam
393 2607 482 2647 Lgli'ss
507 2617 539 2648 p.
567 2616 614 2639 m.
644 2626 679 2631 -
710 2608 739 2638 7.
766 2608 876 2638 *multis
905 2608 988 2638 idem
1018 2607 1099 2637 clem.
1128 2606 1165 2636 V.
1195 2623 1228 2628 -
1261 2606 1290 2637 8.
1326 2605 1472 2644 exemplo
1497 2606 1673 2636 mullormn
1695 2605 1804 2644 fecisse
1826 2605 1864 2636 V.
1902 2604 2015 2636 Habet

258 2658 325 2689 hoc
348 2657 625 2688 additamentum
649 2656 992 2688 connnendationem
1018 2655 1193 2696 quandam
1219 2655 1315 2692 inde,
1342 2655 1434 2695 quod
1461 2655 1544 2686 infra
1571 2655 1713 2695 legitur:
1743 2664 1837 2694 saepe
1861 2663 1938 2687 esse
1964 2655 2014 2686 sa—

259 2709 369 2745 ctum,
408 2708 550 2738 aliorum
579 2706 739 2747 exemplo
772 2707 908 2737 secisse.
957 2706 1023 2738 Sed
1060 2714 1139 2737 cum
1170 2705 1212 2736 ad
1237 2706 1444 2737 sententiam
1471 2714 1538 2736 non
1564 2706 1682 2744 utique
1708 2705 1750 2736 sit
1775 2705 2012 2736 necessarium

258 2757 311 2798 (ct.
339 2757 383 2788 ad
409 2758 499 2789 Fam.
527 2757 580 2787 lV.
607 2756 637 2794 3,
666 2758 694 2787 4.
732 2757 850 2795 «Quod
878 2756 1026 2795 exemplo
1048 2757 1101 2795 fic,
1133 2755 1167 2785 id
1198 2756 1268 2786 inre
1289 2755 1360 2795 fieri
1381 2755 1531 2793 piuant»)
1565 2757 1599 2785 et
1623 2754 1719 2786 facile
1745 2754 1787 2785 ab
1815 2755 2012 2794 interpretis

257 2815 364 2838 manu
388 2806 560 2847 proficisci
586 2806 748 2846 potuerit,
776 2805 927 2846 reliquos
953 2814 1074 2837 omnes
1093 2805 1232 2836 codices
1257 2805 1365 2836 secuti
1391 2813 1524 2835 sumus.
1542 2823 1574 2826 —
1594 2805 1679 2843 quod
1696 2804 1845 2843 LgtzV:
1871 2804 1905 2834 id
1928 2803 2014 2842 quod

257 2859 315 2888 ctt.
342 2858 380 2888 O.
409 2874 443 2878 —
478 2856 529 2887 40.
563 2856 829 2887 commemoravit
861 2856 926 2887 CN.
951 2855 1108 2894 Ponpeius
1131 2855 1168 2885 V.
1205 2872 1239 2876 —
1276 2854 1369 2885 homo
1392 2858 1420 2885 et
1447 2853 1533 2890 14:4³2
1549 2854 1638 2892 ch:
1677 2863 1745 2885 om.
1771 2857 1800 2885 et
1824 2855 1882 2884 ctt.
1907 2855 1944 2885 Ο.
1975 2870 2009 2874 -

257 2907 374 2945 Pompei
397 2906 437 2937 V.
467 2923 501 2928 -
537 2906 587 2936 42.
622 2906 763 2936 Possides
787 2904 909 2945 pleriq.
937 2905 1056 2937 codd:
1090 2905 1250 2936 Possidius
1273 2904 1311 2934 V.
1341 2921 1375 2925 —
1409 2904 1523 2934 Macro
1550 2904 1673 2942 Lgflan
1691 2905 1737 2934 V:
1774 2905 1868 2934 Maeo
1892 2904 1941 2938 A3
1978 2902 2012 2932 in

256 2965 356 2995 ‹tw-os
380 2954 467 2995 Lgte
485 2963 518 2995 p.
539 2963 604 2986 111.;
631 2955 740 2985 Man-0
758 2955 837 2985 O.—
859 2954 1048 2985 Soluntinus
1066 2954 1152 2993 Lg²29
1166 2956 1191 2985 A
1207 2954 1229 2984 B
1247 2951 1323 2983 0011.
1343 2953 1396 2983 111.
1417 2954 1447 2992 5¹.
1468 2953 1550 2983 103.:
1577 2953 1743 2983 Solnlinus
1759 2953 1802 2984 V:
1829 2952 2013 2984 Salentinus

257 3008 316 3038 ctt.
336 3008 372 3037 Ο.
396 3023 430 3027 -
458 3004 509 3036 13.
534 3004 654 3034 virtute
677 3004 903 3034 ornatissimus
926 3007 954 3034 ec
978 3003 1119 3042 vig-iz.
1144 3021 1178 3025 -—
1206 3002 1256 3034 44.
1282 3003 1351 3041 ipso
1375 3011 1443 3032 (nn.
1464 3003 1501 3032 V.
1524 3018 1556 3024 —
1585 3004 1760 3033 audierunt
1776 3002 1822 3032 V:
1849 3001 2012 3032 audierint

257 3054 329 3087 rell.
349 3056 432 3087 O.—
453 3055 506 3085 15.
522 3053 655 3093 fuerunt
682 3053 768 3093 Lgee
783 3053 822 3084 142
840 3053 889 3083 V:
916 3053 1122 3092 interfuerint
1139 3053 1197 3083 ett.
1218 3052 1255 3083 Ο.
1277 3068 1310 3072 —-
1334 3051 1479 3090 primari
1495 3052 1533 3082 V.
1555 3069 1589 3072 —
1612 3052 1662 3082 15,
1681 3051 1726 3082 ali
1741 3052 1780 3082 V.
1803 3068 1837 3073 -
1866 3051 1917 3082 16.
1936 3054 2013 3081 acta

255 3115 306 3137 res
329 3109 405 3137 esset
429 3104 535 3144 Lg-lss,
563 3105 599 3134 ut
623 3103 777 3139 videtur‘.
804 3112 877 3134 cum
900 3103 978 3134 haec
1002 3111 1041 3132 ac
1060 3127 1065 3133 .
1085 3127 1091 3133 .
1111 3127 1116 3133 .
1136 3102 1162 3132 V
1181 3102 1241 3141 (sio
1265 3100 1452 3139 desinens).
1476 3119 1509 3122 —
1538 3101 1587 3131 47.
1609 3101 1816 3140 defendebant
1838 3108 1933 3140 susp.
1953 3101 2008 3131 Or.

256 3155 331 3186 Non
355 3154 463 3192 male;
490 3153 595 3186 habet
621 3154 736 3183 tamen
763 3153 924 3184 codicum
950 3153 1142 3193 scriptura,
1169 3160 1238 3192 quo
1262 3150 1478 3182 defendatur.
1502 3168 1535 3172 —
1561 3151 1618 3181 iste
1642 3151 1727 3190 quod
1750 3148 1837 3189 Lgffi
1855 3158 1888 3190 p.
1908 3157 1954 3180 m.
1975 3149 2008 3179 F:

255 3205 353 3236 istum
384 3206 470 3244 quod
493 3206 552 3236 ett.
579 3204 617 3235 O.
647 3219 680 3225 —
718 3202 768 3233 23.
795 3203 854 3233 sibi
878 3203 912 3233 in
935 3211 960 3233 s.
981 3211 1018 3242 p.
1043 3202 1074 3234 Ιι.
1101 3201 1143 3233 4:
1176 3210 1210 3241 p.
1235 3201 1266 3232 h.
1292 3209 1318 3231 s.
1344 3201 1377 3230 in
1401 3209 1426 3230 s.
1453 3200 1514 3230 dtt.
1534 3202 1570 3231 ().
1598 3199 1709 3231 Malim
1736 3202 1852 3230 tamen
1877 3207 1939 3239 pro
1963 3198 2011 3228 his

256 3253 410 3285 scribere
441 3254 491 3285 iis.
521 3271 555 3276 -—
588 3254 641 3284 25.
668 3253 726 3283 hoc
750 3252 786 3290 4,
811 3254 860 3284 N:
894 3261 964 3284 om.
991 3254 1048 3283 ctt.
1085 3270 1119 3274 —-
1155 3252 1207 3282 27.
1238 3250 1435 3290 pe7·vul90ta
1459 3249 1559 3290 vulgo
1585 3249 1663 3281 inde
1689 3258 1707 3280 a
1731 3249 1882 3280 victorio
1907 3246 2006 3288 prob.

257 3303 367 3334 Madv.
394 3303 437 3335 ad
464 3304 532 3335 Fin.
559 3312 592 3344 p.
620 3302 713 3334 4645
734 3303 949 3344 promulgata
973 3302 1085 3341 Lgtez
1117 3304 1300 3341 pervaqala
1324 3301 1382 3332 ctt.
1412 3317 1446 3320 —
1473 3300 1526 3330 ⁶29.
1553 3303 1581 3331 te
1605 3298 1755 3339 Lg42C:
1789 3307 1858 3330 0111.
1885 3297 2007 3338 pleriq.

257 3353 379 3392 codd.;
406 3352 460 3384 alii
485 3355 635 3394 transp.:
661 3356 690 3384 te
707 3357 850 3392 possent.
872 3370 906 3374 -—
933 3353 1008 3384 cedo
1025 3351 1114 3391 Lgta
1128 3351 1200 3384 MN
1223 3360 1230 3381 :
1258 3358 1394 3390 quaeso,
1420 3350 1489 3381 eod.
1509 3349 1685 3389 circumfer
1707 3349 1797 3389 (om.
1818 3348 1904 3388 cedo)
1928 3349 1987 3378 (ιιι.
