2143 3713
228 1648 308 1678 P:

230 2867 311 2898 M:

234 3122 310 3153 Gar.

794 651 848 709 M.
886 649 1071 709 TULLII
1108 647 1408 708 CICERONIS

365 814 678 872 ORATIO
718 813 889 871 PRO
929 817 1005 871 A.
1050 811 1477 871 CLUENTIO
1518 813 1837 871 ΗΑΒΙΤΟ

884 973 968 1013 AD
1014 971 1319 1014 IUDICES.

969 1126 1237 1159 RECOGNOVIT

705 1258 782 1297 10.
814 1258 1132 1298 GEORGIUS
1168 1257 1498 1297 BAI'I'ERUS.

808 1544 1048 1581 NOTARUM
1075 1543 1393 1581 EXPLICATIO.

334 1645 580 1686 Palimpsestus
604 1644 824 1676 Taurinensis
849 1644 940 1684 apud
966 1646 1163 1683 Peyronum
1188 1643 1246 1683 (M.
1275 1644 1367 1674 Tullii
1385 1643 1546 1675 Ciceronis
1569 1644 1753 1675 orationum
1772 1654 1806 1684 p.
1834 1646 1972 1684 Scauro,

332 1706 366 1737 p.
388 1697 487 1728 Tullio
511 1699 539 1725 el
564 1695 595 1725 in
620 1695 766 1726 Clodium
787 1695 975 1734 fragmenta
1000 1694 1120 1724 inedita
1141 1694 1219 1732 cet.)
1243 1703 1275 1734 1).
1296 1694 1356 1724 485
1374 1702 1450 1733 sqq.
1471 1694 1651 1724 continens
1668 1694 1774 1725 verba
1799 1694 1852 1735 55.
1873 1696 1972 1726 Λὴ-Ἲῖ

334 1745 557 1778 Animaduerli
592 1744 712 1775 iudices
735 1753 860 1774 omnem
883 1762 900 1766 -
917 1761 934 1766 -
954 1762 970 1766 -
994 1752 1092 1782 (sicam
1124 1752 1237 1774 ciccum
1260 1743 1426 1774 iudicium.
1477 1742 1718 1783 35-48-2'10
1744 1744 1838 1775 huius
1861 1745 1975 1784 oppri-

334 1796 441 1827 mendi
457 1803 558 1826 causa
573 1811 591 1816 -
608 1811 625 1816 -
642 1810 660 1816 -
675 1794 835 1824 hominem
852 1802 892 1824 (zo
907 1794 1014 1824 minis.
1052 1793 1105 1832 55
1123 1793 1162 1823 32
1174 1809 1207 1813 —
1220 1793 1259 1822 38
1276 1802 1281 1822 t
1311 1794 1439 1831 Quanto
1457 1796 1499 1824 est
1520 1793 1719 1832 Oppianicus
1732 1810 1748 1814 —
1762 1811 1778 1815 —
1791 1811 1808 1815 -
1824 1794 1976 1825 trimnvir

336 1846 543 1875 constituunt.
592 1844 644 1884 55.
672 1843 756 1875 741-
771 1844 831 1875 78:
873 1868 879 1874 .
899 1868 904 1874 .
921 1843 1061 1874 liebalw·
1091 1842 1188 1882 facile
1212 1843 1392 1874 Cannutius
1414 1859 1431 1865 -
1447 1860 1464 1865 -
1481 1860 1498 1864 -
1522 1843 1595 1873 ciliis
1617 1843 1779 1874 nonnullis
1800 1852 1853 1874 sus
1868 1868 1973 1876 .....

337 1895 390 1935 55.
417 1893 574 1926 {ia—94:
615 1919 620 1925 .
641 1919 646 1925 .
666 1894 772 1925 .e›1lio
804 1893 1013 1924 indicabatur
1036 1910 1053 1914 —
1069 1910 1086 1915 -
1106 1910 1122 1915 -
1145 1893 1177 1923 in
1208 1893 1316 1932 fausto
1347 1896 1465 1923 (amen.
1514 1892 1564 1933 55.
1593 1894 1647 1923 401
1665 1894 1794 1924 —4031
1828 1897 1976 1933 suscepta

334 1945 415 1976 sicui
439 1945 471 1975 in
493 1944 608 1975 statuis
630 1962 649 1967 -
664 1962 682 1967 —
698 1962 715 1966 -
739 1944 925 1974 adducet-at
948 1952 1012 1973 uno
1037 1943 1155 1973 iudicio
1180 1942 1266 1972 mul.
1286 1967 1292 1973 .
1342 1942 1596 1982 551129—431
1618 1951 1624 1972 :
1662 1943 1842 1983 iynominia
1865 1952 1977 1982 quem-

334 2002 434 2032 quam
457 2012 476 2017 -
491 2011 509 2016 -
526 2011 543 2016 -
562 1994 723 2034 praeditis
753 1998 837 2025 certe
867 1993 1076 2033 probavisse.
1094 2018 1100 2024 .
1149 1992 1200 2032 55.
1228 1992 1427 2024 Alb—2147:
1458 2017 1464 2024 .
1484 2001 1543 2023 «ne
1566 1993 1633 2033 lnge
1654 1993 1868 2032 copiosissime
1890 2011 1909 2017 -
1925 2011 1943 2016 -
1958 2011 1976 2017 -

333 2044 440 2085 legum
462 2045 598 2084 imperio
622 2047 649 2075 et
669 2044 884 2083 praescripto.

335 2099 472 2131 «Codex
498 2099 579 2131 olim
604 2099 808 2140 salisburgi,
836 2108 926 2131 nunc
951 2100 982 2130 in
1007 2098 1216 2130 bibliotheca
1235 2099 1327 2138 regia
1346 2098 1542 2130 Monacensi
1558 2098 1622 2129 sub
1641 2107 1696 2129 no.
1716 2098 1787 2130 35³²
1803 2103 1974 2139 servatus,

334 2148 452 2181 seculo
476 2149 547 2182 sere
573 2150 709 2182 decimo
734 2150 853 2191 quinto
879 2149 1132 2189 elegantissima
1150 2157 1255 2179 n'lanu
1273 2148 1305 2179 in
1323 2147 1536 2179 membranis
1554 2148 1684 2179 soi-mae
1702 2149 1873 2180 maximae
1891 2158 1976 2181 con-

333 2201 494 2241 scriptus.
542 2199 743 2231 Cluentiana
774 2199 881 2230 oratio
912 2200 1001 2230 inter
1031 2199 1166 2237 triginta
1196 2198 1282 2229 duas
1312 2197 1425 2229 locum
1451 2198 1656 2229 vicesimum
1687 2197 1834 2230 alterum
1858 2200 1973 2231 tenet:

335 2250 397 2281 sed
428 2259 470 2281 ex
500 2248 640 2290 reliquis
665 2249 845 2287 omnibus,
879 2250 1045 2288 quantum
1071 2247 1183 2279 obiter
1208 2256 1267 2279 eos
1292 2247 1530 2288 percurrendo
1554 2247 1722 2286 intellexi,
1756 2247 1810 2278 vix
1834 2247 1900 2279 ulla
1924 2249 1976 2280 in-

336 2300 470 2340 signem
499 2300 701 2331 varietatem
730 2299 909 2339 praebet.»
937 2300 1093 2329 Crassmv.
1140 2298 1201 2336 (M.
1238 2298 1269 2329 T.
1303 2297 1336 2329 C.
1370 2306 1419 2328 or.
1441 2306 1477 2336 p.
1503 2297 1539 2328 Α.
1567 2298 1612 2329 Cl.
1636 2298 1754 2329 Habito
1781 2306 1901 2330 recens.
1925 2299 1971 2330 Io.

337 2349 477 2380 Classen.
508 2350 645 2380 Bonnae
671 2348 778 2387 4834.)
815 2348 998 2386 Codieem‚
1033 2348 1090 2388 qui
1122 2348 1213 2379 idem
1239 2349 1291 2379 cst
1315 2356 1420 2388 quem
1444 2356 1548 2389 supra
1577 2348 1610 2379 in
1635 2357 1686 2380 or.
1712 2357 1746 2389 p.
1772 2349 1871 2380 Rosc.
1896 2350 1974 2380 Am.

336 2400 370 2430 et
394 2408 426 2439 p.
454 2399 548 2430 Font.
575 2398 814 2438 adhibuimus,
842 2398 968 2429 iterum
993 2396 1136 2428 eontulit
1160 2398 1318 2428 HALMius.

337 2453 480 2485 «Codex
516 2455 808 2486 membranaceus
844 2454 952 2486 forma
988 2453 1018 2485 4.
1045 2454 1140 2492 mai,
1177 2455 1209 2484 in
1240 2452 1449 2484 bibliotheca
1478 2454 1702 2485 Laurentiano
1734 2463 1767 2486 n.
1794 2455 1844 2486 42.
1870 2453 1976 2496 plutei

336 2504 492 2543 XLV111.‚
523 2506 662 2545 Lagom.
690 2514 722 2535 n.
751 2506 800 2535 42.
849 2505 990 2535 Praeter
1021 2505 1175 2534 nostram
1207 2503 1362 2535 sedecim
1394 2503 1568 2535 Ciceronis
1604 2504 1777 2536 orationes
1802 2505 1973 2544 continet,

337 2553 399 2586 sed
430 2553 556 2586 nullam
587 2556 783 2586 ceterarum
807 2552 1023 2585 memorabili
1056 2552 1202 2584 lectione
1227 2554 1408 2593 insignem.
1456 2554 1554 2584 llunc
1578 2553 1735 2585 codicem
1758 2553 1976 2593 Lagomarsi-

337 2605 413 2636 nius
437 2614 468 2636 a.
495 2604 589 2636 4748.
615 2603 648 2635 d.
674 2606 758 2644 Aug.
784 2604 835 2635 ⁶22.
863 2602 1023 2641 contulit,
1061 2603 1155 2643 quod
1180 2604 1253 2644 ipse
1278 2606 1357 2634 nota
1382 2604 1415 2634 in
1440 2602 1516 2634 libri
1540 2603 1650 2634 fronte
1675 2604 1848 2644 apposita,
1882 2605 1919 2635 ut
1942 2604 1975 2634 in

338 2654 500 2687 omnibus
532 2654 646 2686 facere
679 2654 873 2692 consuevit,
910 2654 1087 2685 testatur.»
1114 2654 1269 2684 CLAssEN.
1312 2654 1357 2684 lix
1389 2653 1514 2684 codem
1545 2661 1613 2692 quo
1638 2654 1658 2683 S
1684 2653 1774 2684 sonte
1799 2653 1975 2685 derivatus

337 2707 408 2744 est,
434 2705 496 2737 sed
521 2704 574 2736 illo
600 2704 801 2736 mendosius
825 2704 974 2744 scriptus
999 2705 1032 2734 et
1060 2704 1363 2744 praetermissione
1390 2702 1602 2743 singularum
1626 2711 1751 2734 vocum
1777 2703 1928 2742 insignis.

335 2761 452 2793 Codex
476 2759 558 2792 olim
581 2760 811 2792 bibliothecae
836 2762 868 2791 5,
888 2759 1141 2791 Bai-tholomaei
1159 2758 1308 2791 Faesulis
1332 2760 1420 2790 inter
1440 2757 1647 2790 Faesulanos
1663 2758 1755 2799 apud
1772 2758 1975 2790 Bandinium

338 2820 370 2842 n.
397 2811 484 2849 487„
511 2812 649 2850 Lagom.
677 2811 721 2849 4.,
747 2809 1039 2841 membranaceus
1064 2818 1134 2841 see.
1161 2809 1287 2840 decimi
1312 2809 1438 2849 quinti,
1465 2807 1666 2839 lacunarum
1691 2808 1865 2839 immunis.

339 2866 608 2898 “Laurentianus
633 2865 716 2906 plut.
735 2867 785 2896 LI.
813 2875 845 2896 n.
866 2866 935 2903 40„
963 2866 1102 2903 Lagom.
1131 2864 1197 2903 64Ἷ
1224 2863 1514 2895 membranaceus
1540 2863 1646 2894 seculi
1670 2863 1864 2902 undecimi,
1890 2863 1972 2894 cha-

338 2916 531 2947 racteribus
557 2915 842 2955 Langobardicis,
870 2916 977 2946 forma
1003 2915 1032 2947 li.
1076 2917 1216 2946 Praeter
1239 2915 1280 2945 M.
1308 2914 1455 2945 Terentii
1478 2914 1640 2945 Varronis
1664 2913 1768 2945 libros
1793 2914 1835 2944 (lo
1861 2912 1974 2951 lingua

338 2967 453 2997 Latina
480 2967 656 2997 Ciceronis
680 2966 872 2997 orationem
897 2964 1136 2996 Cluentianam
1162 2966 1195 2995 et
1220 2963 1399 2995 Rhetorica
1423 2963 1467 2994 ad
1492 2964 1703 2995 Herennium
1721 2964 1881 2994 continet.
1913 2963 1974 2993 llic

337 3013 426 3046 liber
448 3017 602 3046 omnium
626 3016 885 3056 antiquissimus
909 3014 1000 3045 haud
1025 3014 1129 3045 (lubic
1154 3022 1216 3054 pro
1242 3012 1332 3044 fonte
1357 3012 1538 3045 habendus
1560 3015 1612 3044 est
1628 3021 1770 3052 eorum,
1796 3013 1829 3043 in
1846 3011 1973 3052 quibus

341 3065 487 3097 eaedem
511 3064 654 3096 lacunae
681 3065 761 3104 [vid.
787 3066 817 3105 5.
846 3065 917 3095 1102.
945 3064 1016 3095 427.
1045 3063 1116 3094 440.
1144 3063 1232 3102 1176]
1256 3064 1457 3102 apparent.»
1485 3064 1639 3094 Cmssnu.

327 3122 346 3152 ἱ)
372 3132 404 3142 =
430 3121 541 3153 Curae
565 3121 740 3152 secundae
766 3122 867 3161 Gasp.
895 3120 1066 3150 Garatonii
1090 3118 1252 3150 ineditae.

319 3177 367 3209 De
391 3175 582 3209 litterarum
606 3174 781 3209 *MRALQ
797 3176 820 3207 O
845 3175 1092 3216 significatione
1116 3174 1194 3206 vide
1219 3182 1323 3214 supra
1346 3182 1379 3214 p.
1406 3173 1480 3206 5¹7.
