2143 3713
267 203 347 246 454
712 209 1134 251 SUPPLEMENTUM
1161 210 1557 252 ADNOTATIONIS

269 316 334 339 nec
358 308 471 339 minus
495 306 615 340 salsam
639 306 740 339 aliam
764 308 939 348 abfuerunt
962 309 997 339 et
1019 307 1223 348 adfuerunt),
1250 317 1336 349 quos
1353 317 1416 349 ego
1442 317 1483 340 ex
1507 309 1621 340 nostra
1647 308 1796 340 editione
1812 308 2001 341 sustuli.—

268 362 321 395 24.
348 363 474 394 aditum
495 364 531 394 in
551 364 603 394 ius
624 372 714 395 unus
731 364 885 403 Lagom.,
911 363 974 395 sed
998 364 1170 395 incertum
1187 364 1282 403 quis;
1309 372 1389 395 nam
1406 372 1571 395 numerus
1588 363 1782 404 adscriptus
1799 363 1837 394 47
1856 363 1910 404 (an
1926 364 2000 404 272)

270 417 373 449 falsus
403 420 467 450 est.
515 420 603 451 Cum
627 419 810 451 Vaticanus
841 418 989 450 habeat:
1026 422 1201 457 antequam
1223 419 1348 450 aditum
1372 419 1575 458 postulatum
1597 419 1631 449 in
1652 419 1704 449 ius
1725 421 1820 457 esset,
1855 418 1934 450 vide
1958 428 2002 451 ne

269 477 445 512 antequam
467 474 610 513 aditum,
635 478 812 514 antequam
829 477 913 513 post.
941 474 975 505 in
997 474 1048 504 ius
1062 477 1154 511 esset,
1180 473 1406 506 scribendum
1431 475 1490 512 sit;
1521 475 1637 515 potest
1658 475 1776 505 tamen
1799 474 1833 505 in
1856 472 2002 506 lectione

269 528 484 570 palimpsesti
504 530 705 569 postulatum
728 531 889 570 supinum
916 537 1005 561 esse.
1030 547 1073 552 ——
1108 529 1159 560 27.
1186 538 1217 560 se
1239 539 1271 560 n.
1294 521 1373 562 Ἦ.
1393 531 1513 561 dedisse
1536 530 1585 561 sic
1608 528 1648 561 42
1673 538 1706 570 p.
1731 547 1773 552 -
1799 529 1852 561 28.
1878 529 2003 570 abisset]

269 583 390 616 abesset
411 585 561 617 Brunnio
584 586 699 626 potius
721 585 755 616 in
781 585 808 615 V
831 594 936 625 quam
960 585 1074 616 abisset
1096 584 1233 615 videtur
1257 587 1402 618 exstare.
1421 604 1464 609 —
1486 586 1538 618 28.
1565 585 1607 616 ab
1629 593 1694 617 sese
1713 585 1740 616 V
1764 594 1871 617 corr.:
1897 585 2006 617 adesse

270 641 297 671 V
319 649 372 681 pr.
399 649 464 678 m.;
490 640 597 672 abesse
619 640 659 673 42
682 649 716 681 p.
741 659 785 663 —
806 641 859 672 29.
884 641 1059 672 hereditate
1082 649 1151 671 om.
1178 639 1218 671 42
1242 648 1275 681 p.

355 704 432 736 pag.
459 696 532 728 495.
557 705 589 728 v.
616 697 647 727 4.
672 699 815 727 actorem
839 695 879 728 42
903 705 938 736 p.
958 713 992 718 -
1019 696 1049 727 3.
1077 695 1254 736 nummum]
1279 705 1344 727 non
1366 696 1406 729 42
1431 706 1463 738 p.
1489 714 1524 719 —
1546 696 1750 736 percrebruit
1772 695 1879 728 habet
1901 697 2004 728 etiam

268 752 308 783 V.
327 769 362 773 —
388 753 419 784 5.
445 752 693 790 Syracusanam
716 752 744 782 V
767 751 942 788 distincte;
968 751 1076 784 verba
1101 760 1190 792 quae
1215 752 1426 784 antecedunt
1448 754 1481 784 in
1506 753 1582 784 cod.
1603 752 1704 793 plane
1721 753 1949 784 evanuerunt.
1967 769 2001 775 —

270 807 322 838 42.
348 807 388 838 ab
410 807 479 847 ipso
502 806 542 839 42
565 816 598 848 p.
632 825 666 829 —
705 806 755 839 44.
782 816 847 846 qua
869 808 904 838 in
926 816 962 838 re
984 808 1083 847 ipsius
1106 816 1175 839 om.
1202 807 1255 839 42.
1289 825 1323 830 —
1362 809 1413 840 46.
1440 810 1518 840 anie
1546 808 1826 840 animadvertisset
1848 808 1881 839 in
1905 806 1946 839 42
1969 815 2003 848 p.

268 862 310 894 ηδ
340 863 526 904 repetitum
557 864 620 895 est.
649 880 682 884 —
716 863 767 894 49.
793 862 830 893 ob
859 866 950 894 tuum
973 864 1134 894 decretum
1156 871 1226 894 om.
1252 863 1293 895 42
1317 872 1351 904 p.
1377 865 1500 902 Recte;
1535 873 1567 896 v.
1594 865 1729 905 Zumpt.
1757 881 1793 886 —
1827 863 1880 894 23.
1906 871 2006 903 quam

269 923 459 950 conventum
481 918 522 950 42
545 926 579 959 p.
608 936 642 941 —
674 917 727 949 24.
753 918 806 949 secl
836 919 908 958 quis
935 918 1014 949 liber
1047 918 1134 949 debet
1156 920 1300 958 aspicere
1321 924 1406 951 recle
1425 923 1536 959 postea
1559 919 1598 951 42
1623 929 1656 960 p.
1686 936 1718 943 —
1746 919 1799 951 25.
1825 927 1890 950 esse
1911 921 2006 950 tanta

271 974 312 1007 42
328 983 361 1015 p.
382 992 416 996 —
442 975 495 1006 26.
521 977 625 1005 tecum
647 973 820 1005 collusisset
844 982 907 1005 nos
932 974 1153 1013 reduximus,
1179 983 1241 1015 pro
1265 977 1368 1006 tecum
1391 978 1458 1006 tum
1480 976 1566 1013 coll..
1592 975 1685 1016 quod
1703 974 1797 1006 dedit
1812 975 2002 1016 Zumptius.

271 1029 369 1068 Quod
393 1031 486 1062 enim
510 1030 556 1061 ait
578 1033 682 1061 tecum
704 1033 772 1060 tum
795 1030 828 1061 in
852 1028 1027 1070 plerisque
1051 1029 1146 1061 libris
1170 1038 1266 1068 esse,
1291 1031 1324 1062 in
1350 1040 1389 1062 ea
1413 1040 1451 1062 re
1473 1039 1511 1063 se
1528 1040 1663 1062 errasse
1680 1032 1753 1071 ipse
1770 1030 1907 1062 videtur
1922 1038 2005 1062 sen-

269 1085 356 1117 sisse
381 1094 414 1126 p.
440 1085 535 1117 4029.
563 1102 598 1107 --
623 1084 676 1117 29.
702 1084 761 1126 Αη]
787 1086 831 1116 ad
846 1084 906 1123 423
933 1085 1009 1117 sort.
1035 1089 1087 1123 at,
1114 1088 1150 1116 ut
1173 1086 1350 1127 Zumptius
1366 1086 1459 1118 vidit.
1482 1104 1515 1108 —
1542 1086 1594 1118 30.
1620 1086 1841 1125 imprudenter
1857 1085 1898 1118 42
1915 1094 1948 1127 p.

356 1149 435 1182 pag.
461 1141 534 1172 496.
559 1149 592 1172 ν.
620 1141 650 1172 4.
675 1142 846 1181 compet-tit
868 1140 908 1173 42
932 1149 966 1182 p.
994 1159 1028 1163 —-
1057 1141 1087 1172 3.
1113 1142 1170 1182 his]
1195 1143 1222 1172 is
1245 1142 1283 1179 V,
1310 1142 1330 1173 i.
1352 1151 1382 1174 e.
1407 1143 1465 1181 iis,
1491 1142 1583 1182 quod
1608 1141 1862 1173 restituendum
1887 1144 1950 1174 est.
1966 1158 2001 1163 -—

269 1195 302 1228 4.
322 1195 466 1237 venerat]
491 1197 559 1227 «Im
577 1197 647 1228 Vat.
673 1197 753 1228 steht
775 1197 912 1234 anders‚·
938 1197 975 1228 ob
998 1206 1060 1227 aus
1080 1198 1232 1229 Versehen
1254 1200 1467 1229 vevenerat‘?
1489 1198 1572 1229 Aber
1594 1198 1676 1228 auch
1700 1206 1755 1228 am
1776 1197 1867 1229 Ende
1887 1197 2008 1228 scheint

269 1253 329 1283 das
349 1252 414 1292 fast
436 1252 616 1284 erloschene
633 1252 727 1284 Wort
749 1253 896 1293 lauaem»
921 1253 1105 1284 Brunnius.
1128 1271 1162 1275 —
1189 1254 1220 1285 5.
1247 1254 1427 1293 adpellatus
1442 1254 1480 1285 V.
1501 1271 1535 1275 —
1563 1254 1593 1285 9.
1620 1253 1727 1284 iubeat
1750 1252 1857 1284 habet
1872 1253 1912 1292 V,
1938 1261 2006 1285 non

268 1307 408 1346 iuberet,
434 1309 471 1339 ut
493 1307 680 1340 affirmavit
702 1309 822 1340 Maius.
850 1326 884 1330 ——
912 1309 1017 1340 dicere
1041 1317 1110 1340 om.
1137 1309 1176 1341 42
1203 1318 1234 1350 p.
1258 1328 1291 1332 —
1319 1310 1370 1341 40.
1393 1310 1500 1340 emtus
1522 1310 1628 1340 nultus
1643 1308 1887 1349 repperiebatur
1902 1309 2007 1341 etiam

269 1364 308 1396 V.
336 1363 454 1402 (Maius
478 1364 629 1403 erravit.)
649 1381 684 1385 -—
712 1364 763 1396 42.
789 1364 908 1395 iudicio
931 1373 962 1396 se
982 1374 1136 1404 passuros
1154 1365 1191 1396 V.
1220 1366 1307 1396 Cum
1331 1364 1455 1396 locutio
1479 1365 1598 1396 iudicio
1617 1366 1690 1404 pati
1714 1365 1816 1396 etiam
1833 1365 1888 1396 111.
1906 1374 1937 1396 c.
1951 1365 2004 1396 28.

269 1419 389 1451 codice
413 1419 577 1451 Vaticano
602 1421 637 1451 et
659 1420 738 1460 Lag.
764 1419 804 1452 42
829 1420 1071 1458 confirmetur,
1098 1429 1162 1452 nec
1186 1419 1284 1452 aliter
1308 1421 1424 1460 optimi
1444 1420 1545 1452 codd.
1565 1421 1665 1452 inor.
1685 1421 1886 1458 Quinctiana
1903 1420 1933 1461 S.
1951 1420 2003 1452 87.

269 1475 439 1513 habeant,
471 1475 538 1507 hoo
570 1475 713 1507 sontium
743 1484 915 1508 consensu
947 1479 1142 1508 commotus
1165 1475 1294 1507 Theod.
1322 1477 1587 1508 Mommsenium
1611 1476 1654 1507 de
1680 1485 1717 1507 re
1742 1474 1916 1514 consului,
1948 1476 2007 1516 qui

269 1532 357 1563 haec
380 1531 578 1572 rescripsit:
605 1532 672 1562 «Im
688 1531 977 1572 Sprachyebrauch
1000 1533 1056 1563 der
1071 1532 1246 1563 Pandeclen
1272 1532 1310 1562 ist
1334 1532 1499 1563 iudicium
1518 1532 1584 1572 pati
1600 1531 1698 1571 vollig]
1713 1531 1884 1572 yesichert;
1909 1531 2007 1563 allein

268 1588 319 1619 ich
340 1588 443 1619 meine
464 1588 523 1618 mit
544 1588 660 1626 Ihnen,
687 1588 760 1618 dass
782 1596 814 1618 es
835 1588 1023 1628 unzulassiq
1046 1587 1104 1626 sci,
1131 1588 1199 1618 cine
1221 1588 1314 1618 Reilze
1332 1587 1671 1618 ubet-einstimmender
1692 1587 1809 1618 Stellen
1831 1596 1874 1618 zu
1895 1587 2007 1619 korri-

268 1644 372 1684 giren.
397 1642 560 1674 Erklc't'ren
583 1642 659 1674 la'sst
681 1643 746 1674 sich
769 1644 826 1674 der
841 1643 1129 1683 Sprachgyebrauch
1152 1652 1238 1683 qauz
1260 1643 1364 1679 aoht,-
1382 1644 1423 1682 Ja
1446 1643 1495 1673 ich
1518 1651 1605 1673 muss
1619 1651 1736 1682 saqen,
1761 1643 1835 1674 dass
1851 1643 1908 1674 der
1920 1643 2005 1674 Aus-

269 1698 371 1730 druck
400 1698 566 1730 iudicium
596 1698 666 1739 pati
692 1699 758 1729 mir
785 1699 899 1730 immer
925 1699 1103 1730 sonderbar
1130 1699 1375 1739 vorgyelsommen
1404 1699 1462 1735 ist:
1499 1698 1581 1729 demi
1609 1707 1687 1728 man
1717 1701 1790 1738 sa9t
1821 1699 1899 1730 doch
1921 1699 2007 1730 nicht

269 1755 401 1786 crimen
425 1755 511 1796 pati,
535 1754 623 1786 nicht
645 1755 765 1786 einmal
787 1755 1042 1786 accusationem
1066 1755 1154 1795 pam
1180 1763 1347 1795 poenam,
1373 1752 1579 1794 supplicium
1597 1754 1667 1794 pati
1684 1754 1919 1785 istwesentlich
1931 1763 2006 1786 oer-

268 1811 423 1842 schieden.
458 1810 513 1842 Ich
534 1810 651 1849 denke,
683 1810 745 1841 wie
775 1819 879 1850 agere
902 1810 1037 1851 klayen,
1071 1811 1163 1842 heisst
1194 1811 1262 1851 pati
1293 1810 1418 1850 beklaqt
1440 1810 1588 1848 stt-erden,
1621 1810 1688 1840 und
1709 1809 1826 1840 Iconnte
1847 1810 2007 1841 entweder

268 1866 394 1897 absolut
416 1865 537 1905 slehen,
568 1866 631 1897 wie
652 1874 687 1907 p.
714 1866 848 1904 Quinct.
875 1874 905 1898 e.
930 1867 984 1898 20.
1011 1865 1107 1906 (nach.
1131 1867 1190 1897 den
1212 1865 1427 1905 Handschr.),
1462 1866 1554 1903 oder,
1585 1865 1647 1896 wie
1670 1864 1796 1896 iudicio
1820 1873 1942 1906 agere,
1973 1874 2007 1897 so

267 1922 384 1954 lconnte
414 1922 498 1953 auch
526 1921 652 1953 iudicio
676 1922 745 1963 pati
771 1925 883 1963 ⁴(sesaqt
906 1922 1047 1954 werden.
1074 1921 1241 1953 Iudicium
1266 1922 1334 1962 pati
1357 1925 1449 1952 ware
1472 1922 1559 1952 daun
1583 1922 1708 1952 daraus
1730 1921 1832 1951 durch
1852 1921 2008 1953 Missver-

266 1977 428 2010 standniss
454 1977 608 2016 entstellt,
638 1978 701 2009 wie
729 1978 927 2019 derqleichen
954 1978 988 2009 in
1022 1978 1079 2009 der
1101 1978 1297 2009 technischen
1320 1977 1464 2017 Sprache
1486 1977 1691 2008 humlertmal
1712 1977 1911 2015 vorkommt,
1946 1978 2009 2010 wie

267 2042 298 2065 z.
324 2033 361 2065 Β.
388 2032 559 2064 condictio
583 2042 688 2065 causa
712 2033 789 2065 data
813 2043 846 2065 u.
869 2043 894 2065 s.
914 2043 977 2065 w.»
1006 2052 1040 2056 —
1068 2033 1119 2065 43.
1146 2034 1281 2065 consilia
1304 2033 1409 2064 habet
1433 2033 1472 2064 V.
1501 2051 1536 2055 —
1564 2034 1614 2064 45.
1641 2041 1662 2063 a
1686 2032 1763 2074 qua]
1788 2036 1886 2073 atque
1907 2032 1947 2065 42
1971 2042 2005 2074 p.

270 2106 304 2110 —
334 2089 384 2120 46.
410 2098 450 2120 ne
471 2088 548 2129 qua]
583 2088 811 2120 Scribendum
842 2091 893 2121 est
924 2090 956 2120 in
986 2089 1174 2120 verborum
1207 2091 1368 2120 contextu
1393 2098 1468 2119 neve
1497 2088 1543 2127 (ut
1568 2089 1672 2120 etiam
1694 2089 1724 2119 V
1747 2090 1835 2120 teste
1859 2089 2007 2120 Brunnio

268 2143 405 2183 habet),
432 2153 511 2175 cum
537 2153 628 2176 nunc
653 2144 796 2176 demum
822 2144 958 2176 videam
982 2145 1240 2176 adnotationem
1259 2145 1414 2177 criticam
1432 2144 1475 2174 oh
1493 2143 1604 2175 levem
1623 2143 1875 2184 negligentiam,
1901 2152 2006 2184 quam

269 2199 367 2231 Nieb.
393 2200 426 2231 in
451 2200 605 2240 margine
631 2201 804 2232 commisit
828 2200 935 2240 (cuius
960 2202 1008 2232 rei
1034 2200 1229 2233 Clas-senius
1254 2201 1350 2232 testis
1375 2201 1466 2239 erit,
1502 2209 1519 2230 a
1548 2209 1604 2231 me
1630 2208 1696 2231 non
1721 2201 1815 2231 recte
1840 2201 2006 2231 mutatam

270 2264 360 2287 esse.
397 2256 444 2286 Ea
477 2256 526 2287 sic
557 2255 757 2295 refingenda
789 2258 860 2287 cst:
894 2266 952 2288 «ne
975 2258 1060 2296 quod
1091 2257 1244 2288 iudicium
1268 2256 1295 2286 V
1320 2258 1351 2287 et
1376 2255 1416 2287 42
1440 2265 1492 2296 pr.
1520 2264 1587 2287 nr:
1612 2264 1651 2286 ue
1674 2256 1758 2295 quod
1780 2264 1899 2287 nov-um
1920 2255 2009 2286 iudi-

269 2312 356 2342 cium
379 2310 480 2342 codd.
507 2310 581 2342 rell.
608 2312 643 2342 et
667 2312 704 2342 Ο.
734 2329 767 2333 —-
800 2320 876 2343 neve
899 2312 926 2342 V
950 2314 985 2343 et
1008 2313 1126 2352 Lagg.:
1160 2322 1262 2351 neque
1292 2311 1421 2352 aliquot
1445 2311 1523 2343 edd.
1550 2312 1653 2349 x·ett.;
1688 2320 1728 2343 ne
1750 2320 1816 2351 qua
1839 2311 1864 2343 Ο
1888 2313 2008 2343 contra

271 2366 395 2398 codd.»
422 2384 457 2388 —
491 2367 543 2398 49.
569 2366 695 2405 aliquid
716 2367 750 2398 id
773 2368 858 2405 quod
880 2367 919 2399 42
946 2377 978 2408 p.
1008 2386 1042 2390 —-
1076 2369 1126 2399 22.
1152 2369 1356 2399 simulatione
1379 2368 1406 2398 V
1431 2376 1510 2399 cum
1536 2376 1566 2398 m
1590 2376 1667 2408 sup.
1693 2376 1742 2399 ne.
1770 2385 1807 2390 —
1842 2367 2009 2399 revertisse

269 2423 296 2454 si
317 2422 418 2454 multo
442 2422 540 2454 etiam
560 2423 665 2462 pluris
687 2421 727 2454 42
751 2431 784 2463 p.
820 2441 853 2445 —
885 2423 937 2455 23.
964 2424 1152 2455 destiterant
1176 2423 1215 2455 42
1240 2433 1272 2464 p.
1309 2442 1343 2446 —
1375 2424 1427 2455 25.
1454 2424 1521 2454 illa.
1548 2433 1580 2454 η.
1606 2432 1631 2454 s.
1657 2424 1694 2462 O.
1719 2423 1812 2454 milia
1834 2423 1884 2455 sic
1907 2423 1948 2455 42
1971 2432 2004 2464 p.

270 2479 472 2518 (Numerus,
505 2486 609 2518 quem
642 2477 748 2509 habet
779 2479 885 2510 Maius
914 2480 978 2511 Im..
1006 2488 1072 2511 non
1098 2481 1150 2511 est
1174 2480 1207 2511 in
1231 2479 1308 2511 cod.
1334 2480 1424 2517 Vat.‚
1450 2478 1511 2510 sed
1537 2477 1646 2519 qualis
1670 2477 1772 2518 alius,
1803 2487 1870 2510 non
1894 2480 2009 2520 potest

270 2533 454 2574 extricari.)
480 2550 515 2555 —-
549 2534 602 2566 25.
626 2532 755 2576 ANNI}
778 2535 856 2573 QVA
880 2535 920 2573 V,
954 2537 990 2566 ut
1013 2535 1167 2570 videtur:
1202 2534 1327 2566 deinde
1352 2537 1430 2566 ante
1457 2545 1488 2564 00
1512 2535 1694 2574 vestigium
1718 2533 1860 2566 alicuius
1885 2534 2008 2566 ductus

270 2591 432 2630 apparet3
458 2598 573 2630 neque
598 2591 677 2621 nota
701 2590 836 2621 numeri
859 2590 892 2621 Io
916 2591 1068 2622 Brunnio
1093 2593 1162 2622 tam
1187 2591 1370 2632 perspicua
1388 2590 1543 2629 videtur⁷
1571 2599 1675 2630 quam
1692 2591 1779 2621 Maio
1794 2591 1867 2621 visa
1885 2591 1948 2622 est.
1970 2606 2004 2613 —

270 2646 323 2677 27.
353 2646 465 2677 Verres
487 2645 565 2677 haec
596 2654 680 2684 quae
702 2646 772 2676 diri
795 2649 830 2676 ut
862 2647 966 2687 gratis
987 2647 1079 2686 sacta
1102 2648 1275 2678 videantur
1298 2655 1361 2677 esse
1384 2645 1423 2677 42
1449 2655 1481 2686 p.
1515 2646 1558 2685 (in
1582 2646 1610 2675 V
1631 2646 1722 2685 facta
1745 2654 1822 2686 sup.
1847 2644 1904 2677 lin.
1930 2647 2007 2686 est.)

275 2718 309 2723 —-
336 2700 390 2733 29.
415 2701 566 2732 miserias
588 2701 628 2732 V.
656 2718 689 2722 —
717 2700 769 2732 32.
796 2702 904 2739 quoad
928 2703 962 2733 L.
988 2702 1143 2743 Metellus]
1169 2702 1252 2734 salsa
1277 2702 1379 2733 tradit
1403 2702 1444 2733 dc
1470 2701 1546 2733 cod.
1567 2701 1618 2733 42.
1645 2702 1822 2742 Zumptius
1844 2710 1879 2742 p.
1898 2702 2006 2738 4030.;

272 2755 379 2788 habet
402 2755 456 2787 ille
480 2765 533 2797 pr.
561 2764 607 2788 m.
634 2764 707 2787 cum
729 2757 765 2787 L.
790 2757 953 2797 Metellus,
978 2767 1049 2789 sec.
1077 2767 1123 2790 m.
1149 2767 1287 2797 cumque
1309 2758 1344 2789 L.
1369 2758 1444 2789 Met.
1473 2759 1697 2797 (praenomen
1716 2758 1751 2789 L.
1778 2756 1884 2788 habet
1898 2756 1951 2797 V.)
1970 2774 2004 2778 —

270 2812 348 2853 tum]
375 2815 481 2843 tamen
505 2811 545 2843 42
568 2820 602 2852 p.

357 2876 435 2909 pag.
463 2867 536 2899 497.
568 2876 601 2899 v,
629 2868 658 2898 4.
693 2868 726 2898 in
758 2869 903 2908 utrisque
926 2868 953 2899 V
978 2871 1011 2900 et
1034 2868 1123 2909 Lg42
1148 2878 1195 2909 p.‚
1230 2868 1307 2900 sort.
1334 2870 1439 2899 recte.
1469 2887 1502 2891 —
1529 2869 1560 2899 2.
1586 2869 1647 2900 nisi
1671 2869 1755 2908 quod
1776 2867 1883 2900 hahet
1903 2868 1949 2906 V,
1975 2868 2008 2899 et

272 2923 400 2955 deinde
419 2926 544 2962 poteret
568 2931 658 2955 corr.
684 2923 717 2955 in
737 2927 880 2963 poterat.
898 2942 933 2947 -
959 2925 1076 2955 inritas
1097 2925 1219 2964 faceret
1241 2923 1426 2955 Heraclium
1450 2924 1573 2955 restitui
1596 2924 1700 2955 habet
1716 2924 1756 2962 V,
1780 2925 1818 2954 ut
1841 2924 1894 2955 est
1916 2923 2009 2964 apud

272 2980 410 3010 Maium.
440 2997 473 3000 —
507 2979 538 3010 7.
565 2979 697 3018 quidam
721 2979 760 3011 42
786 2989 818 3021 p.
847 2997 881 3001 —
916 2981 946 3011 8.
972 2980 1093 3019 census]
1123 2987 1297 3018 censusque
1319 2979 1396 3010 cod.
1424 2980 1583 3019 quidam,
1613 2981 1710 3011 euius
1734 2987 1919 3010 numerum
1942 2980 2008 3011 La-

272 3043 363 3074 gom.
391 3033 591 3066 adscribere
616 3035 740 3066 omisit.
768 3053 801 3057 —
830 3036 881 3066 40.
907 3035 974 3076 lege
994 3038 998 3073 Ι
1019 3036 1150 3066 dixerat
1175 3035 1211 3066 V.
1232 3052 1266 3056 —
1296 3034 1346 3066 43.
1373 3035 1452 3066 LAE
1473 3037 1476 3071 Ι
1500 3036 1588 3066 Tlt'S
1610 3036 1648 3067 V.
1671 3053 1704 3057 —
1731 3035 1783 3066 45.
1809 3024 2006 3074 εὸρίανεεν.

275 3107 309 3112 -
335 3099 437 3121 unam
465 3090 584 3121 domito
613 3091 805 3122 immutarat
835 3094 935 3122 totum
961 3092 1119 3123 hominem
1148 3090 1188 3123 42
1213 3099 1265 3131 p.;
1302 3089 1374 3121 rell.
1406 3091 1522 3131 Lagg„
1555 3092 1657 3123 etiam
1687 3091 1745 3128 29,
1781 3090 1914 3123 habent
1939 3101 2008 3123 una

274 3146 318 3185 (in
341 3145 369 3176 V
385 3147 438 3177 est
459 3154 562 3176 unam
583 3148 618 3196 at
641 3147 769 3177 domum
793 3155 877 3185 quae
901 3147 994 3185 cet.).
1024 3164 1057 3168 -
1093 3148 1144 3178 47.
1170 3147 1335 3177 «ιηὲναηίιιν
1358 3155 1464 3177 omnes
1487 3147 1544 3177 hoc
1567 3150 1596 3178 et
1618 3150 1725 3178 tamen
1747 3147 1885 3185 denique
1906 3146 1947 3179 42
1970 3156 2004 3189 p.

276 3219 311 3223 —
337 3201 388 3233 49.
415 3202 470 3241 qui
491 3205 642 3241 poterant
664 3202 811 3233 Letillum
835 3201 874 3234 42
900 3212 933 3243 p.
960 3219 995 3224 —
1022 3203 1075 3233 21.
1095 3202 1298 3233 laudationes
1321 3201 1425 3232 hahet
1451 3202 1488 3232 V.
1518 3219 1551 3223 -
1588 3202 1640 3233 23.
1668 3205 1866 3243 pugnassent
1888 3201 1941 3234 42.
1969 3220 2004 3225 -

273 3257 325 3288 27.
351 3266 477 3288 mecum
499 3257 648 3289 decedere
670 3257 776 3290 habet
797 3259 837 3297 V,
862 3260 971 3289 recte.
1000 3275 1033 3279 —
1061 3258 1113 3289 29.
1139 3255 1356 3296 (μιοάἰάὄηιϋιὶ
1379 3257 1417 3288 V.
1447 3274 1481 3278 —
1509 3258 1559 3288 31¹.
1584 3257 1737 3289 veniundi
1760 3258 1798 3289 V.
1828 3273 1863 3281 —
1890 3258 1942 3291 32.
1966 3257 2007 3288 iis

275 3311 406 3344 habent
429 3312 480 3345 44.
505 3312 558 3345 27.
584 3312 638 3345 29.
664 3312 717 3345 42.
