<?xml version="1.0" encoding="UTF-8"?>
<!DOCTYPE html PUBLIC "-//W3C//DTD XHTML 1.0 Transitional//EN"
    "http://www.w3.org/TR/xhtml1/DTD/xhtml1-transitional.dtd">
<html xmlns="http://www.w3.org/1999/xhtml" xml:lang="en" lang="en">
 <head>
  <title>
</title>
<meta http-equiv="Content-Type" content="text/html;charset=utf-8" />
  <meta name='ocr-system' content='tesseract 3.04.00' />
  <meta name='ocr-capabilities' content='ocr_page ocr_carea ocr_par ocr_line ocrx_word'/>
</head>
<body>
  <div class='ocr_page' id='page_1' title='image "./p1operaquaesupersu02ciceuoft_0507.png"; bbox 0 0 2143 3713; ppageno 0'>
   <div class='ocr_carea' id='block_1_1' title="bbox 689 213 1907 272">
    <p class='ocr_par' dir='ltr' id='par_1_1' title="bbox 689 213 1907 272">
     <span class='ocr_line' id='line_1_1' title="bbox 689 213 1907 272; baseline -0.004 -11"><span class='ocrx_word' id='word_1_1' title='bbox 689 219 785 261; x_wconf 67' lang='lat' dir='ltr'>cn.</span> <span class='ocrx_word' id='word_1_2' title='bbox 815 218 1084 260; x_wconf 62' lang='lat' dir='ltr'>xn--xnr</span> <span class='ocrx_word' id='word_1_3' title='bbox 1127 217 1169 272; x_wconf 82' lang='lat'>§-</span> <span class='ocrx_word' id='word_1_4' title='bbox 1198 214 1390 258; x_wconf 74' lang='lat'><strong>34—37.</strong></span> <span class='ocrx_word' id='word_1_5' title='bbox 1834 213 1907 258; x_wconf 71' lang='grc'>491</span> 
     </span>
    </p>
   </div>
   <div class='ocr_carea' id='block_1_2' title="bbox 169 327 1968 1754">
    <p class='ocr_par' dir='ltr' id='par_1_2' title="bbox 169 327 1968 1754">
     <span class='ocr_line' id='line_1_2' title="bbox 179 327 1914 389; baseline -0.004 -12"><span class='ocrx_word' id='word_1_6' title='bbox 179 341 301 389; x_wconf 82' lang='lat' dir='ltr'>atque</span> <span class='ocrx_word' id='word_1_7' title='bbox 332 327 769 383; x_wconf 64' lang='lat' dir='ltr'>animadversionem]</span> <span class='ocrx_word' id='word_1_8' title='bbox 824 331 931 383; x_wconf 85' lang='lat' dir='ltr'>Ages</span> <span class='ocrx_word' id='word_1_9' title='bbox 961 331 1232 371; x_wconf 78' lang='lat' dir='ltr'>iniuriarum?</span> <span class='ocrx_word' id='word_1_10' title='bbox 1280 329 1375 369; x_wconf 91' lang='lat' dir='ltr'>Plus</span> <span class='ocrx_word' id='word_1_11' title='bbox 1405 329 1478 369; x_wconf 87' lang='lat' dir='ltr'>tibi</span> <span class='ocrx_word' id='word_1_12' title='bbox 1509 342 1584 382; x_wconf 83' lang='lat' dir='ltr'>ego</span> <span class='ocrx_word' id='word_1_13' title='bbox 1614 330 1774 383; x_wconf 85' lang='lat' dir='ltr'>largiar.</span> <span class='ocrx_word' id='word_1_14' title='bbox 1822 331 1914 370; x_wconf 90' lang='lat' dir='ltr'>Non</span> 
     </span>
     <span class='ocr_line' id='line_1_3' title="bbox 179 391 1914 451; baseline -0.005 -12"><span class='ocrx_word' id='word_1_15' title='bbox 179 399 311 439; x_wconf 89' lang='lat' dir='ltr'>solum</span> <span class='ocrx_word' id='word_1_16' title='bbox 343 398 488 451; x_wconf 81' lang='lat' dir='ltr'>egeris,</span> <span class='ocrx_word' id='word_1_17' title='bbox 518 409 656 436; x_wconf 80' lang='lat' dir='ltr'>verum</span> <span class='ocrx_word' id='word_1_18' title='bbox 676 394 798 433; x_wconf 84' lang='lat' dir='ltr'>etiam</span> <span class='ocrx_word' id='word_1_19' title='bbox 819 394 1106 432; x_wconf 79' lang='lat' dir='ltr'>condemnaris</span> <span class='ocrx_word' id='word_1_20' title='bbox 1128 393 1244 432; x_wconf 85' lang='lat' dir='ltr'>licet:</span> <span class='ocrx_word' id='word_1_21' title='bbox 1275 393 1477 445; x_wconf 86' lang='lat' dir='ltr'>numquid</span> <span class='ocrx_word' id='word_1_22' title='bbox 1498 393 1628 445; x_wconf 85' lang='lat' dir='ltr'>magis</span> <span class='ocrx_word' id='word_1_23' title='bbox 1650 391 1914 444; x_wconf 75' lang='lat' dir='ltr'>possidebis?</span> 
     </span>
     <span class='ocr_line' id='line_1_4' title="bbox 177 454 1915 510; baseline -0.004 -9"><span class='ocrx_word' id='word_1_24' title='bbox 177 461 295 501; x_wconf 84' lang='lat' dir='ltr'>Actio</span> <span class='ocrx_word' id='word_1_25' title='bbox 336 455 444 500; x_wconf 80' lang='lat' dir='ltr'>e’nim</span> <span class='ocrx_word' id='word_1_26' title='bbox 484 458 724 498; x_wconf 83' lang='lat' dir='ltr'>iniuriarum</span> <span class='ocrx_word' id='word_1_27' title='bbox 761 469 845 495; x_wconf 89' lang='lat' dir='ltr'>non</span> <span class='ocrx_word' id='word_1_28' title='bbox 885 456 947 495; x_wconf 85' lang='lat' dir='ltr'>ius</span> <span class='ocrx_word' id='word_1_29' title='bbox 992 455 1268 510; x_wconf 89' lang='lat' dir='ltr'>possessionis</span> <span class='ocrx_word' id='word_1_30' title='bbox 1313 454 1566 506; x_wconf 83' lang='lat' dir='ltr'>assequitur,</span> <span class='ocrx_word' id='word_1_31' title='bbox 1617 454 1689 493; x_wconf 90' lang='lat' dir='ltr'>sed</span> <span class='ocrx_word' id='word_1_32' title='bbox 1730 454 1915 494; x_wconf 88' lang='lat' dir='ltr'>dolorem</span> 
     </span>
     <span class='ocr_line' id='line_1_5' title="bbox 179 514 1915 571; baseline -0.005 -8"><span class='ocrx_word' id='word_1_33' title='bbox 179 524 415 563; x_wconf 74' lang='lat' dir='ltr'>imminutae</span> <span class='ocrx_word' id='word_1_34' title='bbox 446 519 645 560; x_wconf 78' lang='lat' dir='ltr'>libertatis</span> <span class='ocrx_word' id='word_1_35' title='bbox 676 517 830 557; x_wconf 88' lang='lat' dir='ltr'>iudicio</span> <span class='ocrx_word' id='word_1_36' title='bbox 862 530 1078 571; x_wconf 83' lang='lat' dir='ltr'><strong>poenaque</strong></span> <span class='ocrx_word' id='word_1_37' title='bbox 1099 516 1269 568; x_wconf 82' lang='lat' dir='ltr'>mitigat.</span> <span class='ocrx_word' id='word_1_38' title='bbox 1319 516 1429 554; x_wconf 90' lang='lat' dir='ltr'>XIII.</span> <span class='ocrx_word' id='word_1_39' title='bbox 1460 514 1526 555; x_wconf 83' lang='lat'>36.</span> <span class='ocrx_word' id='word_1_40' title='bbox 1559 517 1726 556; x_wconf 84' lang='lat' dir='ltr'>Praetor</span> <span class='ocrx_word' id='word_1_41' title='bbox 1746 517 1915 563; x_wconf 85' lang='lat' dir='ltr'>interea,</span> 
     </span>
     <span class='ocr_line' id='line_1_6' title="bbox 179 578 1947 633; baseline -0.003 -8"><span class='ocrx_word' id='word_1_42' title='bbox 179 585 292 632; x_wconf 89' lang='lat' dir='ltr'>Piso,</span> <span class='ocrx_word' id='word_1_43' title='bbox 332 589 442 624; x_wconf 80' lang='lat' dir='ltr'>tanta</span> <span class='ocrx_word' id='word_1_44' title='bbox 471 583 521 622; x_wconf 90' lang='lat' dir='ltr'>de</span> <span class='ocrx_word' id='word_1_45' title='bbox 552 594 593 620; x_wconf 90' lang='lat' dir='ltr'>re</span> <span class='ocrx_word' id='word_1_46' title='bbox 625 579 804 619; x_wconf 77' lang='lat' dir='ltr'>tacebit?</span> <span class='ocrx_word' id='word_1_47' title='bbox 851 593 972 633; x_wconf 90' lang='lat' dir='ltr'>quem</span> <span class='ocrx_word' id='word_1_48' title='bbox 1005 580 1056 619; x_wconf 84' lang='lat' dir='ltr'>ad</span> <span class='ocrx_word' id='word_1_49' title='bbox 1092 578 1259 618; x_wconf 89' lang='lat' dir='ltr'>modum</span> <span class='ocrx_word' id='word_1_50' title='bbox 1301 583 1339 617; x_wconf 90' lang='lat' dir='ltr'>te</span> <span class='ocrx_word' id='word_1_51' title='bbox 1371 578 1554 618; x_wconf 84' lang='lat' dir='ltr'>restituat</span> <span class='ocrx_word' id='word_1_52' title='bbox 1584 578 1627 617; x_wconf 89' lang='lat' dir='ltr'>in</span> <span class='ocrx_word' id='word_1_53' title='bbox 1657 579 1782 618; x_wconf 84' lang='lat' dir='ltr'>aedes</span> <span class='ocrx_word' id='word_1_54' title='bbox 1812 584 1947 626; x_wconf 87' lang='lat' dir='ltr'>tuas,5</span> 
     </span>
     <span class='ocr_line' id='line_1_7' title="bbox 178 639 1917 690; baseline -0.003 -4"><span class='ocrx_word' id='word_1_55' title='bbox 178 660 258 686; x_wconf 89' lang='lat' dir='ltr'>non</span> <span class='ocrx_word' id='word_1_56' title='bbox 297 645 491 686; x_wconf 73' lang='lat' dir='ltr'>habebit?</span> <span class='ocrx_word' id='word_1_57' title='bbox 558 642 637 690; x_wconf 90' lang='lat' dir='ltr'>Qui</span> <span class='ocrx_word' id='word_1_58' title='bbox 680 641 768 681; x_wconf 86' lang='lat' dir='ltr'>(lies</span> <span class='ocrx_word' id='word_1_59' title='bbox 806 646 914 681; x_wconf 83' lang='lat' dir='ltr'>totos</span> <span class='ocrx_word' id='word_1_60' title='bbox 956 647 1026 682; x_wconf 84' lang='lat' dir='ltr'>aut</span> <span class='ocrx_word' id='word_1_61' title='bbox 1063 642 1145 681; x_wconf 78' lang='lat' dir='ltr'>vim</span> <span class='ocrx_word' id='word_1_62' title='bbox 1185 640 1274 679; x_wconf 88' lang='lat' dir='ltr'>fieri</span> <span class='ocrx_word' id='word_1_63' title='bbox 1313 644 1425 679; x_wconf 81' lang='lat' dir='ltr'>vetat</span> <span class='ocrx_word' id='word_1_64' title='bbox 1464 645 1533 679; x_wconf 85' lang='lat' dir='ltr'>aut</span> <span class='ocrx_word' id='word_1_65' title='bbox 1570 640 1729 679; x_wconf 83' lang='lat' dir='ltr'>restitui</span> <span class='ocrx_word' id='word_1_66' title='bbox 1768 639 1917 681; x_wconf 84' lang='lat' dir='ltr'>factam</span> 
     </span>
     <span class='ocr_line' id='line_1_8' title="bbox 178 702 1919 760; baseline -0.003 -12"><span class='ocrx_word' id='word_1_67' title='bbox 178 709 312 754; x_wconf 89' lang='lat' dir='ltr'>iubet,</span> <span class='ocrx_word' id='word_1_68' title='bbox 344 707 414 760; x_wconf 92' lang='lat' dir='ltr'>qui</span> <span class='ocrx_word' id='word_1_69' title='bbox 447 706 496 745; x_wconf 94' lang='lat' dir='ltr'>de</span> <span class='ocrx_word' id='word_1_70' title='bbox 526 704 672 751; x_wconf 87' lang='lat' dir='ltr'>fossis,</span> <span class='ocrx_word' id='word_1_71' title='bbox 704 704 754 742; x_wconf 93' lang='lat' dir='ltr'>de</span> <span class='ocrx_word' id='word_1_72' title='bbox 786 703 956 751; x_wconf 83' lang='lat' dir='ltr'>cloacis,</span> <span class='ocrx_word' id='word_1_73' title='bbox 991 704 1041 743; x_wconf 92' lang='lat' dir='ltr'>de</span> <span class='ocrx_word' id='word_1_74' title='bbox 1071 702 1251 742; x_wconf 88' lang='lat' dir='ltr'>minimis</span> <span class='ocrx_word' id='word_1_75' title='bbox 1281 714 1481 755; x_wconf 86' lang='lat' dir='ltr'>aquarum</span> <span class='ocrx_word' id='word_1_76' title='bbox 1511 702 1790 755; x_wconf 88' lang='lat' dir='ltr'>itinerumque</span> <span class='ocrx_word' id='word_1_77' title='bbox 1822 717 1919 743; x_wconf 84' lang='lat' dir='ltr'>con-</span> 
     </span>
     <span class='ocr_line' id='line_1_9' title="bbox 178 763 1918 818; baseline -0.002 -9"><span class='ocrx_word' id='word_1_78' title='bbox 178 769 386 810; x_wconf 86' lang='lat' dir='ltr'>troversiis</span> <span class='ocrx_word' id='word_1_79' title='bbox 415 766 636 813; x_wconf 85' lang='lat' dir='ltr'>interdicit,</span> <span class='ocrx_word' id='word_1_80' title='bbox 667 766 700 805; x_wconf 89' lang='lat' dir='ltr'>is</span> <span class='ocrx_word' id='word_1_81' title='bbox 730 772 899 818; x_wconf 80' lang='lat' dir='ltr'>repente</span> <span class='ocrx_word' id='word_1_82' title='bbox 931 766 1214 805; x_wconf 76' lang='lat' dir='ltr'>obmutescet?</span> <span class='ocrx_word' id='word_1_83' title='bbox 1245 764 1288 803; x_wconf 91' lang='lat' dir='ltr'>in</span> <span class='ocrx_word' id='word_1_84' title='bbox 1317 763 1569 803; x_wconf 83' lang='lat' dir='ltr'>atrocissima</span> <span class='ocrx_word' id='word_1_85' title='bbox 1598 776 1640 802; x_wconf 90' lang='lat' dir='ltr'>re</span> <span class='ocrx_word' id='word_1_86' title='bbox 1662 764 1764 816; x_wconf 89' lang='lat' dir='ltr'>quid</span> <span class='ocrx_word' id='word_1_87' title='bbox 1785 764 1918 813; x_wconf 83' lang='lat' dir='ltr'>saciat,</span> 
     </span>
     <span class='ocr_line' id='line_1_10' title="bbox 175 825 1918 879; baseline -0.002 -7"><span class='ocrx_word' id='word_1_88' title='bbox 175 845 259 871; x_wconf 91' lang='lat' dir='ltr'>non</span> <span class='ocrx_word' id='word_1_89' title='bbox 297 830 490 872; x_wconf 79' lang='lat' dir='ltr'>habebit?</span> <span class='ocrx_word' id='word_1_90' title='bbox 540 833 580 867; x_wconf 91' lang='lat' dir='ltr'>et</span> <span class='ocrx_word' id='word_1_91' title='bbox 620 828 661 867; x_wconf 90' lang='lat' dir='ltr'>C.</span> <span class='ocrx_word' id='word_1_92' title='bbox 709 828 849 868; x_wconf 85' lang='lat' dir='ltr'>Pisoni</span> <span class='ocrx_word' id='word_1_93' title='bbox 890 828 1011 868; x_wconf 90' lang='lat' dir='ltr'>domo</span> <span class='ocrx_word' id='word_1_94' title='bbox 1056 827 1259 879; x_wconf 89' lang='lat' dir='ltr'>tectisque</span> <span class='ocrx_word' id='word_1_95' title='bbox 1302 826 1387 865; x_wconf 88' lang='lat' dir='ltr'>suis</span> <span class='ocrx_word' id='word_1_96' title='bbox 1427 825 1656 878; x_wconf 82' lang='lat' dir='ltr'>prohibito,</span> <span class='ocrx_word' id='word_1_97' title='bbox 1698 826 1918 879; x_wconf 89' lang='lat' dir='ltr'>prohibito,</span> 
     </span>
     <span class='ocr_line' id='line_1_11' title="bbox 174 889 1968 945; baseline -0.001 -12"><span class='ocrx_word' id='word_1_98' title='bbox 174 894 354 945; x_wconf 85' lang='lat' dir='ltr'>inquam,</span> <span class='ocrx_word' id='word_1_99' title='bbox 384 904 458 944; x_wconf 87' lang='lat' dir='ltr'>per</span> <span class='ocrx_word' id='word_1_100' title='bbox 486 890 674 929; x_wconf 88' lang='lat' dir='ltr'>homines</span> <span class='ocrx_word' id='word_1_101' title='bbox 706 895 867 929; x_wconf 81' lang='lat' dir='ltr'>coactos</span> <span class='ocrx_word' id='word_1_102' title='bbox 898 895 939 929; x_wconf 88' lang='lat' dir='ltr'>et</span> <span class='ocrx_word' id='word_1_103' title='bbox 967 894 1158 935; x_wconf 84' lang='lat' dir='ltr'>armatos,</span> <span class='ocrx_word' id='word_1_104' title='bbox 1189 893 1354 941; x_wconf 83' lang='lat' dir='ltr'>praetor</span> <span class='ocrx_word' id='word_1_105' title='bbox 1382 902 1507 941; x_wconf 89' lang='lat' dir='ltr'>quem</span> <span class='ocrx_word' id='word_1_106' title='bbox 1536 889 1587 929; x_wconf 82' lang='lat' dir='ltr'>ad</span> <span class='ocrx_word' id='word_1_107' title='bbox 1616 889 1786 929; x_wconf 92' lang='lat' dir='ltr'>modum</span> <span class='ocrx_word' id='word_1_108' title='bbox 1806 901 1968 932; x_wconf 68' lang='lat' dir='ltr'>moreio</span> 
     </span>
     <span class='ocr_line' id='line_1_12' title="bbox 174 950 1918 1006; baseline -0.001 -12"><span class='ocrx_word' id='word_1_109' title='bbox 174 960 214 994; x_wconf 88' lang='lat' dir='ltr'>et</span> <span class='ocrx_word' id='word_1_110' title='bbox 242 953 431 1006; x_wconf 84' lang='lat' dir='ltr'>exemplo</span> <span class='ocrx_word' id='word_1_111' title='bbox 463 952 656 1005; x_wconf 81' lang='lat' dir='ltr'>opitulari</span> <span class='ocrx_word' id='word_1_112' title='bbox 686 952 838 1004; x_wconf 88' lang='lat' dir='ltr'>possit,</span> <span class='ocrx_word' id='word_1_113' title='bbox 878 966 960 992; x_wconf 90' lang='lat' dir='ltr'>non</span> <span class='ocrx_word' id='word_1_114' title='bbox 1000 951 1195 991; x_wconf 75' lang='lat' dir='ltr'>habebit?</span> <span class='ocrx_word' id='word_1_115' title='bbox 1256 950 1367 999; x_wconf 86' lang='lat' dir='ltr'>Quid</span> <span class='ocrx_word' id='word_1_116' title='bbox 1399 951 1507 991; x_wconf 90' lang='lat' dir='ltr'>enim</span> <span class='ocrx_word' id='word_1_117' title='bbox 1539 952 1674 994; x_wconf 76' lang='lat' dir='ltr'>dicet?</span> <span class='ocrx_word' id='word_1_118' title='bbox 1719 957 1788 992; x_wconf 84' lang='lat' dir='ltr'>aut</span> <span class='ocrx_word' id='word_1_119' title='bbox 1818 952 1918 1006; x_wconf 89' lang='lat' dir='ltr'>quid</span> 
     </span>
     <span class='ocr_line' id='line_1_13' title="bbox 173 1013 1919 1068; baseline -0.001 -12"><span class='ocrx_word' id='word_1_120' title='bbox 173 1021 216 1056; x_wconf 87' lang='lat' dir='ltr'>tu</span> <span class='ocrx_word' id='word_1_121' title='bbox 249 1022 329 1056; x_wconf 83' lang='lat' dir='ltr'>tam</span> <span class='ocrx_word' id='word_1_122' title='bbox 360 1014 512 1066; x_wconf 83' lang='lat' dir='ltr'>insigni</span> <span class='ocrx_word' id='word_1_123' title='bbox 543 1019 714 1066; x_wconf 81' lang='lat' dir='ltr'>accepta</span> <span class='ocrx_word' id='word_1_124' title='bbox 744 1013 894 1054; x_wconf 77' lang='lat' dir='ltr'>iniuria</span> <span class='ocrx_word' id='word_1_125' title='bbox 923 1014 1177 1068; x_wconf 77' lang='lat' dir='ltr'>postulabis?</span> <span class='ocrx_word' id='word_1_126' title='bbox 1241 1014 1391 1053; x_wconf 82' lang='lat' dir='ltr'>«Unde</span> <span class='ocrx_word' id='word_1_127' title='bbox 1422 1014 1461 1053; x_wconf 88' lang='lat' dir='ltr'>vi</span> <span class='ocrx_word' id='word_1_128' title='bbox 1498 1015 1727 1067; x_wconf 90' lang='lat' dir='ltr'>prohibitus</span> <span class='ocrx_word' id='word_1_129' title='bbox 1742 1017 1793 1054; x_wconf 63' lang='lat'>»27</span> <span class='ocrx_word' id='word_1_130' title='bbox 1852 1016 1919 1055; x_wconf 90' lang='lat' dir='ltr'>Sic</span> 
     </span>
     <span class='ocr_line' id='line_1_14' title="bbox 172 1076 1919 1130; baseline 0 -12"><span class='ocrx_word' id='word_1_131' title='bbox 172 1091 292 1118; x_wconf 90' lang='lat' dir='ltr'>nemo</span> <span class='ocrx_word' id='word_1_132' title='bbox 322 1089 518 1130; x_wconf 90' lang='lat' dir='ltr'>umquam</span> <span class='ocrx_word' id='word_1_133' title='bbox 548 1076 788 1123; x_wconf 79' lang='lat' dir='ltr'>interdixit3</span> <span class='ocrx_word' id='word_1_134' title='bbox 830 1090 981 1116; x_wconf 88' lang='lat' dir='ltr'>novum</span> <span class='ocrx_word' id='word_1_135' title='bbox 1014 1081 1097 1123; x_wconf 88' lang='lat' dir='ltr'>est,</span> <span class='ocrx_word' id='word_1_136' title='bbox 1128 1089 1211 1116; x_wconf 90' lang='lat' dir='ltr'>non</span> <span class='ocrx_word' id='word_1_137' title='bbox 1241 1076 1332 1116; x_wconf 87' lang='lat' dir='ltr'>dico</span> <span class='ocrx_word' id='word_1_138' title='bbox 1364 1076 1628 1125; x_wconf 85' lang='lat' dir='ltr'>inusitatum,</span> <span class='ocrx_word' id='word_1_139' title='bbox 1658 1092 1800 1119; x_wconf 82' lang='lat' dir='ltr'>verum</span> <span class='ocrx_word' id='word_1_140' title='bbox 1831 1091 1919 1118; x_wconf 89' lang='lat' dir='ltr'>om·</span> 
     </span>
     <span class='ocr_line' id='line_1_15' title="bbox 171 1138 1919 1195; baseline 0.001 -14"><span class='ocrx_word' id='word_1_141' title='bbox 171 1140 271 1181; x_wconf 90' lang='lat' dir='ltr'>nino</span> <span class='ocrx_word' id='word_1_142' title='bbox 301 1138 545 1179; x_wconf 85' lang='lat' dir='ltr'>inauditum.</span> <span class='ocrx_word' id='word_1_143' title='bbox 594 1138 736 1178; x_wconf 87' lang='lat' dir='ltr'>«Unde</span> <span class='ocrx_word' id='word_1_144' title='bbox 767 1138 1007 1179; x_wconf 77' lang='lat' dir='ltr'>deiectus»?</span> <span class='ocrx_word' id='word_1_145' title='bbox 1053 1138 1162 1186; x_wconf 90' lang='lat' dir='ltr'>Quid</span> <span class='ocrx_word' id='word_1_146' title='bbox 1192 1138 1397 1192; x_wconf 88' lang='lat' dir='ltr'>proficies,</span> <span class='ocrx_word' id='word_1_147' title='bbox 1428 1153 1519 1179; x_wconf 90' lang='lat' dir='ltr'>cum</span> <span class='ocrx_word' id='word_1_148' title='bbox 1549 1140 1609 1180; x_wconf 92' lang='lat' dir='ltr'>illi</span> <span class='ocrx_word' id='word_1_149' title='bbox 1637 1141 1718 1181; x_wconf 84' lang='lat' dir='ltr'>hoc</span> <span class='ocrx_word' id='word_1_150' title='bbox 1747 1154 1919 1195; x_wconf 86' lang='lat' dir='ltr'>respon-</span> 
     </span>
     <span class='ocr_line' id='line_1_16' title="bbox 172 1200 1967 1253; baseline 0 -11"><span class='ocrx_word' id='word_1_151' title='bbox 172 1202 330 1242; x_wconf 89' lang='lat' dir='ltr'>debunt</span> <span class='ocrx_word' id='word_1_152' title='bbox 358 1200 454 1248; x_wconf 89' lang='lat' dir='ltr'>tihi,</span> <span class='ocrx_word' id='word_1_153' title='bbox 486 1201 596 1253; x_wconf 92' lang='lat' dir='ltr'>quod</span> <span class='ocrx_word' id='word_1_154' title='bbox 627 1205 670 1240; x_wconf 88' lang='lat' dir='ltr'>tu</span> <span class='ocrx_word' id='word_1_155' title='bbox 702 1214 813 1240; x_wconf 89' lang='lat' dir='ltr'>nunc</span> <span class='ocrx_word' id='word_1_156' title='bbox 843 1202 964 1241; x_wconf 86' lang='lat' dir='ltr'>mihi:</span> <span class='ocrx_word' id='word_1_157' title='bbox 995 1206 1172 1240; x_wconf 83' lang='lat' dir='ltr'>armatos</span> <span class='ocrx_word' id='word_1_158' title='bbox 1203 1214 1247 1240; x_wconf 89' lang='lat' dir='ltr'>se</span> <span class='ocrx_word' id='word_1_159' title='bbox 1278 1200 1351 1240; x_wconf 83' lang='lat' dir='ltr'>tibi</span> <span class='ocrx_word' id='word_1_160' title='bbox 1381 1201 1608 1251; x_wconf 84' lang='lat' dir='ltr'>obstitisse,</span> <span class='ocrx_word' id='word_1_161' title='bbox 1639 1217 1691 1244; x_wconf 92' lang='lat' dir='ltr'>ne</span> <span class='ocrx_word' id='word_1_162' title='bbox 1721 1204 1764 1243; x_wconf 89' lang='lat' dir='ltr'>in</span> <span class='ocrx_word' id='word_1_163' title='bbox 1794 1205 1967 1244; x_wconf 70' lang='lat' dir='ltr'>aedesis</span> 
     </span>
     <span class='ocr_line' id='line_1_17' title="bbox 171 1263 1920 1317; baseline 0.001 -12"><span class='ocrx_word' id='word_1_164' title='bbox 171 1264 411 1311; x_wconf 83' lang='lat' dir='ltr'>accederes3</span> <span class='ocrx_word' id='word_1_165' title='bbox 443 1263 566 1303; x_wconf 89' lang='lat' dir='ltr'>deiici</span> <span class='ocrx_word' id='word_1_166' title='bbox 587 1276 711 1316; x_wconf 89' lang='lat' dir='ltr'>porro</span> <span class='ocrx_word' id='word_1_167' title='bbox 732 1263 846 1303; x_wconf 90' lang='lat' dir='ltr'>nullo</span> <span class='ocrx_word' id='word_1_168' title='bbox 868 1264 991 1303; x_wconf 87' lang='lat' dir='ltr'>modo</span> <span class='ocrx_word' id='word_1_169' title='bbox 1011 1263 1212 1317; x_wconf 86' lang='lat' dir='ltr'>potuisse,</span> <span class='ocrx_word' id='word_1_170' title='bbox 1245 1263 1316 1316; x_wconf 90' lang='lat' dir='ltr'>qui</span> <span class='ocrx_word' id='word_1_171' title='bbox 1337 1276 1420 1303; x_wconf 91' lang='lat' dir='ltr'>non</span> <span class='ocrx_word' id='word_1_172' title='bbox 1441 1266 1689 1306; x_wconf 79' lang='lat' dir='ltr'>accesserit?</span> <span class='ocrx_word' id='word_1_173' title='bbox 1719 1264 1785 1306; x_wconf 84' lang='lat'>37.</span> <span class='ocrx_word' id='word_1_174' title='bbox 1806 1266 1920 1306; x_wconf 86' lang='lat' dir='ltr'>Deii-</span> 
     </span>
     <span class='ocr_line' id='line_1_18' title="bbox 172 1324 1918 1382; baseline 0.002 -16"><span class='ocrx_word' id='word_1_175' title='bbox 172 1327 260 1366; x_wconf 85' lang='lat' dir='ltr'>cior</span> <span class='ocrx_word' id='word_1_176' title='bbox 289 1339 389 1379; x_wconf 86' lang='lat' dir='ltr'>ego,</span> <span class='ocrx_word' id='word_1_177' title='bbox 428 1326 592 1379; x_wconf 88' lang='lat' dir='ltr'>inquis,</span> <span class='ocrx_word' id='word_1_178' title='bbox 636 1325 669 1365; x_wconf 94' lang='lat' dir='ltr'>si</span> <span class='ocrx_word' id='word_1_179' title='bbox 701 1325 794 1378; x_wconf 91' lang='lat' dir='ltr'>quis</span> <span class='ocrx_word' id='word_1_180' title='bbox 824 1339 1013 1366; x_wconf 90' lang='lat' dir='ltr'>meorum</span> <span class='ocrx_word' id='word_1_181' title='bbox 1043 1324 1232 1364; x_wconf 88' lang='lat' dir='ltr'>deiicitur</span> <span class='ocrx_word' id='word_1_182' title='bbox 1262 1326 1444 1365; x_wconf 92' lang='lat' dir='ltr'>omnino.</span> <span class='ocrx_word' id='word_1_183' title='bbox 1503 1327 1589 1366; x_wconf 85' lang='lat' dir='ltr'>Iam</span> <span class='ocrx_word' id='word_1_184' title='bbox 1618 1329 1725 1368; x_wconf 89' lang='lat' dir='ltr'>bene</span> <span class='ocrx_word' id='word_1_185' title='bbox 1755 1329 1865 1382; x_wconf 83' lang='lat' dir='ltr'>agis;</span> <span class='ocrx_word' id='word_1_186' title='bbox 1895 1341 1918 1368; x_wconf 82' lang='lat' dir='ltr'>a</span> 
     </span>
     <span class='ocr_line' id='line_1_19' title="bbox 171 1387 1918 1443; baseline 0.001 -15"><span class='ocrx_word' id='word_1_187' title='bbox 171 1389 305 1428; x_wconf 88' lang='lat' dir='ltr'>verbis</span> <span class='ocrx_word' id='word_1_188' title='bbox 343 1389 453 1428; x_wconf 87' lang='lat' dir='ltr'>enim</span> <span class='ocrx_word' id='word_1_189' title='bbox 497 1388 655 1428; x_wconf 89' lang='lat' dir='ltr'>recedis</span> <span class='ocrx_word' id='word_1_190' title='bbox 696 1393 737 1427; x_wconf 92' lang='lat' dir='ltr'>et</span> <span class='ocrx_word' id='word_1_191' title='bbox 780 1388 987 1441; x_wconf 81' lang='lat' dir='ltr'>aequitate</span> <span class='ocrx_word' id='word_1_192' title='bbox 1032 1387 1174 1427; x_wconf 87' lang='lat' dir='ltr'>uteris.</span> <span class='ocrx_word' id='word_1_193' title='bbox 1243 1388 1346 1426; x_wconf 82' lang='lat' dir='ltr'>Nam</span> <span class='ocrx_word' id='word_1_194' title='bbox 1384 1388 1512 1428; x_wconf 85' lang='lat' dir='ltr'>verba</span> <span class='ocrx_word' id='word_1_195' title='bbox 1549 1391 1716 1443; x_wconf 90' lang='lat' dir='ltr'>quidem</span> <span class='ocrx_word' id='word_1_196' title='bbox 1753 1390 1845 1443; x_wconf 84' lang='lat' dir='ltr'>ipsa</span> <span class='ocrx_word' id='word_1_197' title='bbox 1884 1396 1918 1436; x_wconf 82' lang='lat' dir='ltr'>si</span> 
     </span>
     <span class='ocr_line' id='line_1_20' title="bbox 172 1450 1918 1504; baseline 0.002 -14"><span class='ocrx_word' id='word_1_198' title='bbox 172 1451 289 1503; x_wconf 89' lang='lat' dir='ltr'>sequi</span> <span class='ocrx_word' id='word_1_199' title='bbox 318 1450 522 1497; x_wconf 89' lang='lat' dir='ltr'>volumus,</span> <span class='ocrx_word' id='word_1_200' title='bbox 555 1463 637 1504; x_wconf 92' lang='lat' dir='ltr'>quo</span> <span class='ocrx_word' id='word_1_201' title='bbox 669 1450 790 1490; x_wconf 90' lang='lat' dir='ltr'>modo</span> <span class='ocrx_word' id='word_1_202' title='bbox 820 1456 865 1490; x_wconf 92' lang='lat' dir='ltr'>tu</span> <span class='ocrx_word' id='word_1_203' title='bbox 896 1450 1106 1497; x_wconf 85' lang='lat' dir='ltr'>deiiceris,</span> <span class='ocrx_word' id='word_1_204' title='bbox 1138 1463 1230 1490; x_wconf 88' lang='lat' dir='ltr'>cum</span> <span class='ocrx_word' id='word_1_205' title='bbox 1261 1463 1404 1490; x_wconf 86' lang='lat' dir='ltr'>servus</span> <span class='ocrx_word' id='word_1_206' title='bbox 1434 1456 1528 1491; x_wconf 87' lang='lat' dir='ltr'>tuus</span> <span class='ocrx_word' id='word_1_207' title='bbox 1560 1453 1780 1493; x_wconf 78' lang='lat' dir='ltr'>deiicitur?</span> <span class='ocrx_word' id='word_1_208' title='bbox 1838 1453 1918 1492; x_wconf 87' lang='lat' dir='ltr'>Ve-</span> 
     </span>
     <span class='ocr_line' id='line_1_21' title="bbox 172 1512 1967 1566; baseline 0.001 -13"><span class='ocrx_word' id='word_1_209' title='bbox 172 1527 260 1553; x_wconf 83' lang='lat' dir='ltr'>rum</span> <span class='ocrx_word' id='word_1_210' title='bbox 290 1513 346 1552; x_wconf 86' lang='lat' dir='ltr'>ita</span> <span class='ocrx_word' id='word_1_211' title='bbox 376 1517 459 1561; x_wconf 90' lang='lat' dir='ltr'>est,</span> <span class='ocrx_word' id='word_1_212' title='bbox 497 1513 558 1552; x_wconf 91' lang='lat' dir='ltr'>uti</span> <span class='ocrx_word' id='word_1_213' title='bbox 588 1514 704 1553; x_wconf 87' lang='lat' dir='ltr'>dicis.</span> <span class='ocrx_word' id='word_1_214' title='bbox 764 1514 821 1552; x_wconf 89' lang='lat' dir='ltr'>Te</span> <span class='ocrx_word' id='word_1_215' title='bbox 852 1513 1060 1553; x_wconf 90' lang='lat' dir='ltr'>deiectum</span> <span class='ocrx_word' id='word_1_216' title='bbox 1101 1512 1232 1552; x_wconf 90' lang='lat' dir='ltr'>debeo</span> <span class='ocrx_word' id='word_1_217' title='bbox 1274 1512 1524 1566; x_wconf 87' lang='lat' dir='ltr'>intelligere,</span> <span class='ocrx_word' id='word_1_218' title='bbox 1566 1516 1690 1555; x_wconf 86' lang='lat' dir='ltr'>etiam</span> <span class='ocrx_word' id='word_1_219' title='bbox 1721 1515 1755 1555; x_wconf 91' lang='lat' dir='ltr'>si</span> <span class='ocrx_word' id='word_1_220' title='bbox 1785 1518 1918 1555; x_wconf 84' lang='lat' dir='ltr'>tactus</span> <span class='ocrx_word' id='word_1_221' title='bbox 1931 1525 1967 1554; x_wconf 76' lang='lat'>20</span> 
     </span>
     <span class='ocr_line' id='line_1_22' title="bbox 171 1575 1918 1631; baseline 0.002 -17"><span class='ocrx_word' id='word_1_222' title='bbox 171 1589 254 1615; x_wconf 89' lang='lat' dir='ltr'>non</span> <span class='ocrx_word' id='word_1_223' title='bbox 284 1575 423 1615; x_wconf 84' lang='lat' dir='ltr'>fueris.</span> <span class='ocrx_word' id='word_1_224' title='bbox 481 1575 657 1614; x_wconf 74' lang='lat' dir='ltr'>Nonne?</span> <span class='ocrx_word' id='word_1_225' title='bbox 715 1576 801 1627; x_wconf 83' lang='lat' dir='ltr'>Age</span> <span class='ocrx_word' id='word_1_226' title='bbox 843 1588 974 1622; x_wconf 90' lang='lat' dir='ltr'>nunc,</span> <span class='ocrx_word' id='word_1_227' title='bbox 1019 1575 1053 1614; x_wconf 91' lang='lat' dir='ltr'>si</span> <span class='ocrx_word' id='word_1_228' title='bbox 1094 1588 1146 1614; x_wconf 92' lang='lat' dir='ltr'>ne</span> <span class='ocrx_word' id='word_1_229' title='bbox 1185 1580 1347 1615; x_wconf 85' lang='lat' dir='ltr'>tuorum</span> <span class='ocrx_word' id='word_1_230' title='bbox 1378 1575 1546 1628; x_wconf 90' lang='lat' dir='ltr'>quidem</span> <span class='ocrx_word' id='word_1_231' title='bbox 1576 1577 1798 1631; x_wconf 81' lang='lat' dir='ltr'>quisquam</span> <span class='ocrx_word' id='word_1_232' title='bbox 1826 1577 1918 1617; x_wconf 82' lang='lat' dir='ltr'>loco</span> 
     </span>
     <span class='ocr_line' id='line_1_23' title="bbox 170 1637 1919 1694; baseline 0.002 -18"><span class='ocrx_word' id='word_1_233' title='bbox 170 1642 303 1677; x_wconf 85' lang='lat' dir='ltr'>motus</span> <span class='ocrx_word' id='word_1_234' title='bbox 334 1638 409 1676; x_wconf 83' lang='lat' dir='ltr'>erit</span> <span class='ocrx_word' id='word_1_235' title='bbox 438 1641 564 1690; x_wconf 81' lang='lat' dir='ltr'>atque</span> <span class='ocrx_word' id='word_1_236' title='bbox 596 1651 738 1677; x_wconf 87' lang='lat' dir='ltr'>omnes</span> <span class='ocrx_word' id='word_1_237' title='bbox 768 1637 810 1677; x_wconf 92' lang='lat' dir='ltr'>in</span> <span class='ocrx_word' id='word_1_238' title='bbox 841 1638 1014 1678; x_wconf 86' lang='lat' dir='ltr'>aedibus</span> <span class='ocrx_word' id='word_1_239' title='bbox 1045 1638 1244 1677; x_wconf 80' lang='lat' dir='ltr'>asservati</span> <span class='ocrx_word' id='word_1_240' title='bbox 1285 1651 1331 1678; x_wconf 86' lang='lat' dir='ltr'>ac</span> <span class='ocrx_word' id='word_1_241' title='bbox 1372 1638 1544 1686; x_wconf 89' lang='lat' dir='ltr'>retenti,</span> <span class='ocrx_word' id='word_1_242' title='bbox 1592 1644 1633 1679; x_wconf 90' lang='lat' dir='ltr'>tu</span> <span class='ocrx_word' id='word_1_243' title='bbox 1675 1640 1786 1680; x_wconf 90' lang='lat' dir='ltr'>solus</span> <span class='ocrx_word' id='word_1_244' title='bbox 1824 1654 1919 1694; x_wconf 86' lang='lat' dir='ltr'>pro-</span> 
     </span>
     <span class='ocr_line' id='line_1_24' title="bbox 169 1699 1919 1754; baseline 0.001 -14"><span class='ocrx_word' id='word_1_245' title='bbox 169 1700 323 1741; x_wconf 91' lang='lat' dir='ltr'>hibitus</span> <span class='ocrx_word' id='word_1_246' title='bbox 355 1706 394 1740; x_wconf 88' lang='lat' dir='ltr'>et</span> <span class='ocrx_word' id='word_1_247' title='bbox 424 1712 447 1738; x_wconf 83' lang='lat' dir='ltr'>a</span> <span class='ocrx_word' id='word_1_248' title='bbox 477 1700 558 1739; x_wconf 87' lang='lat' dir='ltr'>tuis</span> <span class='ocrx_word' id='word_1_249' title='bbox 589 1699 762 1739; x_wconf 84' lang='lat' dir='ltr'>aedibus</span> <span class='ocrx_word' id='word_1_250' title='bbox 792 1699 832 1739; x_wconf 75' lang='lat' dir='ltr'>vi</span> <span class='ocrx_word' id='word_1_251' title='bbox 863 1706 988 1754; x_wconf 79' lang='lat' dir='ltr'>atque</span> <span class='ocrx_word' id='word_1_252' title='bbox 1027 1701 1150 1740; x_wconf 85' lang='lat' dir='ltr'>armis</span> <span class='ocrx_word' id='word_1_253' title='bbox 1179 1700 1445 1754; x_wconf 83' lang='lat' dir='ltr'>proterritus:</span> <span class='ocrx_word' id='word_1_254' title='bbox 1489 1706 1626 1743; x_wconf 82' lang='lat' dir='ltr'>utrum</span> <span class='ocrx_word' id='word_1_255' title='bbox 1655 1701 1762 1743; x_wconf 83' lang='lat' dir='ltr'>hanc</span> <span class='ocrx_word' id='word_1_256' title='bbox 1791 1702 1919 1744; x_wconf 81' lang='lat' dir='ltr'>actio-</span> 
     </span>
    </p>
   </div>
   <div class='ocr_carea' id='block_1_3' title="bbox 162 1890 1920 2928">
    <p class='ocr_par' dir='ltr' id='par_1_3' title="bbox 162 1890 1920 2928">
     <span class='ocr_line' id='line_1_25' title="bbox 171 1890 1920 1933; baseline 0.003 -11"><span class='ocrx_word' id='word_1_257' title='bbox 171 1894 198 1922; x_wconf 66' lang='grc' dir='ltr'>οἱ</span> <span class='ocrx_word' id='word_1_258' title='bbox 223 1892 265 1922; x_wconf 78' lang='lat' dir='ltr'>ad</span> <span class='ocrx_word' id='word_1_259' title='bbox 289 1890 607 1921; x_wconf 75' lang='lat' dir='ltr'>animaduersionem</span> <span class='ocrx_word' id='word_1_260' title='bbox 630 1890 697 1921; x_wconf 79' lang='lat' dir='ltr'>aies</span> <span class='ocrx_word' id='word_1_261' title='bbox 720 1890 920 1922; x_wconf 80' lang='lat' dir='ltr'>iniuriarum</span> <span class='ocrx_word' id='word_1_262' title='bbox 944 1891 1020 1931; x_wconf 74' lang='lat' dir='ltr'>plus</span> <span class='ocrx_word' id='word_1_263' title='bbox 1041 1901 1059 1923; x_wconf 82' lang='lat' dir='ltr'>a</span> <span class='ocrx_word' id='word_1_264' title='bbox 1077 1891 1099 1922; x_wconf 91' lang='lat' dir='ltr'>b</span> <span class='ocrx_word' id='word_1_265' title='bbox 1117 1900 1135 1923; x_wconf 92' lang='lat' dir='ltr'>e</span> <span class='ocrx_word' id='word_1_266' title='bbox 1154 1901 1174 1933; x_wconf 90' lang='lat' dir='ltr'>p</span> <span class='ocrx_word' id='word_1_267' title='bbox 1193 1893 1241 1932; x_wconf 86' lang='lat' dir='ltr'>qt</span> <span class='ocrx_word' id='word_1_268' title='bbox 1259 1890 1304 1930; x_wconf 71' lang='grc' dir='ltr'>β;</span> <span class='ocrx_word' id='word_1_269' title='bbox 1341 1893 1419 1930; x_wconf 79' lang='lat' dir='ltr'>quid</span> <span class='ocrx_word' id='word_1_270' title='bbox 1449 1892 1584 1932; x_wconf 74' lang='lat' dir='ltr'>denique</span> <span class='ocrx_word' id='word_1_271' title='bbox 1607 1895 1651 1925; x_wconf 87' lang='lat' dir='ltr'>ad</span> <span class='ocrx_word' id='word_1_272' title='bbox 1672 1894 1723 1926; x_wconf 81' lang='lat' dir='ltr'>ius</span> <span class='ocrx_word' id='word_1_273' title='bbox 1745 1895 1839 1927; x_wconf 79' lang='lat' dir='ltr'>ciuile</span> <span class='ocrx_word' id='word_1_274' title='bbox 1862 1900 1920 1927; x_wconf 77' lang='lat' dir='ltr'>aut</span> 
     </span>
     <span class='ocr_line' id='line_1_26' title="bbox 171 1938 1920 1984; baseline 0.002 -12"><span class='ocrx_word' id='word_1_275' title='bbox 171 1942 214 1972; x_wconf 71' lang='lat' dir='ltr'>acl</span> <span class='ocrx_word' id='word_1_276' title='bbox 237 1941 356 1972; x_wconf 76' lang='lat' dir='ltr'>actoris</span> <span class='ocrx_word' id='word_1_277' title='bbox 380 1941 540 1971; x_wconf 78' lang='lat' dir='ltr'>actionem</span> <span class='ocrx_word' id='word_1_278' title='bbox 563 1943 590 1971; x_wconf 81' lang='lat' dir='ltr'>e!</span> <span class='ocrx_word' id='word_1_279' title='bbox 614 1941 657 1971; x_wconf 80' lang='lat' dir='ltr'>ad</span> <span class='ocrx_word' id='word_1_280' title='bbox 680 1941 1016 1972; x_wconf 80' lang='lat' dir='ltr'>animaduersionem:</span> <span class='ocrx_word' id='word_1_281' title='bbox 1041 1943 1112 1973; x_wconf 74' lang='lat' dir='ltr'>Aies</span> <span class='ocrx_word' id='word_1_282' title='bbox 1137 1942 1348 1973; x_wconf 74' lang='lat' dir='ltr'>iniuriarum.</span> <span class='ocrx_word' id='word_1_283' title='bbox 1369 1942 1444 1982; x_wconf 81' lang='lat' dir='ltr'>plus</span> <span class='ocrx_word' id='word_1_284' title='bbox 1467 1944 1510 1981; x_wconf 73' lang='lat' dir='ltr'>G3</span> <span class='ocrx_word' id='word_1_285' title='bbox 1546 1938 1625 1983; x_wconf 69' lang='lat' dir='ltr'>quid</span> <span class='ocrx_word' id='word_1_286' title='bbox 1647 1944 1782 1984; x_wconf 79' lang='lat' dir='ltr'>denique</span> <span class='ocrx_word' id='word_1_287' title='bbox 1804 1946 1847 1976; x_wconf 89' lang='lat' dir='ltr'>ad</span> <span class='ocrx_word' id='word_1_288' title='bbox 1869 1946 1920 1976; x_wconf 79' lang='lat' dir='ltr'>ius</span> 
     </span>
     <span class='ocr_line' id='line_1_27' title="bbox 169 1990 1919 2034; baseline 0.003 -13"><span class='ocrx_word' id='word_1_289' title='bbox 169 1990 262 2022; x_wconf 78' lang='lat' dir='ltr'>ciuile</span> <span class='ocrx_word' id='word_1_290' title='bbox 285 1993 342 2021; x_wconf 77' lang='lat' dir='ltr'>aut</span> <span class='ocrx_word' id='word_1_291' title='bbox 365 1991 408 2021; x_wconf 82' lang='lat' dir='ltr'>ad</span> <span class='ocrx_word' id='word_1_292' title='bbox 430 1991 551 2021; x_wconf 82' lang='lat' dir='ltr'>actoris</span> <span class='ocrx_word' id='word_1_293' title='bbox 572 1990 734 2021; x_wconf 71' lang='lat' dir='ltr'>notionem</span> <span class='ocrx_word' id='word_1_294' title='bbox 758 1994 786 2021; x_wconf 81' lang='lat' dir='ltr'>et</span> <span class='ocrx_word' id='word_1_295' title='bbox 810 1992 1126 2023; x_wconf 81' lang='lat' dir='ltr'>animaduersionem</span> <span class='ocrx_word' id='word_1_296' title='bbox 1150 2000 1226 2032; x_wconf 63' lang='lat' dir='ltr'>asses</span> <span class='ocrx_word' id='word_1_297' title='bbox 1249 1992 1450 2023; x_wconf 75' lang='lat' dir='ltr'>iniuriarum</span> <span class='ocrx_word' id='word_1_298' title='bbox 1467 1993 1543 2032; x_wconf 77' lang='lat' dir='ltr'>plus</span> <span class='ocrx_word' id='word_1_299' title='bbox 1565 1993 1605 2031; x_wconf 85' lang='lat' dir='ltr'>k;</span> <span class='ocrx_word' id='word_1_300' title='bbox 1632 1994 1709 2033; x_wconf 82' lang='lat' dir='ltr'>quid</span> <span class='ocrx_word' id='word_1_301' title='bbox 1724 1994 1860 2034; x_wconf 74' lang='lat' dir='ltr'>[lenique</span> <span class='ocrx_word' id='word_1_302' title='bbox 1875 1996 1919 2026; x_wconf 83' lang='lat' dir='ltr'>ad</span> 
     </span>
     <span class='ocr_line' id='line_1_28' title="bbox 170 2039 1920 2084; baseline 0.003 -14"><span class='ocrx_word' id='word_1_303' title='bbox 170 2040 220 2070; x_wconf 79' lang='lat' dir='ltr'>ius</span> <span class='ocrx_word' id='word_1_304' title='bbox 241 2039 335 2070; x_wconf 84' lang='lat' dir='ltr'>ciuile</span> <span class='ocrx_word' id='word_1_305' title='bbox 358 2042 415 2069; x_wconf 78' lang='lat' dir='ltr'>aut</span> <span class='ocrx_word' id='word_1_306' title='bbox 438 2040 480 2070; x_wconf 91' lang='lat' dir='ltr'>ad</span> <span class='ocrx_word' id='word_1_307' title='bbox 504 2040 624 2070; x_wconf 73' lang='lat' dir='ltr'>actoris</span> <span class='ocrx_word' id='word_1_308' title='bbox 648 2040 808 2070; x_wconf 79' lang='lat' dir='ltr'>notionem</span> <span class='ocrx_word' id='word_1_309' title='bbox 832 2044 860 2071; x_wconf 76' lang='lat' dir='ltr'>ec</span> <span class='ocrx_word' id='word_1_310' title='bbox 884 2042 1202 2073; x_wconf 77' lang='lat' dir='ltr'>animaduersionem</span> <span class='ocrx_word' id='word_1_311' title='bbox 1226 2042 1293 2072; x_wconf 84' lang='lat' dir='ltr'>aies</span> <span class='ocrx_word' id='word_1_312' title='bbox 1316 2042 1517 2073; x_wconf 79' lang='lat' dir='ltr'>iniuriarum</span> <span class='ocrx_word' id='word_1_313' title='bbox 1528 2043 1713 2082; x_wconf 76' lang='lat' dir='ltr'>plasma;</span> <span class='ocrx_word' id='word_1_314' title='bbox 1740 2045 1817 2084; x_wconf 78' lang='lat' dir='ltr'>quid</span> <span class='ocrx_word' id='word_1_315' title='bbox 1832 2046 1920 2076; x_wconf 85' lang='lat' dir='ltr'>deni-</span> 
     </span>
     <span class='ocr_line' id='line_1_29' title="bbox 170 2089 1916 2135; baseline 0.005 -15"><span class='ocrx_word' id='word_1_316' title='bbox 170 2098 229 2129; x_wconf 78' lang='lat' dir='ltr'>que</span> <span class='ocrx_word' id='word_1_317' title='bbox 252 2089 295 2120; x_wconf 84' lang='lat' dir='ltr'>ad</span> <span class='ocrx_word' id='word_1_318' title='bbox 316 2089 366 2119; x_wconf 79' lang='lat' dir='ltr'>ius</span> <span class='ocrx_word' id='word_1_319' title='bbox 387 2089 500 2119; x_wconf 79' lang='lat' dir='ltr'>ciuile:</span> <span class='ocrx_word' id='word_1_320' title='bbox 524 2092 581 2119; x_wconf 77' lang='lat' dir='ltr'>auc</span> <span class='ocrx_word' id='word_1_321' title='bbox 604 2089 648 2119; x_wconf 83' lang='lat' dir='ltr'>ad</span> <span class='ocrx_word' id='word_1_322' title='bbox 670 2090 792 2120; x_wconf 79' lang='lat' dir='ltr'>actoris</span> <span class='ocrx_word' id='word_1_323' title='bbox 815 2091 976 2122; x_wconf 78' lang='lat' dir='ltr'>notionem</span> <span class='ocrx_word' id='word_1_324' title='bbox 993 2094 1021 2122; x_wconf 77' lang='lat' dir='ltr'>et</span> <span class='ocrx_word' id='word_1_325' title='bbox 1038 2092 1081 2122; x_wconf 80' lang='lat' dir='ltr'>acl</span> <span class='ocrx_word' id='word_1_326' title='bbox 1097 2093 1417 2124; x_wconf 79' lang='lat' dir='ltr'>animaduersionem</span> <span class='ocrx_word' id='word_1_327' title='bbox 1432 2094 1509 2124; x_wconf 84' lang='lat' dir='ltr'>aies.</span> <span class='ocrx_word' id='word_1_328' title='bbox 1535 2094 1764 2126; x_wconf 79' lang='lat' dir='ltr'>Iniuriarum?</span> <span class='ocrx_word' id='word_1_329' title='bbox 1783 2096 1856 2135; x_wconf 85' lang='lat' dir='ltr'>plus</span> <span class='ocrx_word' id='word_1_330' title='bbox 1871 2099 1916 2133; x_wconf 77' lang='lat' dir='ltr'>A:</span> 
     </span>
     <span class='ocr_line' id='line_1_30' title="bbox 169 2137 1919 2185; baseline 0.006 -18"><span class='ocrx_word' id='word_1_331' title='bbox 169 2139 246 2177; x_wconf 76' lang='lat' dir='ltr'>qnid</span> <span class='ocrx_word' id='word_1_332' title='bbox 269 2137 427 2177; x_wconf 79' lang='lat' dir='ltr'>denique?</span> <span class='ocrx_word' id='word_1_333' title='bbox 455 2139 498 2169; x_wconf 86' lang='lat' dir='ltr'>ad</span> <span class='ocrx_word' id='word_1_334' title='bbox 522 2138 570 2169; x_wconf 74' lang='lat' dir='ltr'>ius</span> <span class='ocrx_word' id='word_1_335' title='bbox 591 2139 697 2176; x_wconf 77' lang='lat' dir='ltr'>ciuile,</span> <span class='ocrx_word' id='word_1_336' title='bbox 723 2147 800 2178; x_wconf 69' lang='lat' dir='ltr'>agyes</span> <span class='ocrx_word' id='word_1_337' title='bbox 823 2140 1048 2172; x_wconf 77' lang='lat' dir='ltr'>iniuriarum?</span> <span class='ocrx_word' id='word_1_338' title='bbox 1076 2141 1151 2181; x_wconf 79' lang='lat' dir='ltr'>plus</span> <span class='ocrx_word' id='word_1_339' title='bbox 1176 2142 1308 2181; x_wconf 84' lang='lat' dir='ltr'>(mediis</span> <span class='ocrx_word' id='word_1_340' title='bbox 1332 2143 1480 2182; x_wconf 85' lang='lat' dir='ltr'>omissis)</span> <span class='ocrx_word' id='word_1_341' title='bbox 1505 2143 1548 2180; x_wconf 77' lang='lat' dir='ltr'>L;</span> <span class='ocrx_word' id='word_1_342' title='bbox 1585 2144 1662 2183; x_wconf 81' lang='lat' dir='ltr'>quid</span> <span class='ocrx_word' id='word_1_343' title='bbox 1685 2146 1845 2185; x_wconf 80' lang='lat' dir='ltr'>denique?</span> <span class='ocrx_word' id='word_1_344' title='bbox 1875 2148 1919 2177; x_wconf 81' lang='lat' dir='ltr'>ad</span> 
     </span>
     <span class='ocr_line' id='line_1_31' title="bbox 168 2187 1920 2236; baseline 0.005 -18"><span class='ocrx_word' id='word_1_345' title='bbox 168 2189 218 2218; x_wconf 81' lang='lat' dir='ltr'>ius</span> <span class='ocrx_word' id='word_1_346' title='bbox 240 2187 345 2225; x_wconf 81' lang='lat' dir='ltr'>ciuile,</span> <span class='ocrx_word' id='word_1_347' title='bbox 371 2189 429 2217; x_wconf 70' lang='lat' dir='ltr'>aut</span> <span class='ocrx_word' id='word_1_348' title='bbox 452 2188 496 2218; x_wconf 84' lang='lat' dir='ltr'>ad</span> <span class='ocrx_word' id='word_1_349' title='bbox 518 2187 640 2218; x_wconf 73' lang='lat' dir='ltr'>actoris</span> <span class='ocrx_word' id='word_1_350' title='bbox 662 2188 834 2226; x_wconf 75' lang='lat' dir='ltr'>notionem,</span> <span class='ocrx_word' id='word_1_351' title='bbox 861 2192 890 2220; x_wconf 77' lang='lat' dir='ltr'>ec</span> <span class='ocrx_word' id='word_1_352' title='bbox 913 2190 957 2220; x_wconf 85' lang='lat' dir='ltr'>ad</span> <span class='ocrx_word' id='word_1_353' title='bbox 979 2190 1308 2230; x_wconf 76' lang='lat' dir='ltr'>animaduersionem,</span> <span class='ocrx_word' id='word_1_354' title='bbox 1335 2201 1411 2232; x_wconf 72' lang='lat' dir='ltr'>oyes</span> <span class='ocrx_word' id='word_1_355' title='bbox 1433 2193 1658 2225; x_wconf 77' lang='lat' dir='ltr'>iniuriarum?</span> <span class='ocrx_word' id='word_1_356' title='bbox 1680 2195 1754 2226; x_wconf 81' lang='lat' dir='ltr'>Plus</span> <span class='ocrx_word' id='word_1_357' title='bbox 1777 2193 1815 2232; x_wconf 67' lang='lat' dir='ltr'>ss;</span> <span class='ocrx_word' id='word_1_358' title='bbox 1841 2197 1920 2236; x_wconf 82' lang='lat' dir='ltr'>quid</span> 
     </span>
     <span class='ocr_line' id='line_1_32' title="bbox 168 2237 1915 2284; baseline 0.005 -15"><span class='ocrx_word' id='word_1_359' title='bbox 168 2238 304 2277; x_wconf 81' lang='lat' dir='ltr'>denique</span> <span class='ocrx_word' id='word_1_360' title='bbox 327 2238 371 2268; x_wconf 84' lang='lat' dir='ltr'>ad</span> <span class='ocrx_word' id='word_1_361' title='bbox 394 2237 443 2268; x_wconf 81' lang='lat' dir='ltr'>ius</span> <span class='ocrx_word' id='word_1_362' title='bbox 465 2238 559 2269; x_wconf 82' lang='lat' dir='ltr'>ciuile</span> <span class='ocrx_word' id='word_1_363' title='bbox 582 2241 639 2269; x_wconf 74' lang='lat' dir='ltr'>aut</span> <span class='ocrx_word' id='word_1_364' title='bbox 662 2239 706 2269; x_wconf 71' lang='lat' dir='ltr'>acl</span> <span class='ocrx_word' id='word_1_365' title='bbox 723 2240 889 2278; x_wconf 73' lang='lat' dir='ltr'>praetoris</span> <span class='ocrx_word' id='word_1_366' title='bbox 913 2240 1073 2271; x_wconf 74' lang='lat' dir='ltr'>notionem</span> <span class='ocrx_word' id='word_1_367' title='bbox 1097 2244 1125 2271; x_wconf 75' lang='lat' dir='ltr'>et</span> <span class='ocrx_word' id='word_1_368' title='bbox 1148 2242 1192 2272; x_wconf 78' lang='lat' dir='ltr'>ad</span> <span class='ocrx_word' id='word_1_369' title='bbox 1222 2242 1564 2274; x_wconf 78' lang='lat' dir='ltr'>animaduersionem?</span> <span class='ocrx_word' id='word_1_370' title='bbox 1597 2252 1674 2284; x_wconf 71' lang='lat' dir='ltr'>aqes</span> <span class='ocrx_word' id='word_1_371' title='bbox 1701 2245 1915 2278; x_wconf 79' lang='lat' dir='ltr'>iniuriarum.</span> 
     </span>
     <span class='ocr_line' id='line_1_33' title="bbox 166 2286 1919 2334; baseline 0.005 -15"><span class='ocrx_word' id='word_1_372' title='bbox 166 2289 240 2320; x_wconf 80' lang='lat' dir='ltr'>Plus</span> <span class='ocrx_word' id='word_1_373' title='bbox 262 2289 298 2319; x_wconf 89' lang='lat' dir='ltr'>P.</span> <span class='ocrx_word' id='word_1_374' title='bbox 313 2286 444 2324; x_wconf 84' lang='lat' dir='ltr'>Faber;</span> <span class='ocrx_word' id='word_1_375' title='bbox 471 2288 547 2326; x_wconf 81' lang='lat' dir='ltr'>quid</span> <span class='ocrx_word' id='word_1_376' title='bbox 571 2288 705 2327; x_wconf 78' lang='lat' dir='ltr'>denique</span> <span class='ocrx_word' id='word_1_377' title='bbox 729 2289 773 2319; x_wconf 85' lang='lat' dir='ltr'>ad</span> <span class='ocrx_word' id='word_1_378' title='bbox 794 2289 845 2320; x_wconf 82' lang='lat' dir='ltr'>ius</span> <span class='ocrx_word' id='word_1_379' title='bbox 867 2288 983 2320; x_wconf 75' lang='lat' dir='ltr'>civile?</span> <span class='ocrx_word' id='word_1_380' title='bbox 1005 2289 1044 2320; x_wconf 75' lang='lat' dir='ltr'>Ac</span> <span class='ocrx_word' id='word_1_381' title='bbox 1067 2290 1110 2320; x_wconf 85' lang='lat' dir='ltr'>ad</span> <span class='ocrx_word' id='word_1_382' title='bbox 1133 2291 1254 2322; x_wconf 73' lang='lat' dir='ltr'>actoris</span> <span class='ocrx_word' id='word_1_383' title='bbox 1276 2292 1438 2323; x_wconf 77' lang='lat' dir='ltr'>notionem</span> <span class='ocrx_word' id='word_1_384' title='bbox 1460 2296 1490 2324; x_wconf 74' lang='lat' dir='ltr'>et</span> <span class='ocrx_word' id='word_1_385' title='bbox 1514 2292 1579 2334; x_wconf 90' lang='lat' dir='ltr'>[ad]</span> <span class='ocrx_word' id='word_1_386' title='bbox 1605 2294 1919 2327; x_wconf 77' lang='lat' dir='ltr'>animadversionem</span> 
     </span>
     <span class='ocr_line' id='line_1_34' title="bbox 167 2337 1919 2385; baseline 0.005 -16"><span class='ocrx_word' id='word_1_387' title='bbox 167 2346 243 2378; x_wconf 75' lang='lat' dir='ltr'>ayes</span> <span class='ocrx_word' id='word_1_388' title='bbox 266 2337 476 2368; x_wconf 76' lang='lat' dir='ltr'>iniuriarum.</span> <span class='ocrx_word' id='word_1_389' title='bbox 512 2338 586 2368; x_wconf 78' lang='lat' dir='ltr'>Plus</span> <span class='ocrx_word' id='word_1_390' title='bbox 609 2338 654 2374; x_wconf 82' lang='grc' dir='ltr'>Ο;</span> <span class='ocrx_word' id='word_1_391' title='bbox 691 2339 769 2376; x_wconf 78' lang='lat' dir='ltr'>quid</span> <span class='ocrx_word' id='word_1_392' title='bbox 792 2339 928 2378; x_wconf 81' lang='lat' dir='ltr'>denique</span> <span class='ocrx_word' id='word_1_393' title='bbox 951 2340 995 2370; x_wconf 75' lang='lat' dir='ltr'>acl</span> <span class='ocrx_word' id='word_1_394' title='bbox 1018 2339 1070 2370; x_wconf 82' lang='lat' dir='ltr'>ius</span> <span class='ocrx_word' id='word_1_395' title='bbox 1091 2340 1208 2371; x_wconf 73' lang='lat' dir='ltr'>civile?</span> <span class='ocrx_word' id='word_1_396' title='bbox 1241 2341 1282 2372; x_wconf 74' lang='lat' dir='ltr'>At</span> <span class='ocrx_word' id='word_1_397' title='bbox 1304 2343 1347 2373; x_wconf 87' lang='lat' dir='ltr'>ad</span> <span class='ocrx_word' id='word_1_398' title='bbox 1371 2343 1516 2374; x_wconf 81' lang='lat' dir='ltr'>auctoris</span> <span class='ocrx_word' id='word_1_399' title='bbox 1536 2343 1699 2376; x_wconf 78' lang='lat' dir='ltr'>notionem</span> <span class='ocrx_word' id='word_1_400' title='bbox 1722 2349 1820 2385; x_wconf 76' lang='lat' dir='ltr'>atque</span> <span class='ocrx_word' id='word_1_401' title='bbox 1842 2347 1919 2376; x_wconf 78' lang='lat' dir='ltr'>ani-</span> 
     </span>
     <span class='ocr_line' id='line_1_35' title="bbox 166 2388 1917 2433; baseline 0.005 -14"><span class='ocrx_word' id='word_1_402' title='bbox 166 2388 423 2419; x_wconf 77' lang='lat' dir='ltr'>madversionem</span> <span class='ocrx_word' id='word_1_403' title='bbox 446 2395 522 2427; x_wconf 72' lang='lat' dir='ltr'>ayes</span> <span class='ocrx_word' id='word_1_404' title='bbox 545 2388 757 2420; x_wconf 75' lang='lat' dir='ltr'>iniuriarum.</span> <span class='ocrx_word' id='word_1_405' title='bbox 794 2389 868 2420; x_wconf 82' lang='lat' dir='ltr'>Plus</span> <span class='ocrx_word' id='word_1_406' title='bbox 897 2388 945 2429; x_wconf 72' lang='lat' dir='ltr'>(ac</span> <span class='ocrx_word' id='word_1_407' title='bbox 970 2398 1011 2420; x_wconf 78' lang='lat' dir='ltr'>ex</span> <span class='ocrx_word' id='word_1_408' title='bbox 1043 2397 1121 2429; x_wconf 84' lang='lat' dir='ltr'>sua,</span> <span class='ocrx_word' id='word_1_409' title='bbox 1153 2392 1298 2422; x_wconf 77' lang='lat' dir='ltr'>auctoris</span> <span class='ocrx_word' id='word_1_410' title='bbox 1326 2400 1368 2423; x_wconf 81' lang='lat' dir='ltr'>ex</span> <span class='ocrx_word' id='word_1_411' title='bbox 1398 2392 1502 2423; x_wconf 88' lang='lat' dir='ltr'>Heisii</span> <span class='ocrx_word' id='word_1_412' title='bbox 1532 2393 1741 2433; x_wconf 80' lang='lat' dir='ltr'>coniectura)</span> <span class='ocrx_word' id='word_1_413' title='bbox 1773 2394 1917 2428; x_wconf 88' lang='lat' dir='ltr'>Orellius</span> 
     </span>
     <span class='ocr_line' id='line_1_36' title="bbox 167 2436 1918 2485; baseline 0.004 -16"><span class='ocrx_word' id='word_1_414' title='bbox 167 2438 286 2479; x_wconf 69' lang='lat' dir='ltr'>(Orati.</span> <span class='ocrx_word' id='word_1_415' title='bbox 308 2437 372 2468; x_wconf 73' lang='lat' dir='ltr'>seli.</span> <span class='ocrx_word' id='word_1_416' title='bbox 391 2436 491 2477; x_wconf 74' lang='lat' dir='ltr'>X1·.);</span> <span class='ocrx_word' id='word_1_417' title='bbox 517 2437 595 2475; x_wconf 80' lang='lat' dir='ltr'>quid</span> <span class='ocrx_word' id='word_1_418' title='bbox 617 2438 776 2477; x_wconf 71' lang='lat' dir='ltr'>denique?</span> <span class='ocrx_word' id='word_1_419' title='bbox 799 2439 842 2469; x_wconf 72' lang='lat' dir='ltr'>acl</span> <span class='ocrx_word' id='word_1_420' title='bbox 865 2439 913 2469; x_wconf 77' lang='lat' dir='ltr'>ius</span> <span class='ocrx_word' id='word_1_421' title='bbox 934 2439 1038 2477; x_wconf 68' lang='lat' dir='ltr'>civile,</span> <span class='ocrx_word' id='word_1_422' title='bbox 1064 2448 1109 2470; x_wconf 84' lang='lat' dir='ltr'>an</span> <span class='ocrx_word' id='word_1_423' title='bbox 1132 2440 1176 2470; x_wconf 81' lang='lat' dir='ltr'>ad</span> <span class='ocrx_word' id='word_1_424' title='bbox 1198 2441 1360 2472; x_wconf 79' lang='lat' dir='ltr'>notionem</span> <span class='ocrx_word' id='word_1_425' title='bbox 1383 2445 1480 2481; x_wconf 75' lang='lat' dir='ltr'>alque</span> <span class='ocrx_word' id='word_1_426' title='bbox 1503 2443 1818 2476; x_wconf 82' lang='lat' dir='ltr'>animadversionem</span> <span class='ocrx_word' id='word_1_427' title='bbox 1841 2454 1918 2485; x_wconf 68' lang='lat' dir='ltr'>aqes</span> 
     </span>
     <span class='ocr_line' id='line_1_37' title="bbox 165 2486 1918 2532; baseline 0.004 -14"><span class='ocrx_word' id='word_1_428' title='bbox 165 2486 391 2518; x_wconf 74' lang='lat' dir='ltr'>iniuriarum?</span> <span class='ocrx_word' id='word_1_429' title='bbox 412 2486 486 2517; x_wconf 81' lang='lat' dir='ltr'>Plus</span> <span class='ocrx_word' id='word_1_430' title='bbox 502 2487 579 2517; x_wconf 81' lang='lat' dir='ltr'>Gar.</span> <span class='ocrx_word' id='word_1_431' title='bbox 598 2487 650 2522; x_wconf 76' lang='lat'>⁵2..;</span> <span class='ocrx_word' id='word_1_432' title='bbox 678 2488 755 2526; x_wconf 81' lang='lat' dir='ltr'>quid</span> <span class='ocrx_word' id='word_1_433' title='bbox 778 2489 912 2527; x_wconf 70' lang='lat' dir='ltr'>&lt;lenique</span> <span class='ocrx_word' id='word_1_434' title='bbox 936 2489 979 2519; x_wconf 87' lang='lat' dir='ltr'>ad</span> <span class='ocrx_word' id='word_1_435' title='bbox 1002 2489 1052 2520; x_wconf 85' lang='lat' dir='ltr'>ius</span> <span class='ocrx_word' id='word_1_436' title='bbox 1073 2490 1183 2528; x_wconf 82' lang='lat' dir='ltr'>civile,</span> <span class='ocrx_word' id='word_1_437' title='bbox 1208 2499 1282 2522; x_wconf 80' lang='lat' dir='ltr'>cum</span> <span class='ocrx_word' id='word_1_438' title='bbox 1304 2492 1348 2522; x_wconf 83' lang='lat' dir='ltr'>ad</span> <span class='ocrx_word' id='word_1_439' title='bbox 1368 2491 1528 2531; x_wconf 79' lang='lat' dir='ltr'>facinoris</span> <span class='ocrx_word' id='word_1_440' title='bbox 1550 2493 1711 2524; x_wconf 74' lang='lat' dir='ltr'>notionem</span> <span class='ocrx_word' id='word_1_441' title='bbox 1733 2497 1832 2532; x_wconf 75' lang='lat' dir='ltr'>atque</span> <span class='ocrx_word' id='word_1_442' title='bbox 1847 2495 1918 2525; x_wconf 83' lang='lat' dir='ltr'>ani-</span> 
     </span>
     <span class='ocr_line' id='line_1_38' title="bbox 164 2536 1916 2576; baseline 0.004 -8"><span class='ocrx_word' id='word_1_443' title='bbox 164 2537 419 2568; x_wconf 74' lang='lat' dir='ltr'>madversionem</span> <span class='ocrx_word' id='word_1_444' title='bbox 442 2544 519 2576; x_wconf 73' lang='lat' dir='ltr'>agyes</span> <span class='ocrx_word' id='word_1_445' title='bbox 540 2536 767 2568; x_wconf 73' lang='lat' dir='ltr'>inim-iarum?</span> <span class='ocrx_word' id='word_1_446' title='bbox 788 2538 862 2569; x_wconf 80' lang='lat' dir='ltr'>Plus</span> <span class='ocrx_word' id='word_1_447' title='bbox 883 2538 1012 2570; x_wconf 89' lang='lat' dir='ltr'>Theod.</span> <span class='ocrx_word' id='word_1_448' title='bbox 1027 2539 1288 2572; x_wconf 84' lang='lat' dir='ltr'>Mommsenius.</span> <span class='ocrx_word' id='word_1_449' title='bbox 1313 2541 1427 2573; x_wconf 78' lang='lat' dir='ltr'>Verba</span> <span class='ocrx_word' id='word_1_450' title='bbox 1452 2551 1470 2573; x_wconf 83' lang='lat' dir='ltr'>a</span> <span class='ocrx_word' id='word_1_451' title='bbox 1495 2542 1594 2574; x_wconf 88' lang='lat' dir='ltr'>nobis</span> <span class='ocrx_word' id='word_1_452' title='bbox 1618 2541 1754 2575; x_wconf 86' lang='lat' dir='ltr'>seclusa</span> <span class='ocrx_word' id='word_1_453' title='bbox 1777 2542 1916 2576; x_wconf 79' lang='lat' dir='ltr'>aliunde</span> 
     </span>
     <span class='ocr_line' id='line_1_39' title="bbox 165 2585 1917 2628; baseline 0.004 -11"><span class='ocrx_word' id='word_1_454' title='bbox 165 2586 317 2627; x_wconf 80' lang='lat' dir='ltr'>prosecta</span> <span class='ocrx_word' id='word_1_455' title='bbox 343 2594 419 2618; x_wconf 84' lang='lat' dir='ltr'>esse</span> <span class='ocrx_word' id='word_1_456' title='bbox 444 2585 535 2616; x_wconf 81' lang='lat' dir='ltr'>hene</span> <span class='ocrx_word' id='word_1_457' title='bbox 559 2585 745 2618; x_wconf 70' lang='lat' dir='ltr'>declaravit</span> <span class='ocrx_word' id='word_1_458' title='bbox 770 2587 976 2625; x_wconf 78' lang='lat' dir='ltr'>Lambinus,</span> <span class='ocrx_word' id='word_1_459' title='bbox 1003 2597 1108 2628; x_wconf 85' lang='lat' dir='ltr'>quem</span> <span class='ocrx_word' id='word_1_460' title='bbox 1133 2591 1265 2621; x_wconf 82' lang='lat' dir='ltr'>mutata</span> <span class='ocrx_word' id='word_1_461' title='bbox 1281 2590 1471 2622; x_wconf 70' lang='lat' dir='ltr'>verborum</span> <span class='ocrx_word' id='word_1_462' title='bbox 1495 2591 1713 2623; x_wconf 77' lang='lat' dir='ltr'>distinctione</span> <span class='ocrx_word' id='word_1_463' title='bbox 1730 2594 1840 2624; x_wconf 82' lang='lat' dir='ltr'>secuti</span> <span class='ocrx_word' id='word_1_464' title='bbox 1856 2602 1917 2624; x_wconf 93' lang='lat' dir='ltr'>su-</span> 
     </span>
     <span class='ocr_line' id='line_1_40' title="bbox 165 2635 1917 2679; baseline 0.004 -12"><span class='ocrx_word' id='word_1_465' title='bbox 165 2644 256 2667; x_wconf 82' lang='lat' dir='ltr'>mus.</span> <span class='ocrx_word' id='word_1_466' title='bbox 283 2653 316 2656; x_wconf 97' lang='lat'><strong>—</strong></span> <span class='ocrx_word' id='word_1_467' title='bbox 345 2635 374 2666; x_wconf 88' lang='lat'>3.</span> <span class='ocrx_word' id='word_1_468' title='bbox 407 2635 596 2674; x_wconf 68' lang='lat' dir='ltr'>adsequitur</span> <span class='ocrx_word' id='word_1_469' title='bbox 625 2638 700 2668; x_wconf 89' lang='lat' dir='ltr'>T.-</span> <span class='ocrx_word' id='word_1_470' title='bbox 729 2638 759 2669; x_wconf 81' lang='lat'>5.</span> <span class='ocrx_word' id='word_1_471' title='bbox 786 2638 903 2669; x_wconf 81' lang='lat' dir='ltr'>tacebis</span> <span class='ocrx_word' id='word_1_472' title='bbox 926 2647 1036 2679; x_wconf 86' lang='lat' dir='ltr'>amq</span> <span class='ocrx_word' id='word_1_473' title='bbox 1062 2639 1124 2679; x_wconf 90' lang='lat' dir='ltr'>(pr.</span> <span class='ocrx_word' id='word_1_474' title='bbox 1151 2640 1210 2678; x_wconf 87' lang='lat' dir='ltr'>m.)</span> <span class='ocrx_word' id='word_1_475' title='bbox 1234 2638 1288 2678; x_wconf 71' lang='grc' dir='ltr'>ιβ</span> <span class='ocrx_word' id='word_1_476' title='bbox 1305 2642 1338 2671; x_wconf 83' lang='lat' dir='ltr'>et</span> <span class='ocrx_word' id='word_1_477' title='bbox 1354 2643 1392 2673; x_wconf 84' lang='lat' dir='ltr'>A.</span> <span class='ocrx_word' id='word_1_478' title='bbox 1413 2659 1448 2664; x_wconf 85' lang='lat'>—</span> <span class='ocrx_word' id='word_1_479' title='bbox 1475 2642 1564 2673; x_wconf 81' lang='lat' dir='ltr'>aedis</span> <span class='ocrx_word' id='word_1_480' title='bbox 1580 2642 1616 2673; x_wconf 93' lang='lat' dir='ltr'>T.</span> <span class='ocrx_word' id='word_1_481' title='bbox 1634 2660 1668 2664; x_wconf 84' lang='lat'><em>-</em></span> <span class='ocrx_word' id='word_1_482' title='bbox 1690 2642 1720 2673; x_wconf 85' lang='lat'>8.</span> <span class='ocrx_word' id='word_1_483' title='bbox 1739 2643 1917 2674; x_wconf 77' lang='lat' dir='ltr'>interdictis</span> 
     </span>
     <span class='ocr_line' id='line_1_41' title="bbox 166 2685 1912 2732; baseline 0.005 -17"><span class='ocrx_word' id='word_1_484' title='bbox 166 2688 292 2724; x_wconf 79' lang='lat' dir='ltr'>repente</span> <span class='ocrx_word' id='word_1_485' title='bbox 307 2685 380 2722; x_wconf 85' lang='lat' dir='ltr'>ET;</span> <span class='ocrx_word' id='word_1_486' title='bbox 398 2685 560 2717; x_wconf 78' lang='lat' dir='ltr'>interdicit</span> <span class='ocrx_word' id='word_1_487' title='bbox 574 2690 704 2725; x_wconf 83' lang='lat' dir='ltr'>repenle</span> <span class='ocrx_word' id='word_1_488' title='bbox 721 2696 738 2718; x_wconf 84' lang='lat' dir='ltr'>a</span> <span class='ocrx_word' id='word_1_489' title='bbox 754 2696 772 2718; x_wconf 92' lang='lat' dir='ltr'>e</span> <span class='ocrx_word' id='word_1_490' title='bbox 785 2687 806 2718; x_wconf 82' lang='lat' dir='ltr'>k</span> <span class='ocrx_word' id='word_1_491' title='bbox 820 2696 854 2718; x_wconf 87' lang='grc' dir='ltr'>ιιι</span> <span class='ocrx_word' id='word_1_492' title='bbox 871 2696 891 2727; x_wconf 86' lang='lat' dir='ltr'>p</span> <span class='ocrx_word' id='word_1_493' title='bbox 905 2696 925 2728; x_wconf 89' lang='lat' dir='ltr'>q</span> <span class='ocrx_word' id='word_1_494' title='bbox 941 2689 963 2719; x_wconf 87' lang='lat' dir='ltr'>t.</span> <span class='ocrx_word' id='word_1_495' title='bbox 992 2688 1040 2719; x_wconf 80' lang='lat' dir='ltr'>Cf.</span> <span class='ocrx_word' id='word_1_496' title='bbox 1056 2697 1129 2720; x_wconf 63' lang='lat' dir='ltr'>var.</span> <span class='ocrx_word' id='word_1_497' title='bbox 1142 2688 1221 2720; x_wconf 82' lang='lat' dir='ltr'>lect.</span> <span class='ocrx_word' id='word_1_498' title='bbox 1236 2698 1270 2730; x_wconf 89' lang='lat' dir='ltr'>p.</span> <span class='ocrx_word' id='word_1_499' title='bbox 1286 2690 1359 2722; x_wconf 81' lang='lat'>503.</span> <span class='ocrx_word' id='word_1_500' title='bbox 1375 2699 1409 2722; x_wconf 73' lang='lat' dir='ltr'>v,</span> <span class='ocrx_word' id='word_1_501' title='bbox 1424 2691 1496 2722; x_wconf 72' lang='grc'>2.-</span> <span class='ocrx_word' id='word_1_502' title='bbox 1516 2691 1605 2732; x_wconf 79' lang='lat' dir='ltr'>quid]</span> <span class='ocrx_word' id='word_1_503' title='bbox 1622 2692 1707 2730; x_wconf 77' lang='lat' dir='ltr'>quod</span> <span class='ocrx_word' id='word_1_504' title='bbox 1725 2692 1912 2724; x_wconf 86' lang='lat' dir='ltr'>Ernestius.</span> 
     </span>
     <span class='ocr_line' id='line_1_42' title="bbox 165 2733 1913 2782; baseline 0.005 -17"><span class='ocrx_word' id='word_1_505' title='bbox 165 2733 294 2765; x_wconf 77' lang='lat' dir='ltr'>subtile</span> <span class='ocrx_word' id='word_1_506' title='bbox 319 2734 458 2766; x_wconf 90' lang='lat' dir='ltr'>omnino</span> <span class='ocrx_word' id='word_1_507' title='bbox 483 2737 535 2766; x_wconf 85' lang='lat' dir='ltr'>est</span> <span class='ocrx_word' id='word_1_508' title='bbox 558 2735 762 2768; x_wconf 83' lang='lat' dir='ltr'>discrimen:</span> <span class='ocrx_word' id='word_1_509' title='bbox 789 2746 852 2768; x_wconf 79' lang='lat' dir='ltr'>non</span> <span class='ocrx_word' id='word_1_510' title='bbox 877 2737 1001 2768; x_wconf 72' lang='lat' dir='ltr'>habebit</span> <span class='ocrx_word' id='word_1_511' title='bbox 1024 2738 1102 2776; x_wconf 75' lang='lat' dir='ltr'>quid</span> <span class='ocrx_word' id='word_1_512' title='bbox 1123 2738 1227 2778; x_wconf 78' lang='lat' dir='ltr'>saciat</span> <span class='ocrx_word' id='word_1_513' title='bbox 1250 2742 1302 2771; x_wconf 87' lang='lat' dir='ltr'>est</span> <span class='ocrx_word' id='word_1_514' title='bbox 1323 2741 1432 2771; x_wconf 86' lang='lat' dir='ltr'>«inter</span> <span class='ocrx_word' id='word_1_515' title='bbox 1448 2740 1516 2772; x_wconf 92' lang='lat' dir='ltr'>duo</span> <span class='ocrx_word' id='word_1_516' title='bbox 1532 2742 1640 2772; x_wconf 82' lang='lat' dir='ltr'>triave</span> <span class='ocrx_word' id='word_1_517' title='bbox 1658 2740 1723 2773; x_wconf 89' lang='lat' dir='ltr'>sibi</span> <span class='ocrx_word' id='word_1_518' title='bbox 1739 2743 1913 2782; x_wconf 82' lang='lat' dir='ltr'>proposita</span> 
     </span>
     <span class='ocr_line' id='line_1_43' title="bbox 166 2784 1914 2829; baseline 0.005 -14"><span class='ocrx_word' id='word_1_519' title='bbox 166 2784 297 2816; x_wconf 86' lang='lat' dir='ltr'>nesciet.</span> <span class='ocrx_word' id='word_1_520' title='bbox 320 2792 463 2824; x_wconf 85' lang='lat' dir='ltr'>prorsus</span> <span class='ocrx_word' id='word_1_521' title='bbox 487 2785 569 2825; x_wconf 88' lang='lat' dir='ltr'>quid</span> <span class='ocrx_word' id='word_1_522' title='bbox 603 2786 799 2818; x_wconf 80' lang='lat' dir='ltr'>faciendum</span> <span class='ocrx_word' id='word_1_523' title='bbox 824 2787 990 2823; x_wconf 76' lang='lat' dir='ltr'>statuut=›;</span> <span class='ocrx_word' id='word_1_524' title='bbox 1026 2796 1090 2818; x_wconf 81' lang='lat' dir='ltr'>non</span> <span class='ocrx_word' id='word_1_525' title='bbox 1113 2787 1240 2820; x_wconf 79' lang='lat' dir='ltr'>habebit</span> <span class='ocrx_word' id='word_1_526' title='bbox 1266 2790 1351 2827; x_wconf 82' lang='lat' dir='ltr'>quod</span> <span class='ocrx_word' id='word_1_527' title='bbox 1378 2790 1482 2829; x_wconf 83' lang='lat' dir='ltr'>faciat</span> <span class='ocrx_word' id='word_1_528' title='bbox 1511 2789 1613 2821; x_wconf 88' lang='lat' dir='ltr'>«nihil</span> <span class='ocrx_word' id='word_1_529' title='bbox 1637 2792 1776 2823; x_wconf 88' lang='lat' dir='ltr'>omnino</span> <span class='ocrx_word' id='word_1_530' title='bbox 1801 2791 1914 2824; x_wconf 80' lang='lat' dir='ltr'>faeere</span> 
     </span>
     <span class='ocr_line' id='line_1_44' title="bbox 164 2831 1912 2881; baseline 0.006 -18"><span class='ocrx_word' id='word_1_531' title='bbox 164 2831 256 2864; x_wconf 72' lang='lat' dir='ltr'>volet</span> <span class='ocrx_word' id='word_1_532' title='bbox 278 2832 331 2864; x_wconf 83' lang='lat' dir='ltr'>vel</span> <span class='ocrx_word' id='word_1_533' title='bbox 356 2834 515 2874; x_wconf 72' lang='lat' dir='ltr'>poterit.»</span> <span class='ocrx_word' id='word_1_534' title='bbox 541 2835 597 2866; x_wconf 75' lang='lat' dir='ltr'>On.</span> <span class='ocrx_word' id='word_1_535' title='bbox 639 2836 688 2867; x_wconf 86' lang='lat' dir='ltr'>Cf.</span> <span class='ocrx_word' id='word_1_536' title='bbox 716 2836 746 2876; x_wconf 69' lang='lat' dir='ltr'>g.</span> <span class='ocrx_word' id='word_1_537' title='bbox 773 2837 824 2867; x_wconf 72' lang='lat'>31.</span> <span class='ocrx_word' id='word_1_538' title='bbox 851 2836 902 2867; x_wconf 86' lang='lat'>33.</span> <span class='ocrx_word' id='word_1_539' title='bbox 931 2853 968 2858; x_wconf 91' lang='lat'>—</span> <span class='ocrx_word' id='word_1_540' title='bbox 995 2837 1025 2867; x_wconf 82' lang='lat'>9.</span> <span class='ocrx_word' id='word_1_541' title='bbox 1051 2837 1157 2868; x_wconf 79' lang='lat' dir='ltr'>Pisoni</span> <span class='ocrx_word' id='word_1_542' title='bbox 1180 2839 1220 2869; x_wconf 77' lang='lat' dir='ltr'>L:</span> <span class='ocrx_word' id='word_1_543' title='bbox 1257 2840 1368 2870; x_wconf 78' lang='lat' dir='ltr'>Pisone</span> <span class='ocrx_word' id='word_1_544' title='bbox 1392 2838 1463 2871; x_wconf 66' lang='lat' dir='ltr'>QtA</span> <span class='ocrx_word' id='word_1_545' title='bbox 1480 2837 1500 2871; x_wconf 66' lang='lat' dir='ltr'><strong><em>Q</em></strong></span> <span class='ocrx_word' id='word_1_546' title='bbox 1517 2840 1554 2871; x_wconf 90' lang='grc' dir='ltr'>Ο.</span> <span class='ocrx_word' id='word_1_547' title='bbox 1583 2857 1617 2862; x_wconf 83' lang='grc'>-</span> <span class='ocrx_word' id='word_1_548' title='bbox 1644 2850 1704 2881; x_wconf 80' lang='lat' dir='ltr'>que</span> <span class='ocrx_word' id='word_1_549' title='bbox 1733 2850 1789 2873; x_wconf 86' lang='lat' dir='ltr'>om</span> <span class='ocrx_word' id='word_1_550' title='bbox 1813 2842 1848 2873; x_wconf 90' lang='lat' dir='ltr'>T.</span> <span class='ocrx_word' id='word_1_551' title='bbox 1877 2859 1912 2863; x_wconf 92' lang='lat'><strong>—</strong></span> 
     </span>
     <span class='ocr_line' id='line_1_45' title="bbox 162 2882 1914 2928; baseline 0.006 -15"><span class='ocrx_word' id='word_1_552' title='bbox 162 2882 322 2922; x_wconf 79' lang='lat' dir='ltr'>prohibito</span> <span class='ocrx_word' id='word_1_553' title='bbox 346 2882 454 2914; x_wconf 87' lang='lat' dir='ltr'>semel</span> <span class='ocrx_word' id='word_1_554' title='bbox 480 2884 644 2916; x_wconf 78' lang='lat' dir='ltr'>exhibent</span> <span class='ocrx_word' id='word_1_555' title='bbox 667 2884 696 2917; x_wconf 64' lang='lat'>³21</span> <span class='ocrx_word' id='word_1_556' title='bbox 721 2887 871 2927; x_wconf 80' lang='lat' dir='ltr'>(praeter</span> <span class='ocrx_word' id='word_1_557' title='bbox 894 2887 933 2923; x_wconf 86' lang='lat' dir='ltr'>k,</span> <span class='ocrx_word' id='word_1_558' title='bbox 966 2885 1009 2917; x_wconf 85' lang='lat' dir='ltr'>de</span> <span class='ocrx_word' id='word_1_559' title='bbox 1034 2895 1102 2926; x_wconf 89' lang='lat' dir='ltr'>quo</span> <span class='ocrx_word' id='word_1_560' title='bbox 1127 2896 1194 2918; x_wconf 89' lang='lat' dir='ltr'>non</span> <span class='ocrx_word' id='word_1_561' title='bbox 1220 2887 1338 2928; x_wconf 80' lang='lat' dir='ltr'>liquet)</span> <span class='ocrx_word' id='word_1_562' title='bbox 1364 2890 1398 2920; x_wconf 89' lang='lat' dir='ltr'>et</span> <span class='ocrx_word' id='word_1_563' title='bbox 1421 2890 1466 2926; x_wconf 79' lang='lat' dir='ltr'>A3</span> <span class='ocrx_word' id='word_1_564' title='bbox 1500 2889 1661 2922; x_wconf 79' lang='lat' dir='ltr'>iteratum</span> <span class='ocrx_word' id='word_1_565' title='bbox 1685 2892 1737 2922; x_wconf 89' lang='lat' dir='ltr'>est</span> <span class='ocrx_word' id='word_1_566' title='bbox 1767 2891 1845 2922; x_wconf 89' lang='lat' dir='ltr'>inde</span> <span class='ocrx_word' id='word_1_567' title='bbox 1869 2891 1914 2923; x_wconf 83' lang='lat' dir='ltr'>ab</span> 
     </span>
    </p>
   </div>
   <div class='ocr_carea' id='block_1_4' title="bbox 164 2931 1914 3279">
    <p class='ocr_par' dir='ltr' id='par_1_4' title="bbox 164 2931 1914 3279">
     <span class='ocr_line' id='line_1_46' title="bbox 165 2931 1911 2979; baseline 0.005 -16"><span class='ocrx_word' id='word_1_568' title='bbox 165 2931 297 2964; x_wconf 81' lang='lat' dir='ltr'>Aldina.</span> <span class='ocrx_word' id='word_1_569' title='bbox 339 2932 388 2964; x_wconf 84' lang='lat' dir='ltr'>Cf.</span> <span class='ocrx_word' id='word_1_570' title='bbox 415 2933 445 2973; x_wconf 60' lang='grc' dir='ltr'>ὲ.</span> <span class='ocrx_word' id='word_1_571' title='bbox 472 2933 502 2964; x_wconf 93' lang='grc'>3.</span> <span class='ocrx_word' id='word_1_572' title='bbox 532 2951 567 2955; x_wconf 91' lang='lat'>—-</span> <span class='ocrx_word' id='word_1_573' title='bbox 595 2935 645 2966; x_wconf 90' lang='grc'>40.</span> <span class='ocrx_word' id='word_1_574' title='bbox 680 2940 827 2967; x_wconf 75' lang='lat' dir='ltr'>armatos</span> <span class='ocrx_word' id='word_1_575' title='bbox 851 2939 880 2967; x_wconf 81' lang='lat' dir='ltr'>et</span> <span class='ocrx_word' id='word_1_576' title='bbox 902 2940 1030 2967; x_wconf 79' lang='lat' dir='ltr'>coactos</span> <span class='ocrx_word' id='word_1_577' title='bbox 1053 2936 1219 2977; x_wconf 63' lang='lat' dir='ltr'>amqtss</span> <span class='ocrx_word' id='word_1_578' title='bbox 1235 2940 1269 2969; x_wconf 84' lang='lat' dir='ltr'>et</span> <span class='ocrx_word' id='word_1_579' title='bbox 1284 2940 1322 2970; x_wconf 83' lang='grc' dir='ltr'>Α.</span> <span class='ocrx_word' id='word_1_580' title='bbox 1352 2957 1387 2961; x_wconf 90' lang='lat'>—-</span> <span class='ocrx_word' id='word_1_581' title='bbox 1415 2940 1465 2971; x_wconf 69' lang='lat'>42.</span> <span class='ocrx_word' id='word_1_582' title='bbox 1497 2940 1622 2971; x_wconf 82' lang='lat' dir='ltr'>iniuria</span> <span class='ocrx_word' id='word_1_583' title='bbox 1651 2943 1784 2979; x_wconf 81' lang='lat' dir='ltr'>accepta</span> <span class='ocrx_word' id='word_1_584' title='bbox 1813 2942 1848 2972; x_wconf 95' lang='lat' dir='ltr'>L.</span> <span class='ocrx_word' id='word_1_585' title='bbox 1877 2959 1911 2962; x_wconf 97' lang='lat'><strong>—</strong></span> 
     </span>
     <span class='ocr_line' id='line_1_47' title="bbox 164 2981 1913 3031; baseline 0.006 -21"><span class='ocrx_word' id='word_1_586' title='bbox 164 2981 366 3020; x_wconf 73' lang='lat' dir='ltr'>prohibitus?</span> <span class='ocrx_word' id='word_1_587' title='bbox 391 2982 437 3013; x_wconf 81' lang='lat' dir='ltr'>sic</span> <span class='ocrx_word' id='word_1_588' title='bbox 460 2992 485 3013; x_wconf 88' lang='grc' dir='ltr'>α</span> <span class='ocrx_word' id='word_1_589' title='bbox 509 2984 543 3014; x_wconf 85' lang='lat' dir='ltr'>et</span> <span class='ocrx_word' id='word_1_590' title='bbox 566 2985 786 3017; x_wconf 81' lang='lat' dir='ltr'>Garatonius:</span> <span class='ocrx_word' id='word_1_591' title='bbox 808 2986 993 3025; x_wconf 79' lang='lat' dir='ltr'>prohibitus</span> <span class='ocrx_word' id='word_1_592' title='bbox 1015 2987 1057 3017; x_wconf 85' lang='lat' dir='ltr'>sis</span> <span class='ocrx_word' id='word_1_593' title='bbox 1080 2987 1105 3017; x_wconf 89' lang='lat' dir='ltr'>R</span> <span class='ocrx_word' id='word_1_594' title='bbox 1122 2990 1147 3018; x_wconf 88' lang='lat' dir='ltr'>A</span> <span class='ocrx_word' id='word_1_595' title='bbox 1164 2988 1188 3018; x_wconf 93' lang='lat' dir='ltr'>L</span> <span class='ocrx_word' id='word_1_596' title='bbox 1206 2984 1225 3019; x_wconf 62' lang='lat' dir='ltr'><strong><em>Q</em></strong></span> <span class='ocrx_word' id='word_1_597' title='bbox 1243 2988 1280 3018; x_wconf 92' lang='lat' dir='ltr'>O.</span> <span class='ocrx_word' id='word_1_598' title='bbox 1309 3005 1343 3009; x_wconf 74' lang='lat'>—</span> <span class='ocrx_word' id='word_1_599' title='bbox 1371 2988 1423 3019; x_wconf 91' lang='grc'>43.</span> <span class='ocrx_word' id='word_1_600' title='bbox 1448 2997 1541 3020; x_wconf 78' lang='lat' dir='ltr'>nemo</span> <span class='ocrx_word' id='word_1_601' title='bbox 1565 2998 1633 3021; x_wconf 90' lang='lat' dir='ltr'>om.</span> <span class='ocrx_word' id='word_1_602' title='bbox 1660 2990 1694 3021; x_wconf 95' lang='lat' dir='ltr'>T.</span> <span class='ocrx_word' id='word_1_603' title='bbox 1716 3005 1750 3011; x_wconf 95' lang='lat'>—</span> <span class='ocrx_word' id='word_1_604' title='bbox 1778 2989 1830 3022; x_wconf 77' lang='grc'>44.</span> <span class='ocrx_word' id='word_1_605' title='bbox 1855 2990 1913 3031; x_wconf 84' lang='lat' dir='ltr'>illi]</span> 
     </span>
     <span class='ocr_line' id='line_1_48' title="bbox 166 3029 1914 3078; baseline 0.005 -18"><span class='ocrx_word' id='word_1_606' title='bbox 166 3029 218 3060; x_wconf 77' lang='lat' dir='ltr'>ille</span> <span class='ocrx_word' id='word_1_607' title='bbox 239 3031 275 3061; x_wconf 88' lang='lat' dir='ltr'>T.</span> <span class='ocrx_word' id='word_1_608' title='bbox 302 3048 336 3052; x_wconf 89' lang='lat'>—</span> <span class='ocrx_word' id='word_1_609' title='bbox 364 3032 415 3063; x_wconf 77' lang='grc'>45.</span> <span class='ocrx_word' id='word_1_610' title='bbox 441 3040 473 3063; x_wconf 87' lang='lat' dir='ltr'>se</span> <span class='ocrx_word' id='word_1_611' title='bbox 496 3041 566 3063; x_wconf 88' lang='lat' dir='ltr'>om.</span> <span class='ocrx_word' id='word_1_612' title='bbox 592 3033 613 3063; x_wconf 83' lang='lat' dir='ltr'><strong>k</strong></span> <span class='ocrx_word' id='word_1_613' title='bbox 637 3035 671 3064; x_wconf 85' lang='lat' dir='ltr'>et</span> <span class='ocrx_word' id='word_1_614' title='bbox 687 3035 723 3065; x_wconf 93' lang='grc' dir='ltr'>Ο.</span> <span class='ocrx_word' id='word_1_615' title='bbox 744 3052 778 3056; x_wconf 82' lang='lat'>-</span> <span class='ocrx_word' id='word_1_616' title='bbox 800 3035 852 3066; x_wconf 88' lang='grc'>46.</span> <span class='ocrx_word' id='word_1_617' title='bbox 879 3036 1050 3066; x_wconf 79' lang='lat' dir='ltr'>accesseris</span> <span class='ocrx_word' id='word_1_618' title='bbox 1072 3037 1107 3066; x_wconf 90' lang='lat' dir='ltr'>L.</span> <span class='ocrx_word' id='word_1_619' title='bbox 1130 3053 1164 3058; x_wconf 88' lang='lat'>-—</span> <span class='ocrx_word' id='word_1_620' title='bbox 1184 3037 1281 3067; x_wconf 80' lang='lat' dir='ltr'>deieci</span> <span class='ocrx_word' id='word_1_621' title='bbox 1305 3037 1329 3068; x_wconf 90' lang='lat' dir='ltr'>T</span> <span class='ocrx_word' id='word_1_622' title='bbox 1354 3039 1472 3078; x_wconf 79' lang='lat' dir='ltr'>(quam</span> <span class='ocrx_word' id='word_1_623' title='bbox 1493 3037 1679 3071; x_wconf 85' lang='lat' dir='ltr'>lectionem</span> <span class='ocrx_word' id='word_1_624' title='bbox 1703 3039 1816 3071; x_wconf 87' lang='lat' dir='ltr'>omisit</span> <span class='ocrx_word' id='word_1_625' title='bbox 1838 3040 1914 3070; x_wconf 92' lang='lat' dir='ltr'>lor-</span> 
     </span>
     <span class='ocr_line' id='line_1_49' title="bbox 167 3077 1912 3130; baseline 0.007 -21"><span class='ocrx_word' id='word_1_626' title='bbox 167 3077 306 3117; x_wconf 79' lang='lat' dir='ltr'>danus);</span> <span class='ocrx_word' id='word_1_627' title='bbox 343 3080 406 3111; x_wconf 77' lang='lat' dir='ltr'>dici</span> <span class='ocrx_word' id='word_1_628' title='bbox 429 3089 447 3111; x_wconf 80' lang='lat' dir='ltr'>a</span> <span class='ocrx_word' id='word_1_629' title='bbox 464 3090 498 3112; x_wconf 90' lang='lat' dir='ltr'>m</span> <span class='ocrx_word' id='word_1_630' title='bbox 517 3090 537 3121; x_wconf 88' lang='lat' dir='ltr'>q</span> <span class='ocrx_word' id='word_1_631' title='bbox 557 3084 618 3122; x_wconf 88' lang='lat' dir='ltr'>(pr.</span> <span class='ocrx_word' id='word_1_632' title='bbox 638 3083 699 3121; x_wconf 88' lang='lat' dir='ltr'>m.)</span> <span class='ocrx_word' id='word_1_633' title='bbox 717 3085 739 3114; x_wconf 85' lang='lat' dir='ltr'>t.</span> <span class='ocrx_word' id='word_1_634' title='bbox 768 3102 803 3106; x_wconf 87' lang='lat'><em>-</em></span> <span class='ocrx_word' id='word_1_635' title='bbox 829 3085 950 3116; x_wconf 81' lang='lat' dir='ltr'>deicior</span> <span class='ocrx_word' id='word_1_636' title='bbox 973 3086 1008 3116; x_wconf 88' lang='lat' dir='ltr'>T.</span> <span class='ocrx_word' id='word_1_637' title='bbox 1037 3103 1072 3106; x_wconf 97' lang='lat'><strong>—</strong></span> <span class='ocrx_word' id='word_1_638' title='bbox 1099 3085 1150 3116; x_wconf 76' lang='grc'>47.</span> <span class='ocrx_word' id='word_1_639' title='bbox 1177 3086 1314 3117; x_wconf 75' lang='lat' dir='ltr'>deicitur</span> <span class='ocrx_word' id='word_1_640' title='bbox 1337 3087 1360 3117; x_wconf 96' lang='lat' dir='ltr'>T</span> <span class='ocrx_word' id='word_1_641' title='bbox 1379 3095 1415 3123; x_wconf 86' lang='lat' dir='ltr'>e;</span> <span class='ocrx_word' id='word_1_642' title='bbox 1452 3088 1571 3120; x_wconf 81' lang='lat' dir='ltr'>dicitur</span> <span class='ocrx_word' id='word_1_643' title='bbox 1593 3098 1613 3120; x_wconf 86' lang='lat' dir='ltr'>a</span> <span class='ocrx_word' id='word_1_644' title='bbox 1629 3098 1662 3130; x_wconf 88' lang='lat' dir='ltr'>p.</span> <span class='ocrx_word' id='word_1_645' title='bbox 1691 3106 1725 3110; x_wconf 91' lang='lat'>—</span> <span class='ocrx_word' id='word_1_646' title='bbox 1752 3089 1912 3122; x_wconf 75' lang='lat' dir='ltr'>deiicitur,</span> 
     </span>
     <span class='ocr_line' id='line_1_50' title="bbox 167 3128 1908 3177; baseline 0.006 -19"><span class='ocrx_word' id='word_1_647' title='bbox 167 3128 306 3158; x_wconf 85' lang='lat' dir='ltr'>omnino.</span> <span class='ocrx_word' id='word_1_648' title='bbox 331 3129 403 3160; x_wconf 88' lang='lat' dir='ltr'>Iam</span> <span class='ocrx_word' id='word_1_649' title='bbox 425 3131 468 3167; x_wconf 82' lang='lat' dir='ltr'>L;</span> <span class='ocrx_word' id='word_1_650' title='bbox 495 3131 666 3162; x_wconf 80' lang='lat' dir='ltr'>cleiicilur:</span> <span class='ocrx_word' id='word_1_651' title='bbox 691 3133 821 3164; x_wconf 80' lang='lat' dir='ltr'>omnino</span> <span class='ocrx_word' id='word_1_652' title='bbox 844 3134 913 3164; x_wconf 79' lang='lat' dir='ltr'>iam</span> <span class='ocrx_word' id='word_1_653' title='bbox 934 3137 980 3166; x_wconf 71' lang='lat' dir='ltr'>A:</span> <span class='ocrx_word' id='word_1_654' title='bbox 1008 3135 1167 3165; x_wconf 60' lang='lat' dir='ltr'>deficitur.</span> <span class='ocrx_word' id='word_1_655' title='bbox 1195 3135 1331 3166; x_wconf 82' lang='lat' dir='ltr'>Omnino</span> <span class='ocrx_word' id='word_1_656' title='bbox 1354 3136 1421 3167; x_wconf 85' lang='lat' dir='ltr'>iam</span> <span class='ocrx_word' id='word_1_657' title='bbox 1446 3135 1477 3168; x_wconf 68' lang='lat'>⁵3.</span> <span class='ocrx_word' id='word_1_658' title='bbox 1506 3155 1541 3160; x_wconf 88' lang='lat'>—</span> <span class='ocrx_word' id='word_1_659' title='bbox 1568 3138 1620 3170; x_wconf 83' lang='grc'>48.</span> <span class='ocrx_word' id='word_1_660' title='bbox 1647 3138 1787 3177; x_wconf 79' lang='lat' dir='ltr'>equitate</span> <span class='ocrx_word' id='word_1_661' title='bbox 1809 3138 1845 3169; x_wconf 93' lang='lat' dir='ltr'>T.</span> <span class='ocrx_word' id='word_1_662' title='bbox 1874 3155 1908 3161; x_wconf 91' lang='lat'>—-</span> 
     </span>
     <span class='ocr_line' id='line_1_51' title="bbox 165 3176 1913 3226; baseline 0.007 -20"><span class='ocrx_word' id='word_1_663' title='bbox 165 3176 265 3207; x_wconf 83' lang='lat' dir='ltr'>verba</span> <span class='ocrx_word' id='word_1_664' title='bbox 287 3178 413 3216; x_wconf 79' lang='lat' dir='ltr'>quidem</span> <span class='ocrx_word' id='word_1_665' title='bbox 435 3180 508 3220; x_wconf 79' lang='lat' dir='ltr'>ipsa</span> <span class='ocrx_word' id='word_1_666' title='bbox 530 3181 555 3212; x_wconf 90' lang='lat' dir='ltr'>E</span> <span class='ocrx_word' id='word_1_667' title='bbox 572 3181 614 3211; x_wconf 89' lang='lat' dir='ltr'>T:</span> <span class='ocrx_word' id='word_1_668' title='bbox 639 3181 738 3213; x_wconf 82' lang='lat' dir='ltr'>verba</span> <span class='ocrx_word' id='word_1_669' title='bbox 760 3183 830 3222; x_wconf 80' lang='lat' dir='ltr'>ipsa</span> <span class='ocrx_word' id='word_1_670' title='bbox 855 3184 881 3214; x_wconf 88' lang='lat' dir='ltr'>R</span> <span class='ocrx_word' id='word_1_671' title='bbox 896 3184 964 3214; x_wconf 85' lang='lat' dir='ltr'>AL</span> <span class='ocrx_word' id='word_1_672' title='bbox 982 3182 1000 3215; x_wconf 56' lang='grc' dir='ltr'>ζ’</span> <span class='ocrx_word' id='word_1_673' title='bbox 1019 3183 1054 3213; x_wconf 94' lang='grc' dir='ltr'>Ο,</span> <span class='ocrx_word' id='word_1_674' title='bbox 1075 3200 1110 3204; x_wconf 85' lang='lat'><em>-</em></span> <span class='ocrx_word' id='word_1_675' title='bbox 1130 3184 1182 3214; x_wconf 66' lang='grc' dir='ltr'>ΞΟ.</span> <span class='ocrx_word' id='word_1_676' title='bbox 1208 3184 1255 3215; x_wconf 86' lang='lat' dir='ltr'>ita</span> <span class='ocrx_word' id='word_1_677' title='bbox 1278 3193 1347 3215; x_wconf 90' lang='lat' dir='ltr'>om.</span> <span class='ocrx_word' id='word_1_678' title='bbox 1373 3193 1392 3215; x_wconf 84' lang='lat' dir='ltr'><strong>a</strong></span> <span class='ocrx_word' id='word_1_679' title='bbox 1408 3193 1443 3216; x_wconf 89' lang='lat' dir='ltr'>m</span> <span class='ocrx_word' id='word_1_680' title='bbox 1460 3193 1482 3226; x_wconf 91' lang='lat' dir='ltr'>p</span> <span class='ocrx_word' id='word_1_681' title='bbox 1498 3194 1520 3226; x_wconf 91' lang='lat' dir='ltr'>q</span> <span class='ocrx_word' id='word_1_682' title='bbox 1537 3187 1549 3217; x_wconf 90' lang='lat' dir='ltr'>t</span> <span class='ocrx_word' id='word_1_683' title='bbox 1564 3185 1590 3224; x_wconf 75' lang='grc' dir='ltr'>β</span> <span class='ocrx_word' id='word_1_684' title='bbox 1607 3188 1641 3218; x_wconf 86' lang='lat' dir='ltr'>et</span> <span class='ocrx_word' id='word_1_685' title='bbox 1657 3189 1695 3218; x_wconf 85' lang='grc' dir='ltr'>Α.</span> <span class='ocrx_word' id='word_1_686' title='bbox 1717 3204 1752 3209; x_wconf 84' lang='grc'><strong>-</strong></span> <span class='ocrx_word' id='word_1_687' title='bbox 1770 3187 1822 3218; x_wconf 70' lang='grc'>24.</span> <span class='ocrx_word' id='word_1_688' title='bbox 1847 3196 1913 3219; x_wconf 82' lang='grc' dir='ltr'>ηοη</span> 
     </span>
     <span class='ocr_line' id='line_1_52' title="bbox 165 3225 1910 3279; baseline 0.007 -23"><span class='ocrx_word' id='word_1_689' title='bbox 165 3225 265 3265; x_wconf 82' lang='lat' dir='ltr'>fueris</span> <span class='ocrx_word' id='word_1_690' title='bbox 292 3235 360 3260; x_wconf 90' lang='lat' dir='ltr'>om.</span> <span class='ocrx_word' id='word_1_691' title='bbox 386 3229 422 3260; x_wconf 90' lang='lat' dir='ltr'>T.</span> <span class='ocrx_word' id='word_1_692' title='bbox 451 3246 486 3250; x_wconf 85' lang='lat'>—-</span> <span class='ocrx_word' id='word_1_693' title='bbox 513 3231 641 3269; x_wconf 81' lang='lat' dir='ltr'>quidem</span> <span class='ocrx_word' id='word_1_694' title='bbox 670 3234 801 3263; x_wconf 71' lang='lat' dir='ltr'>cuorum</span> <span class='ocrx_word' id='word_1_695' title='bbox 825 3231 1133 3273; x_wconf 66' lang='lat' dir='ltr'>Gahmpqtass</span> <span class='ocrx_word' id='word_1_696' title='bbox 1149 3235 1242 3271; x_wconf 84' lang='lat' dir='ltr'>etA;</span> <span class='ocrx_word' id='word_1_697' title='bbox 1280 3234 1409 3273; x_wconf 77' lang='lat' dir='ltr'>quidem</span> <span class='ocrx_word' id='word_1_698' title='bbox 1439 3243 1508 3266; x_wconf 91' lang='lat' dir='ltr'>om.</span> <span class='ocrx_word' id='word_1_699' title='bbox 1535 3244 1564 3267; x_wconf 89' lang='lat' dir='ltr'>e.</span> <span class='ocrx_word' id='word_1_700' title='bbox 1593 3254 1628 3258; x_wconf 86' lang='lat'>—</span> <span class='ocrx_word' id='word_1_701' title='bbox 1654 3237 1706 3267; x_wconf 63' lang='grc' dir='ltr'>Ἠ.</span> <span class='ocrx_word' id='word_1_702' title='bbox 1740 3237 1910 3279; x_wconf 74' lang='lat' dir='ltr'>asservati]</span> 
     </span>
    </p>
   </div>
   <div class='ocr_carea' id='block_1_5' title="bbox 164 3277 1912 3375">
    <p class='ocr_par' dir='ltr' id='par_1_5' title="bbox 164 3277 1912 3375">
     <span class='ocr_line' id='line_1_53' title="bbox 166 3277 1912 3325; baseline 0.007 -19"><span class='ocrx_word' id='word_1_703' title='bbox 166 3283 206 3305; x_wconf 84' lang='lat' dir='ltr'>ac</span> <span class='ocrx_word' id='word_1_704' title='bbox 228 3277 350 3308; x_wconf 64' lang='lat' dir='ltr'>seruati</span> <span class='ocrx_word' id='word_1_705' title='bbox 372 3278 397 3309; x_wconf 93' lang='lat' dir='ltr'><strong>E</strong></span> <span class='ocrx_word' id='word_1_706' title='bbox 415 3279 440 3309; x_wconf 91' lang='lat' dir='ltr'>G</span> <span class='ocrx_word' id='word_1_707' title='bbox 457 3278 479 3310; x_wconf 91' lang='lat' dir='ltr'>b</span> <span class='ocrx_word' id='word_1_708' title='bbox 498 3287 516 3310; x_wconf 94' lang='lat' dir='ltr'>e</span> <span class='ocrx_word' id='word_1_709' title='bbox 534 3288 554 3320; x_wconf 90' lang='lat' dir='ltr'>p</span> <span class='ocrx_word' id='word_1_710' title='bbox 573 3280 602 3317; x_wconf 91' lang='lat' dir='ltr'>t·‚</span> <span class='ocrx_word' id='word_1_711' title='bbox 628 3288 668 3310; x_wconf 87' lang='lat' dir='ltr'>ac</span> <span class='ocrx_word' id='word_1_712' title='bbox 689 3282 849 3312; x_wconf 74' lang='lat' dir='ltr'>reseruati</span> <span class='ocrx_word' id='word_1_713' title='bbox 872 3282 915 3319; x_wconf 86' lang='lat' dir='ltr'>T;</span> <span class='ocrx_word' id='word_1_714' title='bbox 941 3282 1063 3313; x_wconf 77' lang='lat' dir='ltr'>seruati</span> <span class='ocrx_word' id='word_1_715' title='bbox 1087 3290 1105 3312; x_wconf 84' lang='lat' dir='ltr'>a</span> <span class='ocrx_word' id='word_1_716' title='bbox 1121 3283 1153 3313; x_wconf 89' lang='lat' dir='ltr'>k.</span> <span class='ocrx_word' id='word_1_717' title='bbox 1174 3300 1209 3304; x_wconf 91' lang='lat'>—</span> <span class='ocrx_word' id='word_1_718' title='bbox 1227 3283 1279 3314; x_wconf 80' lang='lat'>23.</span> <span class='ocrx_word' id='word_1_719' title='bbox 1303 3285 1499 3323; x_wconf 73' lang='lat' dir='ltr'>proter-ritus</span> <span class='ocrx_word' id='word_1_720' title='bbox 1521 3286 1545 3317; x_wconf 91' lang='lat' dir='ltr'>E</span> <span class='ocrx_word' id='word_1_721' title='bbox 1571 3287 1618 3325; x_wconf 88' lang='lat' dir='ltr'>(ut</span> <span class='ocrx_word' id='word_1_722' title='bbox 1639 3285 1795 3318; x_wconf 82' lang='lat' dir='ltr'>voluerat</span> <span class='ocrx_word' id='word_1_723' title='bbox 1810 3287 1912 3321; x_wconf 87' lang='lat' dir='ltr'>Lam-</span> 
     </span>
     <span class='ocr_line' id='line_1_54' title="bbox 164 3322 1539 3375; baseline 0.01 -21"><span class='ocrx_word' id='word_1_724' title='bbox 164 3322 294 3365; x_wconf 89' lang='lat' dir='ltr'>binus):</span> <span class='ocrx_word' id='word_1_725' title='bbox 315 3328 510 3365; x_wconf 73' lang='lat' dir='ltr'>perterritus</span> <span class='ocrx_word' id='word_1_726' title='bbox 531 3330 557 3361; x_wconf 87' lang='lat' dir='ltr'>R</span> <span class='ocrx_word' id='word_1_727' title='bbox 582 3329 635 3370; x_wconf 89' lang='lat' dir='ltr'>(de</span> <span class='ocrx_word' id='word_1_728' title='bbox 660 3330 684 3361; x_wconf 92' lang='lat' dir='ltr'>T</span> <span class='ocrx_word' id='word_1_729' title='bbox 708 3331 825 3363; x_wconf 84' lang='lat' dir='ltr'>tamen</span> <span class='ocrx_word' id='word_1_730' title='bbox 849 3330 926 3363; x_wconf 87' lang='lat' dir='ltr'>silet</span> <span class='ocrx_word' id='word_1_731' title='bbox 949 3330 1152 3372; x_wconf 86' lang='lat' dir='ltr'>Harlessius)</span> <span class='ocrx_word' id='word_1_732' title='bbox 1176 3333 1203 3364; x_wconf 83' lang='lat' dir='ltr'><strong>A</strong></span> <span class='ocrx_word' id='word_1_733' title='bbox 1219 3332 1243 3363; x_wconf 95' lang='lat' dir='ltr'>L</span> <span class='ocrx_word' id='word_1_734' title='bbox 1261 3331 1280 3366; x_wconf 57' lang='grc' dir='ltr'><strong>Β</strong></span> <span class='ocrx_word' id='word_1_735' title='bbox 1298 3334 1334 3365; x_wconf 94' lang='grc' dir='ltr'>Ο.</span> <span class='ocrx_word' id='word_1_736' title='bbox 1361 3332 1410 3365; x_wconf 82' lang='lat' dir='ltr'>Cf.</span> <span class='ocrx_word' id='word_1_737' title='bbox 1437 3334 1468 3375; x_wconf 70' lang='lat' dir='ltr'>g.</span> <span class='ocrx_word' id='word_1_738' title='bbox 1486 3333 1539 3368; x_wconf 73' lang='lat'>24.</span> 
     </span>
    </p>
   </div>
  </div>
 </body>
</html>
