2143 3713
573 230 662 270 Lm.
694 228 764 267 III.
804 227 900 268 CAP.
929 227 1076 266 XLIII.
1115 225 1189 279 §§.
1220 223 1467 267 400-403,
1822 224 1895 266 2701

155 343 403 396 Cognoscite
434 341 641 396 pactiones
671 339 966 378 Menaenorum
998 352 1090 379 cum
1110 338 1290 378 Venerio
1322 350 1452 377 servo.
1503 338 1644 378 Recita
1675 353 1726 379 ex
1756 340 1904 379 litteris

152 406 328 458 publicis
359 404 634 458 professiones
664 401 865 440 sationum
898 406 939 440 et
972 401 1186 453 pactiones
1216 401 1524 439 Menaenorum.
1574 401 1812 448 Patiemini,
1843 401 1905 439 iu-

153 467 287 513 dices,
332 467 382 506 ab
422 465 563 511 sociis,
603 462 652 502 ab
683 462 910 502 aratoribus
942 463 1084 515 populi
1114 462 1307 509 Romani,
1348 461 1397 501 ab
1429 461 1511 508 eis,
1543 462 1613 514 qui
1644 463 1761 502 'vobis
1791 463 1904 502 laho-

151 535 265 575 rant,
296 529 411 569 vobis
442 527 640 572 serw'unt,
673 524 743 577 qui
776 525 831 563 ita
860 525 1022 576 plebem
1044 526 1267 564 Romanam
1298 524 1348 563 ab
1370 537 1461 564 sese
1482 523 1536 563 ali
1559 523 1722 571 volunt,
1753 530 1796 564 ut
1827 525 1903 564 sibi

151 605 197 631 ac
229 592 368 630 liberis
399 590 480 629 suis
510 592 667 627 tantum
699 587 895 638 supersit,
927 601 1008 640 quo
1039 587 1117 639 ipsi
1149 585 1201 625 ali
1232 586 1412 638 possint,
1444 585 1493 625 ab
1524 585 1590 625 his
1611 600 1684 638 per
1705 598 1937 626 summam5

151 653 360 699 iniuriam,
395 664 467 704 per
486 648 770 688 acerbissimas
793 649 1060 688 contumelias
1090 648 1182 701 plus
1204 648 1415 701 aliquanto
1436 648 1617 687 ablatum
1639 661 1750 695 esse,
1782 662 1904 701 quam

151 720 290 755 natum
321 714 404 753 sit?
462 707 555 749 403.
588 710 750 757 Sentio,
799 711 978 758 iudices,
1024 710 1321 750 moderandum
1363 709 1460 749 mihi
1503 723 1592 749 esse
1624 710 1703 749 iam
1733 710 1906 750 orationi

151 789 266 816 meae
294 772 615 826 fugiendamque
646 777 821 812 vestram
853 773 1093 813 satietatem.
1138 773 1228 812 Non
1251 772 1447 812 versabor
1476 772 1518 811 in
1540 786 1622 812 uno
1644 785 1794 824 genere
1817 772 1906 811 diu-

152 840 229 879 tius
261 842 300 877 et
327 837 381 876 ita
411 838 548 874 cetera
579 834 628 873 de
660 834 845 874 oratione
876 848 968 874 mea
998 835 1164 881 tollam,
1195 839 1240 873 ut
1269 839 1404 873 tamen
1434 835 1477 873 in
1508 847 1630 873 causa
1661 835 1905 888 relinquam.

150 899 333 940 Audietis
363 896 750 949 Agrigentinorum,
795 896 1113 936 fortissimorum
1143 896 1344 943 virorum,
1376 895 1787 948 diligentissimorum
1817 909 1956 938 ara-io

152 968 282 1003 torum
321 959 623 1013 querimonias:
666 959 922 1011 cognoscetis
959 958 1279 1005 Entellinorum,
1320 958 1535 998 hominum
1576 958 1724 998 summi
1755 959 1906 999 laboris

151 1034 415 1074 summaeque
446 1020 696 1068 industriae,
738 1021 922 1061 dolorem
954 1026 994 1060 et
1023 1020 1224 1060 iniurias:
1268 1020 1618 1067 Heracliensium,
1650 1019 1906 1069 Gelensium,

150 1083 454 1124 Soluntinorum
501 1082 760 1123 incommoda
805 1083 1090 1136 proferentur:
1138 1082 1440 1130 Catinensium,
1485 1083 1907 1135 locupletissimorum

147 1145 360 1186 hominum
390 1145 830 1198 amicissimorumque,
861 1158 979 1197 agros
1007 1149 1179 1184 vexatos
1204 1144 1253 1184 ab
1276 1144 1460 1197 Apronio
1484 1146 1764 1197 cognoscetis:
1796 1148 1909 1201 Tyn-

148 1207 394 1255 daritanam,
424 1207 725 1247 nobilissimam
756 1208 984 1254 civitatem,
1019 1206 1427 1260 Cephaloeditanam‚
1463 1207 1751 1256 Haluntinam,
1781 1210 1958 1262 Apol-45

147 1269 401 1317 lomensem,
431 1269 686 1321 Enguiuam,
720 1269 948 1322 Capitinam
979 1268 1159 1321 perditas
1191 1282 1282 1308 esse
1307 1269 1384 1308 hac
1406 1270 1621 1322 iniquitate
1643 1270 1907 1312 decumarum

146 1331 419 1384 intelligetis:
464 1331 707 1378 Inensibus,
753 1331 1048 1384 Murgentinis,
1095 1331 1325 1377 Assorinis,
1371 1331 1570 1378 Elorinis,
1615 1332 1758 1372 Ietinis
1803 1334 1908 1373 nihil

148 1395 315 1433 omnino
360 1394 573 1434 relictum:
621 1393 854 1440 Cetarinos‚
900 1393 1149 1440 Acherinos,
1195 1406 1413 1446 parvarum
1453 1394 1661 1434 civitatum
1694 1394 1908 1444 homines,

148 1456 315 1495 omnino
345 1455 522 1496 abiectos
555 1469 647 1495 esse
677 1469 725 1495 ac
755 1455 960 1509 perditos:
1001 1469 1143 1495 omnes
1182 1455 1364 1508 denique
1405 1469 1523 1509 agros
1555 1456 1805 1498 decumanos
1835 1473 1911 1513 per

147 1517 368 1558 triennium
407 1518 561 1572 populo
600 1519 785 1559 Romano
816 1532 869 1558 ex
906 1523 1022 1572 parte
1054 1517 1249 1566 decuma,
1296 1518 1340 1558 C.
1371 1518 1489 1558 Verri
1520 1532 1572 1558 ex
1603 1520 1715 1559 omni
1746 1521 1959 1574 reliquom

147 1747 258 1779 Recita
284 1747 427 1778 sationes
458 1750 486 1779 ei
512 1748 681 1787 pactiones
703 1757 745 1779 ex:
775 1748 890 1779 litteris
913 1748 1061 1788 publicis.
1109 1749 1233 1780 Recita.
1270 1748 1501 1780 PACTIONES
1521 1750 1802 1784 HYBLENSIVM
1824 1752 1913 1785 CVM

149 1797 214 1829 CN.
241 1797 394 1828 SERGIO
417 1797 476 1828 EX
496 1798 685 1829 LITTERIS
706 1798 903 1829 PVBLICIS.
943 1798 1129 1838 Coyizoscite
1161 1799 1238 1829 item
1263 1799 1479 1838 professiones
1509 1800 1673 1832 sationum
1696 1804 1726 1832 et
1744 1803 1912 1841 pactiones

148 1847 361 1879 Menenorum
383 1855 458 1877 cum
476 1847 610 1878 Venerio
625 1855 729 1878 servo.
767 1847 876 1878 Recita
900 1856 942 1878 eas
965 1848 1080 1878 litteris
1099 1848 1248 1887 publicis.
1283 1849 1598 1881 PROFESSIONES
1621 1851 1836 1885 SATIONVM
1858 1854 1915 1885 ET

147 1897 378 1928 PACTIONES
398 1897 677 1928 MENENORVM
701 1897 789 1928 CVM
815 1898 999 1929 VENERIO
1023 1898 1159 1929 SERVO
1181 1899 1241 1929 EX
1269 1899 1458 1931 LITTERIS
1479 1900 1667 1932 PVBLICIS
1691 1902 1727 1933 Ο.
1765 1901 1816 1943 [Ut
1838 1906 1913 1935 ret-

148 1945 224 1977 tulit
247 1947 442 1987 Zumptius,
467 1946 577 1978 verba
601 1947 635 1978 in
659 1947 748 1987 [342
772 1947 934 1979 videntur
958 1950 1105 1986 exstare,
1132 1949 1196 1980 nisi
1221 1948 1315 1988 quod
1340 1951 1419 1980 ante
1437 1951 1618 1990 cognoscite
1640 1950 1763 1983 lacuna
1787 1954 1851 1991 est,
1877 1954 1911 1985 in

148 2003 258 2036 marg.
295 1996 404 2027 verbo
434 1997 538 2028 recila
569 1996 756 2037 adscripto.
806 1996 892 2028 Nihil
919 1999 1034 2028 lamen
1059 2006 1122 2037 ego
1147 1999 1327 2038 praestare
1352 1997 1473 2035 velim,
1512 2000 1676 2038 quoniam
1700 2001 1734 2032 h.
1761 1999 1782 2032 l.
1808 2004 1910 2034 notae

148 2044 327 2076 Niebuhrii
350 2046 423 2078 fere
447 2045 705 2078 inextricabiles
722 2050 812 2078 suni'.
850 2046 982 2087 Reliqui
1000 2048 1101 2087 [333.
1120 2047 1169 2078 sic
1186 2046 1335 2085 habent,
1361 2049 1399 2079 ut
1415 2047 1579 2088 equidem
1597 2049 1690 2089 apud
1707 2049 1805 2082 Nieb.
1825 2050 1908 2092 legi:

148 2094 260 2125 Recita
283 2095 423 2127 sationes
445 2100 474 2128 et
501 2098 670 2136 pactiones
692 2106 734 2128 ea:
757 2098 872 2128 litteris
891 2097 1030 2136 publicis
1052 2097 1154 2128 recita
1180 2097 1294 2136 (recita
1318 2106 1387 2128 om.
1414 2097 1455 2129 29
1479 2098 1513 2129 in
1537 2096 1634 2137 lac.),
1671 2108 1714 2130 ex
1736 2100 1796 2130 litt.
1820 2100 1909 2140 publ.

149 2145 329 2185 coqnoscite
348 2147 517 2185 pactiones
531 2148 746 2179 ,Ueneriorum
769 2156 842 2178 cum
863 2147 996 2178 Venerio
1018 2155 1123 2177 seri-o.
1150 2146 1252 2177 recita
1275 2155 1318 2177 ea:
1340 2146 1400 2177 litt.
1420 2146 1513 2186 publ.
1538 2148 1719 2188 cognoscite
1734 2149 1810 2180 item
1829 2159 1913 2189 pro-

148 2193 300 2234 sessiones
321 2196 485 2227 sationum
509 2199 537 2227 et
557 2197 727 2235 pactiones
749 2197 962 2228 Menenoruin
988 2195 1093 2236 [addit
1116 2195 1157 2227 29
1182 2204 1253 2227 see.
1277 2205 1324 2227 m.
1344 2205 1419 2227 cum
1438 2197 1571 2228 Venerio
1594 2199 1712 2239 servo).
1745 2200 1849 2231 recita
1872 2210 1914 2233 ex

149 2244 209 2275 litt.
243 2244 330 2284 publ.
367 2246 582 2286 professiones
608 2247 772 2277 sationum
803 2250 832 2277 ct
856 2246 1026 2286 pactiones
1052 2246 1265 2277 Menenorum
1293 2255 1367 2277 cum
1404 2247 1537 2278 Venerio
1560 2255 1652 2279 servo
1675 2256 1718 2279 ea:
1739 2248 1800 2280 liii.
1822 2250 1912 2290 publ.

151 2295 229 2335 Lag.
258 2294 308 2327 44.
335 2295 387 2327 27.
414 2296 467 2327 29.
494 2295 566 2333 48.;
603 2297 714 2327 Recita
742 2296 882 2330 sationes
912 2299 940 2327 et
966 2296 1134 2335 pactiones
1157 2304 1200 2326 ex
1222 2295 1281 2326 litt.
1304 2295 1454 2335 publicis.
1488 2296 1603 2327 recita.
1634 2299 1817 2337 coqnoscite
1838 2300 1914 2331 item

145 2344 361 2384 professiones
382 2345 546 2376 sationum
569 2349 599 2377 et
623 2347 792 2386 pactiones
819 2347 1032 2378 Jlencnorum
1058 2346 1164 2386 (addit
1188 2345 1228 2378 45
1252 2355 1326 2378 cum
1352 2347 1485 2378 Venerio
1509 2347 1628 2388 servo).
1660 2349 1764 2380 recita
1787 2358 1830 2381 ex
1852 2350 1913 2382 litt.

145 2394 295 2435 publicis.
317 2396 534 2436 professiones
556 2397 721 2428 sationum
745 2400 773 2428 et
793 2397 960 2436 pactiones
975 2398 1189 2428 ,venenorum
1210 2405 1285 2428 cum
1305 2397 1437 2428 Venerio
1459 2406 1552 2429 servo
1575 2406 1617 2429 ex
1640 2397 1805 2438 impubi.
1830 2401 1911 2441 Lag.

155 2445 181 2475 l.
207 2445 238 2476 5.
264 2443 317 2476 45.
345 2444 466 2486 Han]
494 2463 529 2467 —
554 2446 585 2477 2.
607 2447 763 2485 patimini
786 2446 876 2487 [342
900 2457 934 2489 p.
962 2456 1008 2478 m.
1038 2465 1073 2469 —
1099 2446 1129 2477 3.
1158 2445 1198 2477 ab
1221 2454 1284 2476 soc.
1310 2445 1401 2486 [329
1418 2445 1459 2478 48
1482 2447 1568 2478 AB:
1595 2456 1617 2478 a
1640 2456 1704 2478 soc.
1732 2449 1788 2480 ctt.
1816 2449 1852 2481 O.
1875 2467 1909 2472 —

151 2491 192 2523 ab
216 2493 260 2524 eis
281 2492 383 2533 Lg42.
412 2495 466 2534 (ef.
493 2495 523 2536 g.
550 2496 602 2527 62.
631 2497 702 2528 495.
735 2498 862 2529 Osann.
889 2498 933 2529 ad
957 2499 1041 2538 Rep.
1067 2506 1100 2537 p.
1128 2496 1202 2527 462.
1228 2495 1340 2534 ⁶2⁴5.):
1379 2495 1420 2525 ab
1448 2495 1497 2526 his
1523 2496 1567 2533 B;
1605 2495 1645 2527 ab
1676 2496 1717 2527 iis
1739 2495 1781 2528 al·
1808 2497 1845 2528 O·
1874 2514 1910 2521 -

152 2541 182 2574 4.
208 2544 354 2575 serviunt
377 2544 501 2577 codd.:
527 2550 638 2577 serunt
661 2547 751 2578 coni.
778 2547 1022 2579 Lallemandus
1046 2545 1146 2587 prob.
1174 2543 1274 2577 Orell.
1302 2544 1378 2576 coll.
1406 2545 1435 2586 g.
1464 2546 1519 2577 424
1550 2547 1636 2577 extr.
1658 2564 1693 2568 —
1720 2547 1750 2578 6.
1776 2546 1916 2579 acerbis-

151 2591 252 2623 simas
274 2591 310 2631 4,
337 2594 386 2625 N:
412 2603 558 2626 summas
581 2594 666 2627 dett.
696 2614 729 2617 ——
757 2596 786 2628 7.
813 2597 853 2628 sii
877 2606 946 2628 om.
974 2595 1062 2635 [342
1089 2594 1238 2636 [videtur
1259 2597 1305 2625 est
1327 2595 1406 2625 ante
1432 2594 1542 2625 Sentio
1566 2594 1750 2627 excidisse.
1778 2596 1912 2637 HALu.];

151 2645 259 2673 satum
281 2643 321 2673 sit
345 2645 434 2675 coni.
461 2643 563 2675 Orelli
588 2643 663 2675 coll.
690 2645 784 2676 initio
809 2646 910 2677 huius
935 2646 965 2685 g.
993 2648 1027 2676 et
1049 2644 1079 2685 S.
1106 2644 1179 2676 443.
1214 2661 1250 2666 -
1287 2643 1317 2675 8.
1349 2644 1542 2685 fuyiendam
1565 2644 1649 2675 dett.
1685 2662 1720 2667 —
1750 2645 1780 2676 9.
1807 2648 1916 2677 tamen

151 2690 186 2721 in
208 2700 235 2722 c.
262 2690 351 2731 [342
368 2693 415 2724 N:
442 2693 477 2724 in
498 2702 526 2724 c.
554 2697 661 2725 tamen
685 2695 775 2735 [329
792 2697 817 2726 Α
833 2696 857 2727 Β
872 2705 920 2734 cp:
947 2699 1053 2726 tamen
1079 2702 1148 2725 om.
1169 2693 1253 2724 dett.
1274 2711 1310 2714 —
1336 2694 1388 2725 40.
1415 2693 1505 2734 diliy.
1531 2697 1707 2725 aratorum
1730 2693 1842 2734 [342;
1869 2695 1917 2726 di-

152 2739 440 2780 liyentissinzorum
462 2746 491 2774 et
515 2743 841 2783 locupletissimorum
863 2745 1030 2776 hominum
1052 2746 1102 2782 N;
1129 2743 1513 2784 diligentissimorumque
1535 2747 1564 2775 et
1587 2744 1646 2775 loc.
1673 2748 1848 2776 aratorum
1870 2755 1913 2785 Ψ,

152 2788 470 2829 diligentissimorum
492 2793 660 2824 hominum
683 2793 757 2826 rell.
784 2795 906 2835 [333.;
933 2794 1316 2835 diliqentissimorumque
1339 2793 1376 2824 O.
1405 2809 1440 2814 —
1469 2794 1521 2825 44.
1546 2795 1742 2834 coynoscetis
1764 2794 1852 2835 [342
1870 2796 1913 2827 F:

152 2846 260 2878 cogn„
286 2838 407 2871 iudices
429 2842 487 2872 ctt.
515 2842 553 2873 Ο.
574 2860 610 2865 —
635 2843 803 2874 hominum
829 2844 858 2881 4,
877 2854 923 2883 cp:
950 2853 1019 2876 om.
1039 2844 1120 2875 dett.
1139 2844 1177 2875 Ο.
1198 2861 1233 2866 —
1262 2844 1313 2874 42.
1340 2842 1523 2874 Gelensium
1539 2842 1628 2883 [342
1645 2853 1693 2883 φ;
1719 2853 1788 2876 om.
1807 2844 1913 2885 [329;

154 2887 342 2919 Cilscnsium
358 2888 376 2920 6
393 2890 497 2930 Lagg.
515 2890 610 2929 rell.;
635 2892 829 2924 Iciliensium
848 2894 1096 2934 (ciliciensium,
1123 2892 1384 2933 Conciliensium)
1408 2891 1474 2925 alii.
1493 2893 1657 2933 Sequitur
1680 2894 1714 2925 in
1731 2893 1814 2926 dett.
1835 2895 1915 2934 (non

154 2937 238 2968 item
259 2937 292 2969 in
309 2938 362 2969 29.
381 2938 447 2978 42.)
472 2940 689 2973 Hennensium
704 2941 759 2974 vel
774 2943 1036 2975 Aetnensium.-
1062 2943 1114 2974 43.
1133 2943 1381 2974 Soluntinorum
1396 2942 1486 2983 [342
1507 2952 1513 2973 :
1536 2943 1777 2975 Solentinorum
1793 2954 1824 2982 φ
1840 2943 1914 2975 rell.

155 2986 205 3019 Cf.
231 2987 275 3019 ad
298 2989 338 3021 11.
365 2989 395 3030 ἓ.
415 2990 489 3022 402.
512 3008 544 3014 -
570 2993 787 3032 proferuntur
810 2994 896 3026 dett.
925 3011 959 3015 —
986 2994 1038 3024 45.
1064 2993 1280 3024 Haluntinum
1303 2994 1438 3033 Zumpt.
1466 2991 1555 3031 (coll.
1574 2993 1629 3024 IV.
1657 2992 1687 3033 5.
1706 2993 1792 3032 54.);
1817 2992 1918 3023 Alun-

154 3036 258 3068 tinam
280 3038 369 3079 [342
386 3038 449 3078 48;
484 3040 691 3073 Halintinam
713 3043 805 3084 [329
822 3046 848 3075 Α
863 3044 907 3081 Β;
943 3042 1153 3074 Halentinam
1183 3043 1248 3083 (vel
1270 3042 1387 3082 Alent.)
1418 3041 1502 3074 dett.
1529 3042 1566 3074 O.
1599 3060 1635 3065 —-
1670 3042 1917 3082 Apollanensem

155 3085 244 3125 [327
260 3085 312 3119 42.
340 3105 377 3110 -
404 3088 456 3120 46.
481 3090 671 3131 Enyuinam
693 3093 828 3134 Zumpt.
857 3093 975 3134 (quem
998 3101 1031 3122 v.
1051 3091 1128 3124 coll.
1151 3093 1207 3124 IV.
1234 3092 1264 3132 ἓ.
1284 3092 1370 3132 97.);
1401 3092 1564 3132 Eyinam,
1589 3092 1782 3133 Aqqynam,
1807 3092 1918 3133 Eyyu-

154 3143 284 3167 menam
299 3136 362 3176 (42)
387 3138 505 3177 codd.;
529 3141 705 3182 Enyynam
728 3143 764 3174 O.
780 3160 815 3166 -
841 3143 1055 3174 decumarum
1077 3139 1167 3181 [342
1183 3141 1269 3172 BN:
1295 3140 1553 3172 decumanorum
1575 3142 1634 3173 ctt.
1653 3159 1688 3164 —
1715 3141 1766 3172 47.
1791 3140 1918 3174 Inensi-

157 3182 214 3215 bus
237 3186 395 3218 Garatoni
419 3188 476 3229 (cs.
502 3191 672 3232 Zumpt.):
701 3192 863 3224 mensibus
884 3191 993 3233 [342;
1021 3198 1090 3221 om.
1115 3189 1190 3222 rell.
1218 3191 1255 3222 O.
1284 3207 1319 3212 —
1343 3190 1489 3222 Elorinis
1511 3190 1622 3232 [342;
1647 3191 1792 3222 Elorinis
1815 3191 1914 3232 (Flor.

159 3233 260 3273 Lagg.
287 3237 437 3277 omnes),
472 3238 676 3271 E'nnensibus
697 3241 770 3273 rell.
798 3243 835 3273 Ο.
874 3261 909 3265 -
945 3240 1055 3272 Ietinis
1077 3241 1266 3272 Graevius:
1302 3240 1424 3272 Letinis
1447 3240 1550 3273 codd.
1587 3259 1623 3263 —
1658 3240 1709 3272 48.
1736 3239 1915 3281 Cetarinos]

161 3280 363 3316 Ginitarinos
384 3286 491 3327 [342;
525 3289 760 3328 Gyrattarinos
782 3290 839 3329 29,
867 3290 1074 3322 Ciratarinos
1095 3290 1197 3331 [333.
1222 3288 1297 3322 rell.
1325 3307 1360 3312 —
1389 3289 1576 3330 Acherinos]
1613 3289 1817 3322 Geslherinos
1840 3288 1914 3331 [sic]

161 3331 270 3371 Lg42;
295 3334 464 3370 Scherinos
486 3337 530 3371 de
554 3340 702 3381 Zumptii
726 3340 815 3372 coni.
840 3339 947 3372 Klotz.
