2143 3713
439 257 526 296 Lm.
557 255 626 295 ΠΙ.
670 253 766 295 ΟΑΡ.
795 253 1122 294 XCIV—XCV.
1160 250 1233 304 §§.
1264 249 1515 291 217-222.
1769 245 1850 288 345

113 381 190 408 nos
219 372 340 420 coget
369 367 488 407 alius.
539 366 655 414 Quae
686 365 764 405 erit
793 363 1096 417 reprehensio?
1127 364 1169 402 in
1203 376 1286 416 quo
1316 363 1494 415 primum
1515 362 1691 402 iniuriae
1723 361 1852 414 gradu

113 429 305 469 resistere
344 429 515 482 incipiet
551 427 747 468 severitas
788 426 971 466 iudicis?
1012 430 1164 479 quotus
1196 425 1274 464 erit
1302 425 1380 463 iste
1410 424 1624 470 denarius,
1665 424 1736 476 qui
1767 436 1853 462 non

113 491 167 531 sit
196 490 391 530 ferendus
423 495 464 530 et
491 490 533 530 in
565 502 648 542 quo
683 489 863 541 primum
894 487 1196 528 aestimationis
1227 486 1423 539 iniquitas
1454 491 1579 538 atque
1609 484 1855 536 improbitas

113 552 470 605 reprehendatur?
517 553 609 591 Non
640 551 750 590 enim
783 563 807 590 a
836 551 954 590 vohis
985 561 1166 596 summa,
1197 549 1269 589 sed
1299 561 1430 601 genus
1456 545 1757 587 aestimationis
1778 546 1856 585 erit

113 614 441 667 comprobatum.
498 615 643 666 Neque
683 612 761 652 hoc
799 613 970 665 potestis
1010 610 1216 658 iudicare,
1259 610 1386 650 ternis
1425 608 1606 648 denariis
1637 608 1887 648 aestimares

112 677 255 723 licere,
287 677 404 715 denis
434 688 517 715 non
547 675 687 714 licere.
738 675 811 714 [bi
844 674 953 713 enim
985 672 1112 713 semel
1143 673 1193 712 ab
1225 685 1414 713 annonae
1445 671 1606 711 ratione
1628 675 1669 710 et
1688 670 1738 710 ab
1768 683 1857 710 ara-

112 743 249 778 torum
278 738 492 778 voluntate
522 750 586 775 res
616 736 668 775 ad
698 737 901 788 praetoris
933 736 1148 776 libidinem
1181 735 1379 774 translata
1410 739 1491 780 est,
1522 745 1607 772 non
1629 737 1692 772 est
1713 732 1794 771 iam
1816 732 1858 770 in

111 800 201 853 lege
233 812 368 853 neque
399 799 440 838 in
471 796 633 844 officio,
672 797 744 837 sed
777 798 817 837 in
849 799 1062 838 voluntate
1091 797 1308 837 hominum
1339 802 1465 850 atque
1495 794 1668 835 avaritia
1698 794 1860 847 positus

112 861 259 901 modus
288 860 547 900 aestimandi.
607 860 728 900 XCV.
762 861 1028 913 Quapropter
1067 860 1100 899 si
1141 873 1216 899 vos
1248 860 1375 900 semel
1406 860 1449 899 in
1480 857 1704 897 iudicando
1735 856 1862 896 finem

111 922 331 976 aequitatis
362 927 402 961 et
431 922 534 974 legis
567 923 836 970 transieritis,
875 924 1021 962 scitote
1052 935 1126 961 vos
1157 922 1317 961 nullum
1350 921 1498 961 ceteris
1529 920 1572 959 in
1603 917 1863 958 aestimando
1880 928 1915 957 10

111 984 234 1025 finem
254 984 533 1037 improbitatis
557 990 598 1024 et
619 985 816 1024 avaritiae
838 984 1073 1038 reliquisse.
1125 980 1218 1023 221.
1242 985 1388 1023 Videte
1410 983 1556 1035 igitur,
1589 995 1715 1036 quam
1735 980 1867 1036 multa,v

111 1045 233 1087 simul
262 1058 285 1085 a
315 1046 433 1085 vobis
466 1047 744 1099 postulentur.
787 1047 1001 1086 Absolvite
1033 1060 1142 1093 eum,
1174 1046 1246 1099 qui
1279 1060 1322 1085 se
1353 1044 1766 1085 fateatur'maximas
1796 1050 1868 1095 pe-

111 1108 254 1149 cunias
284 1120 378 1148 cum
410 1121 570 1148 summa
601 1109 810 1149 sociorum
840 1108 995 1148 iniuria
1026 1109 1200 1161 cepisse.
1250 1109 1342 1147 Non
1382 1112 1443 1146 est
1483 1108 1596 1146 satis.
1653 1107 1759 1146 Sunt
1796 1105 1868 1145 alii

111 1183 284 1225 quoque
315 1171 573 1223 complures,
605 1171 716 1211 idem
740 1171 811 1225 qui
842 1171 1028 1210 fecerint.
1076 1170 1291 1210 Absolvite
1313 1169 1437 1209 etiam
1458 1168 1574 1216 illos,
1607 1169 1640 1208 si
1665 1168 1737 1223 qui
1759 1172 1868 1214 sunt,

110 1237 157 1272 ut
194 1246 278 1272 uno
319 1232 474 1272 iudicio
507 1247 630 1286 quam
671 1233 875 1286 plurimos
906 1233 1119 1285 improbos
1156 1231 1353 1270 liberetis.
1402 1232 1462 1271 Ne
1494 1231 1536 1270 id
1569 1231 1738 1285 quidem
1769 1230 1869 1270 satis
1884 1238 1920 1269 45

111 1299 187 1335 est.
231 1295 393 1342 Facite,
424 1299 471 1334 ut
501 1295 650 1335 ceteris
681 1295 854 1348 posthac
885 1295 997 1334 idem
1028 1294 1163 1333 liceat.
1213 1293 1385 1332 Licebit.
1436 1292 1582 1332 Adhuc
1614 1306 1762 1346 parum
1793 1295 1867 1331 est.

110 1358 360 1405 Permittite,
391 1362 438 1396 ut
466 1357 602 1404 liceat,
637 1357 783 1412 quanti
814 1357 994 1410 quisque
1016 1355 1139 1402 velit,
1170 1356 1274 1396 tanti
1296 1355 1538 1395 aestimare:
1571 1355 1599 1406 ἦ
1621 1354 1868 1408 permissum

110 1425 192 1460 est:
232 1420 501 1460 stultissimus
533 1420 711 1473 quisque
751 1418 925 1472 posthac
956 1418 1127 1458 minimo
1163 1417 1413 1458 aestimabit.
1465 1417 1629 1457 Videtis
1659 1416 1742 1456 iam
1773 1428 1869 1468 pro-

108 1483 239 1529 fecto,
270 1482 449 1529 iudices,
480 1482 557 1521 hac
589 1482 880 1522 aestimatione
902 1494 925 1521 a
946 1481 1065 1521 vobis
1097 1481 1367 1534 comprobata
1397 1493 1534 1534 neque
1557 1479 1726 1520 modum
1757 1482 1871 1531 post-

109 1545 186 1585 hac
216 1545 412 1585 avaritiae
445 1545 692 1598 cuiusquam
715 1558 853 1598 neque
875 1558 1054 1597 poenam
1077 1543 1354 1596 improbitatis
1377 1542 1570 1582 futuram.
1618 1539 1712 1581 ⁵222.
1736 1540 1870 1590 Quam
1885 1551 1922 1582 20

111 1607 163 1647 ob
193 1620 280 1647 rem
314 1607 418 1660 quid
449 1608 558 1660 agis,
589 1607 815 1647 Hortensi?
849 1607 1005 1647 Consul
1037 1620 1080 1646 es
1113 1606 1379 1658 designatus:
1411 1604 1669 1657 provinciam
1701 1603 1872 1643 sortitus

112 1683 182 1710 es:
228 1669 278 1709 de
309 1670 601 1710 aestimatione
631 1669 828 1709 frumenti
869 1683 964 1709 cum
1004 1669 1137 1716 dices,
1183 1668 1242 1707 sic
1283 1672 1323 1707 te
1362 1667 1602 1715 audiemus,
1649 1665 1770 1721 quasi
1806 1664 1872 1713 id,

198 1843 229 1873 ⁶2.
255 1842 367 1881 incipit
384 1841 486 1881 [542.
509 1859 542 1864 -
564 1846 680 1880 quotus
696 1860 743 1865 --
761 1843 955 1874 aestumat-it
979 1843 1062 1874 tanti
1088 1842 1117 1883 g.
1136 1843 1210 1873 225.
1230 1851 1263 1873 v,
1284 1842 1337 1873 21.
1364 1840 1471 1872 habet
1494 1841 1534 1872 V.
1557 1860 1591 1864 -
1617 1841 1710 1872 cuius
1732 1841 1792 1872 erit
1814 1841 1874 1871 isto

113 1891 214 1932 [542.
237 1909 270 1915 --
298 1891 328 1922 3.
353 1892 504 1931 ferendus
522 1893 609 1931 [529
628 1895 650 1923 Α
666 1893 690 1923 Β
706 1893 750 1923 V:
777 1893 934 1932 ferandus
950 1893 1061 1933 [542;
1088 1894 1276 1931 referendus
1299 1894 1358 1923 aut
1381 1892 1570 1932 deferendus
1587 1890 1671 1922 dett.
1694 1908 1729 1912 —-
1755 1893 1784 1921 et
1801 1899 1870 1922 om.

114 1941 201 1982 [529
218 1943 243 1973 Α
258 1942 294 1973 B.
323 1958 357 1963 —
393 1943 538 1981 primum
564 1943 700 1981 (primus
723 1951 768 1973 m.
796 1943 861 1982 pr.)
889 1946 1025 1972 aestum.
1053 1942 1091 1972 V.
1119 1943 1199 1980 (ΒΓ.)
1228 1960 1262 1964 —
1297 1941 1327 1972 4.
1355 1941 1606 1980 reprehendetur
1630 1941 1664 1972 L.
1694 1959 1729 1963 —
1755 1940 1816 1971 erit
1840 1939 1871 1977 4,

112 1992 138 2023 N
154 1991 196 2020 V:
223 1993 268 2021 est
292 1990 376 2022 dett.
399 2009 432 2013 —-
461 1993 491 2023 5.
518 2001 629 2031 conpr.
651 1993 688 2024 V.
712 2011 744 2014 —
772 1992 882 2033 ternis]
907 1991 1010 2023 tribus
1021 1992 1068 2028 V;
1096 1992 1159 2022 tuis
1176 1990 1275 2031 [542.
1298 2007 1332 2012 -
1360 1991 1529 2022 aestimari
1554 1991 1579 2021 N
1596 1991 1632 2030 (5²)
1651 1990 1687 2021 O.
1710 2007 1744 2011 —
1771 1989 1800 2020 6.
1821 1989 1876 2020 de-

111 2041 161 2072 nis
183 2049 247 2071 non
271 2040 367 2071 licere
390 2041 479 2081 [542
499 2043 558 2073 FN
573 2043 601 2072 V
626 2042 700 2079 (sed
719 2041 758 2073 4-2
783 2042 906 2081 donis):
933 2050 1001 2072 om.
1029 2040 1102 2072 rell.
1121 2060 1156 2063 —
1181 2041 1278 2071 semel
1299 2041 1337 2072 de
1360 2049 1512 2071 annonae
1534 2040 1663 2070 ratione
1676 2047 1685 2077 ι]
1704 2039 1875 2078 (rationem

111 2093 148 2121 ut
171 2090 317 2127 videtur)
348 2093 377 2120 et
405 2094 580 2121 aratorum
604 2091 642 2122 V.
672 2092 749 2130 (ΒΓ.)
790 2108 824 2114 -
863 2092 904 2123 ab
937 2092 1024 2122 ovini
1054 2091 1183 2121 ratione
1213 2093 1242 2121 et
1274 2089 1314 2120 ab
1339 2090 1627 2120 instrumentormn
1649 2098 1680 2119 v.
1707 2087 1808 2128 [542.
1837 2106 1872 2111 -

110 2141 140 2171 7.
167 2140 334 2170 voluntale
357 2140 459 2171 codd.
488 2142 591 2172 etiam
619 2142 644 2170 V
670 2143 766 2180 (Br.):
793 2142 933 2172 utilitate
958 2149 998 2171 ex
1024 2140 1143 2171 Lamb.
1172 2140 1261 2171 coni.
1288 2141 1325 2171 O.
1357 2140 1406 2171 Cf.
1427 2139 1456 2179 g.
1473 2139 1546 2170 244.
1566 2158 1600 2161 -
1625 2142 1816 2178 praetorum
1834 2139 1872 2169 V.

111 2190 177 2229 [Sic
203 2191 299 2220 recte
317 2188 494 2230 Klotzius.]
523 2209 557 2212 —
585 2195 653 2221 tam
677 2191 779 2231 [542.
810 2209 842 2213 —-
871 2191 901 2222 8.
929 2199 1030 2228 neque
1052 2191 1091 2223 V.
1119 2191 1136 2221 7
1163 2191 1278 2230 Lagg.,
1306 2189 1383 2220 alii:
1410 2198 1471 2229 que
1495 2188 1605 2228 [542;
1633 2192 1730 2228 atque
1753 2189 1790 2219 Ο.
1824 2188 1873 2219 Cf.

110 2238 222 2271 Madv.
243 2239 369 2279 Opusc.
390 2240 413 2270 1.
441 2249 473 2280 p.
493 2240 609 2272 344.—
638 2242 785 2271 avaritia
810 2241 844 2279 4,
865 2241 891 2271 N
906 2241 957 2270 Y:
983 2240 1128 2270 audacia
1152 2239 1235 2270 dett.
1258 2257 1289 2262 —
1316 2240 1424 2279 potius
1446 2239 1604 2270 eastimari
1628 2239 1725 2269 istum
1748 2238 1828 2276 quia
1851 2238 1877 2268 si

108 2298 164 2320 vos
179 2289 274 2319 semel
296 2289 473 2321 iudicando
498 2290 600 2330 [542.
623 2309 657 2312 -
685 2291 736 2322 40.
764 2291 939 2330 aequitatis
954 2291 1114 2330 -—ftnem
1138 2298 1207 2321 om.
1227 2288 1332 2321 idem.
1353 2307 1386 2312 -
1415 2290 1466 2320 41.
1492 2289 1700 2329 inprobitatis
1723 2287 1812 2328 [542
1829 2287 1874 2318 V:

107 2338 314 2378 improbitati
339 2338 411 2370 rell.
438 2340 541 2379 [355.
562 2341 597 2371 Β,
620 2358 653 2363 —
680 2341 784 2381 igitur
807 2340 917 2381 quam]
944 2340 1104 2370 iniuriam
1128 2338 1229 2380 [542.
1253 2357 1287 2361 ——
1315 2340 1367 2370 42.
1393 2348 1466 2370 eum
1491 2340 1595 2370 etiam
1619 2338 1648 2369 V
1674 2338 1753 2378 (non
1769 2337 1874 2375 illum,

109 2390 148 2419 ut
171 2387 252 2428 legit
275 2388 408 2427 Maius).
437 2406 473 2411 —
502 2388 551 2419 «13.
577 2390 752 2431 sociorum]
778 2390 927 2420 satietate
950 2389 1052 2429 [542.
1082 2407 1117 2411 —
1150 2390 1290 2429 coepisse
1312 2390 1352 2421 V.
1380 2406 1416 2412 -
1451 2393 1496 2420 est
1518 2390 1547 2419 V
1571 2390 1606 2420 et
1628 2387 1666 2420 4:
1694 2396 1764 2419 om.
1791 2387 1875 2419 dett.

114 2455 148 2459 —
174 2440 248 2468 sunt
270 2446 339 2469 om.
367 2437 467 2478 [542.
491 2456 525 2460 -
555 2438 606 2470 44.
629 2439 742 2478 plures
767 2440 802 2471 1..
823 2438 917 2470 4584.
940 2456 972 2461 -
1001 2439 1086 2470 idem
1109 2440 1164 2478 qui
1188 2438 1296 2479 [542;
1325 2439 1380 2478 qui
1403 2439 1489 2470 idem
1512 2439 1542 2469 V
1565 2439 1644 2478 (ΒΓ.)
1659 2463 1666 2475 ,
1691 2437 1765 2469 rell.
1785 2438 1821 2469 O.
1840 2456 1874 2460 —

111 2487 233 2518 solvitis
255 2495 325 2518 om.
350 2487 485 2527 fecerint
509 2488 610 2528 [542.
639 2507 674 2511 —
702 2490 728 2520 si
752 2489 808 2528 qui
831 2493 860 2521 et
883 2492 957 2520 sunt
980 2489 1087 2520 idem.
1116 2507 1151 2511 —
1179 2489 1231 2520 45.
1257 2489 1421 2528 improbos
1443 2488 1533 2529 [542
1550 2488 1636 2520 NV:
1662 2488 1778 2528 impios
1800 2485 1875 2519 rell.

1229 2542 1253 2563 u

115 2593 150 2598 —-
171 2574 222 2606 46.
238 2577 311 2614 post
325 2574 382 2614 qui
398 2575 481 2605 idem
497 2574 641 2615 [542.-
661 2576 767 2607 adhuc
783 2576 872 2617 [542
889 2577 928 2610 V,
949 2576 1027 2608 cod.
1044 2577 1131 2608 Urs.:
1151 2576 1195 2606 ad
1210 2576 1268 2608 hoc
1281 2577 1304 2607 B
1319 2585 1325 2613 ;
1345 2580 1381 2607 at
1398 2575 1506 2617 Lg483
1526 2579 1561 2607 at
1576 2576 1635 2607 hoc
1647 2574 1720 2608 rell.
1740 2575 1823 2607 noti.
1841 2594 1875 2598 -

114 2625 165 2656 47.
188 2624 339 2663 permitte
357 2624 456 2664 [542.
472 2643 507 2647 -
531 2625 657 2665 quanti]
682 2629 810 2665 questus
833 2626 938 2657 idem.
955 2644 988 2648 -
1016 2626 1099 2657 tanti
1120 2626 1294 2657 aestimare
1309 2644 1358 2650 --
1375 2625 1570 2667 aestimabit]
1589 2626 1671 2657 tanti
1695 2625 1879 2656 aestimabit

114 2674 218 2713 (med.
243 2675 326 2714 om.)
351 2674 455 2706 codd.
480 2674 641 2715 vulgares
667 2676 892 2715 (aestimabitis
914 2676 1034 2716 [529);
1061 2676 1144 2706 tanti
1169 2677 1325 2708 aestimet.
1350 2676 1543 2709 Aestimabit
1574 2675 1653 2707 edd.
1679 2677 1759 2716 post
1783 2675 1875 2707 Crat.

111 2723 210 2764 [lllud
234 2732 297 2755 nos
322 2724 594 2764 imprimendum
620 2726 836 2763 curavimus;
863 2734 946 2756 nam
970 2725 1026 2755 hic
1049 2725 1083 2756 iu
1100 2725 1202 2756 codd.
1218 2725 1361 2766 reliquis
1379 2726 1554 2766 quaedam
1575 2724 1806 2762 intercidisse,
1833 2723 1880 2756 le-

113 2775 227 2806 ctione
259 2772 389 2805 codicis
422 2774 501 2813 Lag.
527 2773 580 2805 42.
608 2777 642 2806 et
665 2775 820 2806 Vaticani
845 2775 1057 2816 patefactum
1083 2776 1145 2806 est.
1186 2777 1298 2816 Atque
1330 2775 1385 2808 ille
1415 2776 1558 2816 quidem
1583 2775 1633 2806 sic
1657 2774 1819 2814 corrupte
1845 2775 1880 2805 et

112 2831 237 2855 mance
261 2822 390 2854 habet:
422 2824 506 2854 tanti
529 2833 627 2864 agere
651 2824 706 2863 (cf.
734 2834 806 2855 var.
833 2834 866 2865 p.
890 2824 964 2861 3¹7,
993 2824 1057 2863 43.)
1080 2826 1276 2864 permissum
1299 2830 1344 2857 est
1367 2827 1574 2857 stultissimus
1598 2825 1734 2863 quisque
1752 2833 1815 2862 pro
1839 2832 1879 2854 ac

112 2882 243 2905 nummo
258 2873 420 2904 extimant
437 2873 638 2912 (eoestimavit
651 2874 754 2913 corr.)
782 2875 874 2912 Quas
891 2874 1070 2914 Zumptius
1094 2877 1174 2914 post
1189 2885 1243 2907 vv.
1261 2885 1323 2915 pro
1347 2886 1386 2908 ac
1409 2885 1543 2907 nummo
1566 2875 1711 2907 inseruit
1727 2872 1879 2913 syllabas

113 2926 167 2955 ext
189 2926 236 2961 et,
262 2922 361 2962 quasi
378 2923 411 2954 in
428 2923 517 2964 [542
533 2923 751 2964 legerentur,
780 2934 842 2956 eae
871 2924 1046 2956 debentur
1061 2924 1240 2956 Niebuhrii
1265 2925 1356 2965 siglis
1381 2925 1472 2957 male
1497 2924 1690 2957 intellectis.
1728 2924 1765 2954 In
1790 2923 1881 2954 Vati-

114 2981 201 3005 cano
224 2972 322 3005 locus
348 2972 566 3005 oblitteratus
591 2976 665 3011 est;
692 2975 868 3015 quaedam
892 2976 1010 3005 tamen
1037 2974 1219 3013 Brunnius,
1246 2984 1400 3016 quocum
1426 2975 1613 3007 lectionem
1636 2973 1764 3006 codicis
1789 2972 1879 3012 [542

114 3022 479 3056 communicaveram.
522 3023 712 3054 extricavit.
761 3025 873 3064 Atque
908 3024 936 3054 is
973 3022 1117 3063 quidem
1151 3024 1239 3056 haec
1277 3024 1440 3065 protulit:
1486 3025 1609 3056 TANTI
1640 3023 1881 3055 AESTIMARE

113 3071 315 3106 PERMISSI
343 3079 353 3110 ΙΙ
380 3075 389 3109 l
402 3074 429 3105 κ’»
449 3086 455 3105 κ
472 3088 478 3105 t
496 3072 529 3108 ll
543 3072 552 3106 κ’
566 3071 575 3104 ᾗ
639 3077 645 3103 f
661 3075 671 3106 Ἀ
686 3071 695 3106 s
732 3072 743 3106 l
804 3072 835 3107 sl
851 3074 946 3112 QVIS
966 3083 976 3108 tl
1000 3074 1036 3112 Q.
1054 3074 1131 3105 POS
1146 3072 1155 3107 l
1169 3074 1179 3108 s
1193 3076 1202 3108 l
1216 3075 1226 3109 l
1240 3074 1249 3107 l
1264 3075 1426 3106 MINIMO
1442 3073 1640 3106 AESTI'MA
1653 3076 1664 3105 li
1684 3072 1757 3103 ΠΤ.
1782 3072 1880 3103 Initio

115 3129 240 3152 versus
263 3121 410 3153 secundi
436 3123 489 3152 est
511 3121 659 3153 fortasse
682 3122 954 3160 AESTI'MARE,
993 3132 1058 3154 nec
1087 3125 1206 3156 tamen
1231 3134 1271 3156 ea
1295 3133 1362 3156 vox
1387 3127 1493 3156 certa.
1531 3123 1702 3165 Equidem
1726 3122 1876 3153 tentavi:

119 3170 293 3202 Permittite
315 3175 351 3202 ut
373 3171 470 3202 liceat
492 3172 608 3210 quanti
631 3172 766 3211 quisque
787 3173 863 3203 velit
887 3174 971 3204 tanti
1002 3174 1200 3205 aestivriare:
1232 3175 1429 3214 permissum
1459 3178 1542 3206 esto:
1578 3175 1645 3205 iam
1675 3172 1882 3203 stultissimus

118 3220 253 3259 quisque
278 3221 413 3260 posthac
436 3221 572 3252 minimo
596 3222 802 3253 aestumabit.
835 3223 955 3262 flama]
986 3240 1021 3244 ——
1058 3223 1109 3255 49.
1135 3224 1220 3254 hanc
1249 3224 1496 3255 emanationem
1525 3232 1547 3254 a
1571 3233 1603 3254 v.
1632 3221 1880 3260 comprobatam

118 3279 152 3300 n.
176 3271 271 3301 modo
293 3280 355 3310 pro
377 3272 438 3302 hac
462 3272 610 3302 avaritia
633 3272 725 3304 cuius
747 3272 849 3312 [542.
870 3290 904 3294 -
931 3274 984 3305 20.
1010 3273 1137 3312 inprob.
1163 3273 1201 3305 V.
1230 3274 1309 3313 (ΒΓ.)
1336 3291 1371 3296 -
1398 3282 1499 3313 quam
1522 3273 1560 3305 ob
1582 3281 1652 3304 rem
1666 3272 1716 3302 V:
1742 3279 1825 3310 quas
1841 3271 1879 3302 ob

120 3327 171 3349 res
194 3318 266 3350 rell.
293 3320 330 3351 Ο.
357 3338 391 3342 -
425 3321 479 3352 24.
512 3322 584 3361 quis
614 3323 687 3362 ayis
716 3323 877 3354 hortensio
904 3320 980 3353 cofzs
1002 3323 1169 3364 designato
1188 3333 1285 3365 prov.
1310 3324 1423 3356 sortiri
1447 3325 1484 3356 de
1507 3321 1608 3364 [542.
1636 3339 1670 3343 -
1698 3321 1750 3353 22.
1775 3321 1875 3362 snam.

120 3376 195 3399 eum
215 3368 299 3401 dices
321 3370 350 3401 V
373 3374 409 3402 et
431 3370 470 3403 4:
497 3380 572 3403 cum
595 3372 679 3404 dices
700 3372 802 3413 frum.
828 3371 902 3405 rell.
929 3372 966 3403 Ο.
