2143 3713
182 185 262 228 384
673 186 728 226 IN
758 185 979 226 VERREM
1006 183 1167 224 ACTIO
1198 184 1439 225 SECUNDA

186 313 309 352 quam
340 312 430 338 esse
461 297 693 337 arbitretur.
753 294 768 336 4
781 295 818 336 3.
857 298 993 350 Atque
1023 296 1125 336 haec
1157 297 1287 336 sicubi
1318 297 1424 336 facta
1455 299 1572 342 sunt,
1602 293 1709 334 facta
1740 300 1855 344 sunt,
1886 301 1932 336 ut

180 361 369 401 homines
410 359 629 413 populares
669 373 715 399 ae
752 359 915 399 nobiles
952 358 1154 411 supplicio
1186 364 1257 397 aut
1287 358 1435 398 exsilio
1476 358 1734 396 levarentur:
1779 363 1820 397 at
1848 372 1931 398 non

181 423 309 462 abiis
339 423 461 475 ipsis,
503 422 573 475 qui
614 421 887 466 iudicassent,
928 426 968 459 at
1008 434 1091 458 non
1131 420 1291 466 statim,
1332 427 1373 459 at
1403 433 1486 458 non
1518 432 1662 458 eorum
1703 418 1931 459 facinorum

181 485 384 532 damnati,
422 497 528 538 quae
560 483 610 522 ad
642 484 767 523 vitam
799 488 838 522 et
869 482 919 521 ad
950 481 1135 520 fortunas
1168 482 1349 521 oninium
1384 481 1652 534 pertinerent.
1712 481 1802 520 Hoc
1831 494 1930 521 vero

147 553 335 587 5n0vum
368 552 407 587 et
438 547 526 587 eius
559 546 671 586 modi
703 551 777 592 est,
811 551 855 584 ut
880 544 1008 596 magis
1031 549 1201 596 propter
1222 557 1335 583 reum
1358 557 1480 597 quam
1503 548 1671 596 propter
1691 557 1778 583 rem
1800 544 1931 596 ipsam

182 609 379 649 credibile
408 609 618 656 videatur,
650 614 695 647 ut
724 608 912 647 homines
945 619 1107 651 servos,
1149 611 1193 644 ut
1234 606 1322 658 ipse
1354 607 1423 659 qni
1455 606 1679 652 iudicarat,
1720 610 1765 644 ut
1796 605 1932 644 statim

182 685 203 711 e
235 672 372 712 medio
405 671 610 724 supplicio
642 670 856 715 dimiserit,
888 674 932 708 ut
962 669 1051 707 eius
1081 667 1275 707 facinoris
1309 668 1525 708 damnatos
1558 682 1712 713 servos,
1744 667 1853 721 quod
1881 666 1932 706 ad

183 735 367 774 omnium
408 733 629 773 liberorum
671 736 795 784 caput
835 735 876 769 et
913 732 1156 783 sanguinein
1197 732 1434 782 pertineret.
1509 728 1564 769 lsi.
1607 730 1639 769 Ο
1677 729 1932 783 praeclarum

181 797 471 850 imperatorem
503 809 578 835 nec
611 795 692 833 iani
725 807 816 832 cuni
846 793 911 831 Μ’.
943 793 1130 845 Aquilio,
1170 792 1397 832 fortissimo
1437 794 1544 839 viro,
1588 792 1659 831 sed
1699 804 1798 831 vero
1841 804 1934 829 cum

133 859 356 905 iOPaullis‚
400 857 686 910 Scipionibus,
729 854 866 893 Mariis
908 854 1227 894 conserendum!
1288 855 1517 894 Tantumne
1560 854 1712 894 vidisse
1749 854 1792 892 in
1824 857 1934 891 metu

180 920 453 974 periculoque
493 917 753 971 provinciae!
817 917 917 956 Cum
957 917 1218 956 servitiorum
1261 917 1422 955 animos
1461 917 1502 955 in
1536 917 1678 956 Sicilia
1709 927 1934 967 suspensos

180 988 351 1036 propter
371 981 525 1020 bellum
548 980 686 1019 ltaliae
709 978 979 1030 fugitivorum
1002 978 1182 1017 videret:
1215 991 1266 1016 ne
1289 978 1381 1030 quis
1404 992 1446 1017 se
1469 991 1726 1018 commovere
1749 976 1935 1023 auderet,

182 1050 380 1099 quantum
421 1043 591 1082 terroris
631 1040 791 1080 iniecit!
853 1040 1160 1092 Comprehendi
1201 1039 1341 1078 iussit:
1383 1040 1477 1092 quis
1520 1053 1604 1078 non
1643 1041 1935 1092 pertimescat?

181 1120 347 1148 causam
379 1105 517 1144 dicere
549 1103 762 1143 dominos:
803 1103 903 1155 quid
935 1116 1052 1142 servo
1083 1108 1164 1141 tam
1205 1101 1549 1141 formidolosum?
1600 1116 1762 1142 FEClssn
1794 1114 1936 1141 vinnm

130 1178 165 1207 45
179 1169 443 1223 pronuntiat:
475 1171 661 1206 exortam
693 1165 855 1205 videtur
885 1162 1089 1204 flammam
1120 1177 1343 1216 paucorum
1377 1164 1519 1203 dolore
1551 1177 1596 1203 ac
1628 1170 1757 1204 morte
1789 1166 1936 1204 restin-

180 1232 305 1272 xisse.
366 1229 476 1278 Quid
509 1228 660 1268 deinde
692 1228 910 1280 sequitur?
968 1226 1150 1266 Verbera
1187 1231 1313 1279 atque
1350 1226 1466 1278 ignes
1497 1230 1537 1265 et
1567 1226 1638 1267 illa
1668 1232 1853 1266 extrema
1884 1225 1936 1265 ad

179 1293 431 1347 supplicium
463 1292 770 1336 damnatorum,
805 1295 959 1328 metum
991 1294 1238 1335 ceterorum,
1271 1293 1311 1328 ct
1342 1289 1548 1327 cruciatus
1581 1294 1621 1327 et
1652 1302 1767 1327 crux.
1811 1287 1935 1327 Hisce

179 1355 369 1396 omnibus
400 1352 614 1407 suppliciis
646 1357 742 1391 sunt
780 1351 955 1391 liberati.
1015 1351 1119 1399 Quis
1160 1350 1340 1397 dubitet,
1381 1350 1483 1403 quin
1525 1364 1736 1390 servorun]
1775 1350 1936 1390 animos

182 1430 343 1458 summa
375 1415 599 1456 formidine
631 1414 908 1467 oppresserit,
948 1427 1039 1453 cum
1071 1413 1260 1452 viderent
1291 1426 1338 1452 ea
1368 1412 1565 1452 facilitate
1596 1419 1850 1466 praetorem,
1891 1417 1937 1451 ut

129 1481 230 1521 20ab
263 1494 312 1520 eo
344 1492 556 1520 servorum
589 1477 757 1517 sceleris
789 1476 1174 1528 coniurationisque
1207 1475 1494 1515 damnatorum
1526 1475 1609 1514 vita
1639 1475 1703 1515 vel
1734 1475 1826 1528 ipso
1849 1487 1938 1514 ear-

180 1542 301 1582 nifice
334 1540 592 1581 internuntio
624 1538 930 1579 redimeretur?

292 1605 380 1645 Vll.
422 1602 485 1642 lz'j.
519 1603 661 1650 Quid?
703 1602 781 1641 hoc
814 1601 854 1639 in
886 1599 1175 1653 Apolloniensi
1206 1599 1494 1645 Aristodamo,
1537 1599 1664 1652 quid?
1705 1600 1747 1638 in
1778 1599 1936 1638 Leonte

180 1666 459 1707 Imacharensi
492 1678 576 1705 non
608 1664 717 1703 idem
750 1662 884 1703 fecisti
900 1665 916 1701 ζ)
979 1661 1117 1710 Quid?
1163 1661 1240 1700 iste
1285 1665 1417 1700 motus
1460 1661 1721 1700 servitiorum
1753 1660 1936 1713 bellique

180 1730 314 1769 subita
345 1728 527 1781 suspicio
560 1732 695 1765 utrum
728 1726 802 1764 tibi
836 1725 1001 1764 tandem
1030 1723 1286 1775 diligentiam
1310 1722 1606 1761 custodiendae
1628 1724 1865 1774 provinciae
1886 1736 1937 1762 an

128 1802 164 1832 25
179 1805 329 1832 novam
360 1791 561 1830 rationein
593 1787 892 1841 improbissimi
925 1790 1122 1840 quaestus
1153 1785 1318 1824 attulit?
1377 1784 1638 1837 Halicyensis
1668 1784 1937 1831 Eumenidae,

180 1854 331 1894 nobilis
370 1851 553 1892 hominis
596 1855 637 1890 et
673 1849 863 1895 honesti,
904 1861 1077 1901 magnae
1118 1846 1319 1900 pecuniae
1350 1846 1496 1885 vilicus
1529 1859 1620 1885 cum
1652 1844 1835 1898 impulsu
1867 1851 1938 1886 tuo

268 2058 297 2089 4.
324 2055 424 2087 sicubi
447 2055 494 2086 ita
519 2054 619 2094 Lgao.
642 2071 676 2075 —
702 2053 793 2093 faeta
815 2051 900 2092 sunt]
926 2052 962 2082 ln
988 2049 1150 2082 omnibus
1176 2049 1277 2081 codd.
1304 2049 1391 2081 haee
1416 2048 1522 2080 verba
1547 2047 1657 2080 semel
1681 2047 1857 2089 leguntur:
1886 2048 1937 2080 bis

181 2108 332 2150 primum
357 2106 526 2146 apparent
550 2105 582 2134 in
608 2102 688 2134 edit.
717 2101 897 2133 Cratrand.
920 2119 954 2123 —
974 2102 1005 2132 ⁴¹2.
1033 2110 1072 2131 ac
1096 2101 1158 2131 n3:
1185 2103 1243 2131 aut
1267 2099 1351 2130 dett.
1378 2100 1418 2135 03
1448 2108 1515 2129 non
1540 2107 1619 2130 raro
1644 2108 1684 2130 ac
1708 2098 1938 2138 depravatum

183 2162 253 2192 est:
281 2158 322 2190 cs.
349 2158 435 2188 intra
452 2156 482 2195 ἓ.
502 2153 561 2191 (ἧς
588 2156 645 2184 aut
669 2153 821 2183 retinens
839 2150 993 2182 llalmius
1018 2151 1061 2182 ita
1087 2149 1248 2190 explicat,
1277 2152 1312 2179 ut
1336 2148 1453 2179 nobiles
1478 2148 1622 2179 cosdem
1648 2157 1726 2180 esse
1751 2148 1853 2186 dicat,
1881 2149 1938 2187 qui

183 2209 263 2241 alibi
281 2208 451 2248 optimates
467 2202 695 2245 appellantur.
722 2203 763 2233 At
780 2210 847 2232 non
867 2199 1019 2232 debebat
1038 2200 1208 2239 oplimales
1225 2199 1267 2238 (p.
1287 2200 1373 2229 Sest.
1394 2198 1425 2237 g.
1445 2198 1484 2228 97
1502 2207 1580 2238 sqq.
1599 2198 1642 2228 de
1660 2198 1742 2237 Rep.
1762 2197 1802 2228 11.
1822 2194 1937 2236 314⁴.)

184 2257 398 2291 confundere
424 2263 503 2287 cum
528 2253 699 2289 nobilibus3
726 2260 790 2283 nec
815 2250 894 2282 licet
919 2249 996 2290 [2'1’]
1021 2249 1219 2285 disiungere
1233 2247 1410 2286 populares
1425 2250 1483 2277 aut
1498 2247 1628 2285 nobiles,
1655 2247 1732 2287 quia
1750 2248 1938 2285 utrumque

184 2310 216 2341 in
241 2307 367 2340 eodem
391 2305 531 2337 homine
556 2312 634 2335 esse
659 2303 782 2343 potest.
825 2302 945 2340 Neque
970 2299 1004 2329 h.
1024 2297 1044 2329 l.
1064 2296 1130 2328 ulla
1154 2299 1205 2327 cst
1223 2297 1461 2327 disiunctionis
1479 2297 1582 2334 rati03
1609 2296 1830 2336 opponuntur
1846 2295 1939 2326 enini

181 2359 325 2390 homines
342 2355 522 2395 populares
544 2363 583 2385 ac
606 2353 725 2384 nobiles
750 2353 779 2391 (i.
807 2361 836 2382 e.
865 2350 921 2391 qui
948 2349 1052 2380 iidem
1076 2348 1156 2379 sunt
1181 2345 1323 2383 nobiles)
1350 2346 1532 2376 hominibus
1553 2346 1653 2376 servis
1676 2345 1695 2375 i.
1723 2353 1753 2375 e.
1780 2344 1939 2375 homines

183 2407 288 2440 nobili
312 2406 387 2438 loco
412 2405 481 2436 nati
506 2406 540 2436 et
563 2403 654 2445 apud
673 2401 839 2443 populum
857 2399 995 2440 gratiosi
1012 2396 1212 2429 hominibus
1230 2395 1368 2426 intimae
1388 2394 1611 2426 condicionis.
1646 2396 1733 2426 Nam
1750 2395 1814 2426 nisi
1832 2393 1940 2425 homi-

184 2466 246 2490 nes
271 2455 404 2488 nobiles
428 2453 529 2486 simul
555 2451 740 2494 populares
765 2453 856 2488 sunt,
883 2459 951 2480 non
976 2446 1073 2479 facile
1099 2447 1149 2484 fit,
1176 2447 1214 2476 ut
1237 2443 1404 2485 supplicio
1430 2446 1488 2475 aut
1512 2443 1630 2475 exsilio
1656 2442 1832 2484 leventur,
1859 2443 1938 2483 quia

184 2510 258 2540 eius
282 2507 333 2538 rei
357 2505 511 2547 potestas
536 2502 628 2543 apud
651 2500 819 2543 populum
845 2501 907 2531 est.
928 2516 962 2519 —
983 2498 1014 2528 ⁶2.
1041 2499 1075 2527 at.
1091 2496 1166 2534 non]
1192 2498 1226 2526 ut
1245 2504 1309 2525 non
1335 2495 1408 2533 (ter)
1435 2495 1470 2525 R.
1499 2495 1591 2533 (item
1609 2493 1749 2525 duobus
1766 2492 1939 2533 prioribus

183 2557 268 2589 locis
286 2555 399 2596 Lagg.)
420 2572 454 2576 —
481 2554 512 2584 3.
532 2553 572 2583 ab
590 2551 639 2592 iis]
658 2551 698 2582 ab
715 2551 741 2581 is
758 2551 781 2581 R
801 2559 850 2590 pr.
870 2558 931 2585 n1.;
957 2547 997 2578 ab
1014 2547 1062 2577 his
1078 2548 1101 2577 R
1120 2554 1210 2577 corr.
1231 2547 1265 2576 ct
1282 2543 1354 2575 rell.
1375 2543 1438 2584 (vel
1457 2544 1545 2584 hiis.)
1563 2561 1597 2565 —
1625 2543 1655 2575 li.
1682 2547 1711 2575 et
1727 2544 1780 2585 ad]
1800 2544 1843 2574 ad
1867 2551 1936 2574 om.

184 2608 225 2638 Gt
247 2607 349 2646 Lagg.
369 2623 403 2626 —
429 2603 573 2634 omnium
595 2603 746 2642 fortunas
770 2600 827 2630 (33.
856 2617 889 2620 -
918 2598 948 2628 6.
975 2595 1124 2628 credibile
1148 2604 1212 2626 esse
1233 2595 1298 2625 vid.
1318 2595 1419 2633 Lagg.
1440 2611 1474 2614 —
1496 2594 1548 2624 40.
1568 2594 1677 2624 Paulis
1693 2594 1729 2625 R.
1749 2610 1783 2615 —
1805 2594 1856 2624 Μ.
1875 2602 1940 2624 ser-

181 2665 299 2688 vorum
321 2655 423 2695 Lg‘29.
446 2669 480 2675 —
509 2653 560 2684 43.
587 2650 773 2690 comprendi
798 2651 834 2680 R.
856 2666 889 2670 —
919 2646 970 2679 lli.
997 2647 1097 2678 sert-is
1121 2645 1204 2677 dett.
1225 2646 1261 2676 O.
1283 2662 1316 2665 -
1346 2645 1397 2675 15.
1419 2644 1621 2683 pronunciat
1644 2645 1685 2681 R;
1710 2643 1941 2683 pronuntiauit

185 2707 270 2739 dett.
289 2707 326 2738 O.
347 2723 381 2727 —
410 2707 518 2735 ortam
536 2705 636 2742 Lagg.
658 2719 691 2722 —-
721 2701 770 2731 slT.
798 2703 826 2730 et
849 2699 1015 2729 cruciatus
1034 2697 1097 2728 Ra:
1124 2699 1152 2727 ec
1169 2705 1237 2727 om.
1259 2695 1343 2726 dett.
1364 2697 1442 2725 0.-
1471 2694 1521 2725 48,
1549 2694 1604 2733 qui
1627 2694 1660 2724 in
1684 2695 1721 2726 R.
1742 2711 1776 2716 —
1803 2694 1856 2725 ⁶20.
1875 2702 1941 2724 ser-

183 2766 300 2788 vorum
324 2765 393 2787 om.
420 2754 504 2786 dett.
531 2754 568 2783 Ο.
590 2752 715 2790 —ipsa
741 2752 776 2781 ll.
797 2767 831 2771 —
850 2750 903 2780 22.
929 2748 1150 2786 Apolloniense
1174 2747 1274 2785 Lagg.
1298 2762 1331 2766 -
1351 2744 1467 2774 Leonte
1493 2744 1596 2774 Prisc.
1624 2745 1649 2774 l.
1669 2753 1701 2784 p.
1721 2744 1794 2775 ε238.
1821 2743 1936 2782 Lagg.:

184 2807 328 2838 Leonida
350 2804 409 2836 R3.
437 2820 471 2824 -
499 2802 551 2833 ¹23.
577 2799 796 2832 Imacharensi
821 2798 926 2829 Prisc.
953 2797 973 2829 l.
993 2797 1012 2828 l.
1041 2797 1118 2828 cod.
1146 2797 1234 2828 [frs.:
1262 2794 1469 2826 Mac—harem
1492 2794 1600 2832 Lg‘ZO3
1627 2793 1779 2824 aearensi
1802 2794 1838 2824 R.
1865 2790 1939 2830 (sed

185 2865 236 2897 pr.
263 2864 309 2887 m.
335 2851 465 2885 leonidci'
489 2850 651 2886 acarensi,
679 2850 698 2880 i.
718 2858 748 2879 e.
774 2848 916 2879 Leonida
941 2845 1143 2886 illocarensi)
1168 2846 1231 2879 G&
1257 2843 1432 2875 Achai-ensi
1457 2843 1557 2874 codd.
1584 2843 1723 2879 Lanib.;
1748 2840 1939 2882 Mayarensi

186 2903 204 2935 4
222 2905 342 2944 Lagg.;
368 2900 555 2942 Meyarensi
578 2898 619 2931 al.
646 2902 683 2929 t).
710 2898 751 2929 cl'.
779 2897 820 2927 nd
839 2898 892 2927 lli.
920 2897 949 2936 g.
970 2896 1021 2928 47.
1051 2914 1083 2917 —
1111 2898 1213 2925 metus
1236 2892 1335 2931 1442.
1360 2910 1394 2914 —
1414 2893 1620 2923 seri-iliorum
1645 2892 1690 2923 1z3
1708 2889 1744 2921 λῑ
1770 2898 1938 2921 servorum

186 2953 269 2984 dett.
296 2953 332 2984 O.
362 2969 396 2974 -
422 2950 474 2982 ⁹24.
501 2949 634 2989 suspitio
659 2949 694 2979 R.
718 2966 750 2970 ——
771 2948 824 2978 255.
849 2947 1059 2977 novissimam
1083 2943 1183 2984 Lgao.
1204 2961 1238 2964 —
1258 2941 1485 2981 inprobissztmi
1510 2942 1546 2972 R.
1570 2959 1603 2964 —
1623 2941 1818 2972 Halicienses
1842 2940 1878 2970 R.
1899 2955 1933 2959 —

185 3003 237 3034 ί26.
262 3010 405 3041 magnae
424 3000 583 3040 pecuniae
604 2998 728 3038 vilicus]
755 2998 803 3028 sie
830 2998 929 3036 iunge
954 2995 1062 3027 verba
1088 2993 1163 3026 coll.
1188 2993 1241 3024 lv.
1269 2992 1298 3031 ἓ.
1317 2991 1369 3022 88.
1396 2991 1523 3030 sianum
1548 2998 1687 3030 magnae
1706 2988 1874 3028 pecuniae.
1902 2997 1935 3028 p.

187 3053 285 3084 Rosc.
309 3054 385 3083 Ani.
406 3050 437 3091 S.
457 3049 529 3081 408.
553 3048 693 3088 praedia
717 3050 828 3078 caulae
842 3047 1013 3086 pecuniae.
1032 3043 1109 3076 Sall.
1130 3044 1200 3083 lug.
1220 3050 1248 3072 c.
1268 3041 1319 3071 85.
1347 3049 1408 3070 non
1430 3041 1537 3079 pluris
1555 3040 1655 3079 pretii
1677 3046 1816 3077 coquum
1839 3046 1939 3076 quam

124 3108 129 3113 ’
184 3102 315 3132 vilicum
338 3101 465 3132 habere.
503 3100 558 3130 Or.
586 3100 619 3128 et
645 3096 742 3128 llalni
767 3096 994 3135 distinguunt:
1026 3102 1167 3135 masmae
1185 3091 1360 3132 pecuniae,
1392 3090 1513 3121 vilicus.
1554 3092 1595 3121 At
1619 3091 1692 3120 tum
1717 3088 1839 3119 Cicero
1863 3087 1937 3118 sine

187 3150 292 3182 dubio
317 3151 460 3182 dixisset
479 3147 657 3188 pecuniosi,
684 3149 719 3177 ut
745 3147 774 3187 g.
795 3147 845 3177 46.
871 3146 938 3183 23„
966 3144 1058 3185 quod
1084 3141 1184 3175 simul
1210 3140 1423 3173 concinnitas
1447 3140 1610 3170 orationis
1634 3135 1837 3178 postularet.
1864 3135 1939 3167 Col-

187 3198 394 3231 locationem
419 3200 537 3230 autem
561 3196 750 3228 verborum
776 3196 914 3226 nostrae
940 3193 1158 3234 explicationi
1184 3200 1250 3222 non
1270 3190 1446 3227 refragari,
1474 3189 1507 3219 id
1525 3187 1616 3228 quod
1635 3187 1786 3219 Halmius
1804 3188 1935 3224 censet,

188 3257 268 3280 cum
286 3249 432 3281 Sallustii
450 3245 662 3287 exemplum,
689 3247 762 3276 tuni
779 3246 863 3276 ratio
881 3245 953 3285 ipsa
973 3243 1093 3278 docet;
1120 3239 1275 3273 consulto
1294 3240 1398 3275 enini,
1425 3240 1462 3268 ut
1477 3236 1673 3268 intenderet
1688 3236 1758 3267 vim
1776 3235 1935 3274 notionis,

188 3300 356 3339 genitivos
372 3300 485 3340 primo
501 3296 577 3329 loco
595 3294 785 3328 collocavit.
814 3294 1039 3335 (scripturam
1053 3292 1168 3324 vilicus
1183 3289 1315 3322 habent
1332 3290 1356 3320 R
1373 3290 1407 3320 et
1421 3286 1551 3328 aliquot
1565 3286 1681 3327 Lagg.)
1701 3304 1735 3309 —
1754 3285 1885 3326 inpulsu
1896 3285 1934 3318 R.
