2143 3713
612 207 707 248 οη.
736 205 1013 246 xv—xvn.
1049 203 1122 258 ὃς.
1151 201 1345 243 37—44.
1776 197 1847 242 62¹

124 327 246 361 tatem
268 321 346 360 iam
369 318 651 365 crevimus‚—
671 329 841 369 regnum
859 316 1105 370 Bithyniae?
1137 316 1246 369 quod
1269 319 1378 354 certe
1399 314 1609 367 publicum
1634 319 1696 353 est
1715 313 1857 366 populi

124 384 295 423 Romani
325 382 494 422 sactum:
534 377 735 432 numquid
767 391 913 418 causae
944 384 1006 417 est
1036 378 1134 431 quin
1165 390 1307 417 omnes
1338 389 1480 428 agrOS,
1520 376 1668 422 urbes,
1700 382 1856 428 stagna,

125 452 287 498 portus,
323 449 448 484 totam
480 442 657 494 denique
687 439 917 492 Bithyniam
951 438 1169 479 decemviri
1200 437 1405 477 vendituri
1438 438 1548 476 sint?
1606 438 1714 476 XVI.
1748 437 1857 485 Quid

126 508 372 561 Mytilenae?
403 517 509 558 quae
539 507 646 542 certe
676 507 849 547 vestrae,
872 501 1070 549 Quirites,
1095 499 1190 539 belli
1222 499 1312 550 lege
1342 512 1388 537 ac
1409 499 1599 538 victoriae
1618 499 1705 538 iure
1726 498 1858 539 factae

127 575 241 616 sunt,
271 569 367 607 urbs
397 571 437 606 et
464 569 608 604 natura
628 576 674 602 ac
701 564 780 602 situ
814 568 853 602 et
874 563 1146 615 descriptione
1178 560 1458 600 aedificiorum
1485 566 1523 599 et
1555 560 1892 612 pulchritudine5

128 630 312 683 inprimis
342 626 511 672 nobilis,
554 625 638 677 agri
673 624 840 663 iucundi
879 630 918 664 et
962 624 1140 664 fertiles:
1176 634 1323 675 nempe
1360 621 1506 661 eodem
1543 623 1676 675 capite
1712 622 1858 662 inclusi

128 691 399 730 continentur.
455 683 520 725 4-1.
543 685 653 733 Quid
674 686 925 725 Alexandria
956 690 1188 737 cunctaque
1208 685 1444 737 Aegyptus?
1475 689 1520 722 ut
1550 685 1709 724 occulte
1740 685 1858 725 latet!

128 758 172 792 ut
200 750 408 792 recondita
437 747 521 787 estl
554 752 598 786 ut
627 747 764 786 furtim
796 754 881 787 tota
911 747 1148 788 decemviris
1180 745 1372 785 tradituri
1410 744 1512 793 Quis
1544 746 1653 786 enim
1683 753 1862 787 vestrum

128 814 206 854 hoe
241 814 420 866 ignorat,
459 809 539 848 dici
570 808 672 848 illud
703 822 874 861 reguum
906 814 1152 850 testamento
1183 808 1289 860 regis
1320 807 1475 847 Alexae
1510 807 1654 860 populi
1689 808 1863 848 Romani

130 888 219 915 esse
248 872 425 913 factum?
456 870 532 909 Hie
562 883 638 922 ego
671 871 812 909 consul
844 871 987 924 populi
1009 869 1180 910 Romani
1211 882 1292 909 non
1324 869 1446 909 modo
1476 868 1579 908 nihil
1600 869 1760 917 iudico,
1792 869 1914 910 sedlo

129 950 180 976 ne
221 934 319 988 quid
357 933 529 972 sentiam
568 930 736 984 quidem
776 932 960 985 profero;
1003 944 1150 984 magna
1181 932 1290 970 enim
1320 929 1419 970 mihi
1450 944 1515 970 res
1547 944 1631 971 non
1660 931 1783 972 modo
1814 931 1865 971 ad

129 995 411 1041 statuendum,
442 993 514 1034 sed
545 993 665 1033 etiam
695 993 745 1031 ad
776 993 994 1035 dicendum
1024 994 1184 1033 videtur
1213 1006 1319 1033 esse.
1360 992 1512 1040 Video,
1544 993 1614 1047 qui
1646 998 1867 1034 testamen-

129 1064 213 1098 tum
240 1057 392 1096 factum
413 1069 503 1096 esse
525 1054 759 1102 confirmet3
790 1056 1074 1096 auctoritatem
1095 1059 1262 1095 senatus
1286 1060 1447 1094 exstare
1469 1055 1711 1096 hereditatis
1733 1055 1865 1096 aditae

129 1118 284 1165 sentio,
315 1123 426 1165 tum,
457 1116 622 1171 quando
652 1117 782 1157 Alexa
813 1123 973 1158 mortuo
1003 1118 1159 1169 legatos
1190 1117 1341 1169 TJTum
1372 1117 1579 1165 misimus,
1611 1118 1684 1172 qui
1714 1118 1764 1158 ab
1795 1118 1866 1158 illo

128 1180 345 1234 pecuniam
377 1179 605 1232 depositam
635 1179 785 1218 nostris
816 1185 1113 1233 recuperarent.
1174 1176 1239 1218 42.
1269 1178 1381 1218 Haec
1410 1179 1455 1217 L.
1479 1179 1713 1234 Philippum
1742 1193 1865 1233 saepe
1882 1188 1916 1218 15

128 1243 171 1282 in
203 1246 347 1282 senatu
376 1238 637 1280 confirmasse
667 1241 864 1280 memoria
895 1246 1038 1288 teneo3
1071 1254 1188 1287 eum,
1221 1241 1291 1293 qui
1318 1253 1490 1292 regnum
1512 1241 1612 1281 illud
1634 1247 1771 1282 teneat
1789 1242 1866 1282 hoc

129 1310 331 1358 tempore,
372 1315 506 1356 neque
537 1315 686 1355 genere
718 1315 854 1356 neque
885 1303 1022 1343 animo
1056 1302 1170 1354 regio
1202 1315 1292 1341 esse
1323 1302 1429 1341 inter
1459 1314 1601 1342 omnes
1631 1303 1719 1344 fere
1747 1304 1866 1344 video

129 1366 361 1406 convenire.
404 1365 563 1404 Dicitur
593 1370 755 1411 contra,
794 1364 953 1404 nullum
984 1378 1073 1404 esse
1104 1368 1416 1411 testamentum3
1459 1377 1542 1404 non
1573 1370 1764 1418 oportere
1793 1379 1868 1419 po-

129 1428 271 1481 pulum
299 1428 528 1466 Romanum
558 1426 738 1466 omnium
769 1440 990 1479 regnorum
1021 1431 1283 1480 appetentem
1313 1424 1466 1474 videri3
1498 1426 1796 1479 demigraturos
1826 1428 1868 1467 in

130 1490 199 1529 illa
236 1489 327 1529 loca
366 1494 529 1528 nostros
558 1482 746 1528 homines
776 1494 943 1542 propter
972 1502 1164 1542 agrorum
1192 1488 1418 1527 bonitatem
1450 1493 1490 1528 et
1519 1488 1700 1529 omnium
1731 1504 1869 1530 rerum
1882 1500 1919 1529 20

131 1551 301 1605 copiam.
350 1548 417 1590 43.
438 1550 524 1590 Hae
555 1555 667 1590 tanta
696 1551 747 1591 de
778 1565 821 1591 re
851 1552 892 1590 P.
915 1551 1058 1590 Rullus
1089 1564 1179 1590 cum
1210 1546 1388 1603 [ceteris]
1419 1549 1663 1591 decemviris
1701 1552 1870 1606 collegis

130 1614 214 1653 suis
251 1612 474 1652 iudicabit?
514 1617 554 1651 et
583 1617 718 1652 utrum
750 1613 979 1653 iudicabit?
1024 1614 1125 1652 Nam
1159 1617 1380 1664 utrumque
1410 1612 1464 1651 ita
1493 1625 1684 1665 magnum
1716 1620 1797 1662 est,
1827 1620 1873 1654 ut

130 1675 245 1715 nullo
266 1674 388 1714 modo
410 1687 546 1727 neque
568 1675 875 1715 concedendum
898 1688 1034 1728 neque
1053 1673 1269 1714 ferendum
1291 1674 1355 1713 sit.
1385 1674 1505 1714 Volet
1525 1687 1616 1714 esse
1639 1676 1871 1728 popularis:

131 1736 285 1791 populo
315 1737 499 1776 Romano
532 1735 795 1775 adiudicabit.
839 1737 945 1789 Ergo
975 1736 1086 1776 idem
1118 1750 1169 1776 ex
1192 1749 1265 1776 sua
1286 1736 1376 1789 lege
1397 1736 1547 1776 vendet
1566 1737 1872 1787 Alexandriam,

132 1799 282 1839 vendet
300 1799 553 1851 Aegyptum3
578 1797 691 1837 urhis
713 1798 1022 1851 copiosissimae
1043 1798 1498 1852 pulcherrimorumque
1520 1811 1711 1852 agrorum
1733 1801 1874 1850 iudex,
1888 1809 1924 1841 25

132 1860 305 1907 arbiter,
335 1859 546 1906 dominus,
577 1872 651 1898 rex
680 1859 859 1912 denique
890 1860 1189 1913 opulentissimi
1210 1861 1327 1912 regni
1347 1861 1588 1913 reperietur.
1619 1862 1709 1902 Non
1740 1869 1876 1904 sumet

134 1922 211 1962 sibi
240 1926 418 1968 tantum,
448 1934 530 1960 non
560 1926 747 1973 appetet:
778 1921 975 1961 iudicabit
992 1922 1285 1962 Alexandriam
1305 1922 1414 1976 regis
1436 1935 1548 1971 esse,
1579 1936 1603 1963 a
1621 1926 1776 1978 populo
1797 1927 1876 1966 Ro-

133 1996 254 2023 mano
285 1982 548 2022 abiudicabit.
592 1983 721 2022 XVII.
742 1979 808 2022 44.
829 1983 1008 2023 Primum
1038 1989 1122 2024 tum
1152 1984 1293 2038 populi
1314 1985 1487 2024 Romani
1515 1984 1785 2029 hereditatem
1806 1988 1877 2029 de-

135 2045 300 2086 cemviri
329 2044 533 2092 iudicent,
564 2058 657 2084 cum
686 2058 760 2084 vos
790 2045 1000 2086 volueritis
1022 2045 1072 2086 de
1098 2046 1264 2099 privatis
1286 2045 1583 2087 hereditatibus
1605 2052 1876 2091 centumviros

134 2107 341 2147 iudicare?
384 2105 541 2146 Deinde
573 2107 665 2159 quis
695 2112 787 2159 aget
817 2120 979 2147 causam
1011 2107 1154 2160 populi
1184 2109 1390 2149 Romani?
1421 2109 1491 2149 uhi
1515 2124 1579 2150 res
1603 2110 1683 2154 ista
1703 2115 1926 2168 agetur‘23o

136 2170 210 2223 qui
229 2174 324 2209 sunt
343 2168 411 2209 isti
431 2168 670 2216 decemviri,
702 2181 807 2222 quos
837 2169 1133 2222 perspiciamus
1153 2183 1326 2223 regnum
1347 2170 1622 2213 Alexandriae
1642 2175 1876 2216 Ptolemaeo

137 2231 261 2284 gratis
288 2230 624 2271 adiudicaturos‘?
656 2231 777 2280 Quod
807 2231 841 2271 si
862 2230 1113 2271 Alexandria
1142 2232 1371 2284 petebatur,
1402 2246 1474 2273 eur
1494 2247 1578 2274 non
1600 2236 1767 2278 eosdem
1788 2252 1879 2278 cur-

138 2307 208 2333 sus
235 2293 315 2333 hoc
344 2298 553 2345 tempore,
584 2306 687 2346 quos
708 2293 752 2332 L.
775 2292 894 2333 Cotta
914 2293 958 2332 L.
981 2294 1188 2347 Torquato
1219 2295 1459 2335 consulibus
1481 2301 1777 2339 cucurrerunt?
1808 2311 1880 2340 cur

138 2368 222 2394 non
251 2359 412 2408 aperte,
440 2358 487 2393 ut
516 2356 667 2394 antea?
699 2368 771 2394 cur
800 2368 885 2395 non
914 2355 1035 2403 item,
1065 2360 1110 2395 ut
1141 2369 1234 2396 cum
1256 2356 1411 2397 directo
1434 2362 1474 2397 et
1503 2358 1638 2412 palam
1667 2362 1879 2414 regionem

138 2416 251 2456 illam
279 2416 517 2470 petierunt?
561 2429 612 2456 an
643 2416 715 2470 qui
747 2417 905 2465 etesiis,
951 2418 1022 2471 qui
1053 2430 1126 2472 per
1155 2431 1319 2459 cursum
1349 2424 1507 2461 rectum
1536 2434 1708 2474 regnum
1739 2429 1879 2465 tenere
1893 2435 1928 2463 35

230 2661 260 2691 1l.
278 2658 356 2698 iam]
374 2659 422 2690 ita
437 2658 482 2694 E;
508 2666 582 2690 eam
597 2658 640 2696 T}
666 2667 735 2690 om.
752 2658 786 2690 F.
799 2675 833 2681 -
852 2660 1036 2692 creauimus
1057 2660 1158 2693 EFP.
1172 2678 1206 2683 —
1225 2662 1256 2693 2.
1274 2665 1392 2703 stagna
1407 2662 1513 2695 EFP:
1541 2663 1659 2695 stativa
1673 2665 1880 2701 GALsso.-

142 2708 174 2741 li.
198 2710 362 2741 militenae
384 2709 426 2746 E;
451 2708 591 2740 mitilene
612 2709 655 2746 F;
679 2709 855 2748 Mitylenae
870 2707 986 2742 ALQO.
1008 2729 1043 2733 —
1069 2710 1163 2753 certe]
1189 2714 1297 2743 terrae
1321 2712 1346 2743 E
1360 2713 1381 2744 F
1395 2714 1469 2744 PA.
1496 2712 1701 2745 Emendavit
1723 2716 1794 2747 Nic.
1813 2718 1884 2748 An·-

144 2758 263 2800 gelius.
281 2776 316 2780 -
342 2759 373 2789 5.
399 2767 438 2789 ac
460 2758 485 2789 E
499 2759 520 2789 F
534 2760 577 2790 A:
604 2760 729 2789 etcum
753 2757 808 2789 ed.
833 2757 953 2791 Aldina
977 2760 1000 2791 L
1013 2758 1036 2793 i}
1049 2760 1086 2791 O.
1110 2777 1144 2782 —
1170 2760 1201 2792 8.
1221 2761 1275 2803 est]
1292 2765 1367 2793 sunt
1389 2762 1414 2794 E
1428 2763 1450 2794 F
1464 2764 1499 2794 P.
1516 2781 1551 2785 -
1571 2763 1603 2794 9.
1621 2765 1743 2798 Δία-αθ
1766 2767 1790 2798 Ε
1805 2768 1826 2798 F
1839 2769 1881 2799 P:

145 2808 306 2840 Alexand.
334 2807 404 2847 (sie)
428 2808 472 2844 A;
497 2806 677 2839 Alea-andri
700 2805 756 2839 Lss
771 2808 807 2839 Ο.
838 2807 886 2839 Cs.
907 2807 1018 2840 Schol.
1044 2808 1128 2840 Bob.
1147 2818 1181 2850 p.
1201 2809 1274 2841 350.
1299 2819 1331 2842 V.
1350 2812 1381 2842 5.
1408 2810 1463 2842 ed.
1490 2813 1683 2844 nostrae.—
1711 2814 1762 2847 44.
1779 2817 1886 2848 Alexa

144 2859 169 2890 E
184 2858 258 2890 FP:
284 2857 472 2888 Alexandro
495 2855 642 2889 ALQO.
671 2875 706 2879 —
730 2860 875 2888 mortuos
897 2858 922 2889 E
937 2858 957 2888 F
972 2858 1007 2888 P.
1035 2875 1069 2879 —
1102 2859 1154 2889 ⁴5.
1181 2859 1309 2899 nostris]
1336 2863 1482 2891 nostram
1505 2861 1549 2898 L3
1587 2862 1676 2893 nobis
1698 2865 1883 2897 Puteanus.

149 2924 183 2930 —
207 2907 258 2950 L.]
283 2908 398 2939 latium
421 2907 466 2945 E,
496 2906 616 2938 lucium
639 2908 672 2938 F.
700 2924 734 2928 —
770 2907 820 2938 -19,
848 2909 1006 2946 petentem
1030 2907 1105 2943 EF;
1127 2912 1290 2946 potentem
1313 2911 1350 2941 A.
1387 2910 1590 2941 Emendavit
1614 2913 1685 2944 Nic.
1710 2914 1883 2954 Angelius.

147 2971 183 2979 —
209 2958 262 2989 2⁴.
287 2957 399 2988 ceteris
422 2964 490 2987 om.
516 2956 553 2987 E.
581 2974 616 2978 —
642 2957 695 2988 22.
719 2959 830 2988 utrum
853 2957 1045 2987 Puteanus:
1070 2964 1184 2988 cerum
1206 2958 1231 2989 E
1247 2957 1393 2992 FALss.
1411 2976 1446 2980 —
1472 2959 1526 2991 ⁶24.
1552 2960 1752 2994 abiudicabit
1775 2965 1884 2997 EFP.

149 3021 183 3028 —
209 3006 262 3038 25.
288 3015 349 3047 que
371 3013 441 3037 om.
466 3006 502 3037 P.
529 3022 564 3027 —
597 3006 650 3037 26.
675 3007 860 3046 repperitur
883 3006 924 3040 E.
954 3005 1118 3045 reperitur
1140 3007 1174 3038 F.
1202 3024 1236 3028 —
1267 3007 1319 3039 28.
1345 3011 1414 3039 tum
1435 3008 1589 3041 EFPA:
1616 3013 1724 3043 tamen
1747 3013 1788 3049 T;
1815 3021 1883 3045 om.

150 3054 205 3086 ed.
222 3057 371 3095 Iuntina,
396 3053 455 3088 1.ss
469 3054 505 3085 O.
527 3071 562 3076 —
581 3054 640 3086 29.
664 3056 807 3087 uolueris
829 3054 948 3087 litteris
972 3055 995 3085 ti
1019 3056 1263 3097 superscriptis
1279 3057 1316 3089 E.
1338 3074 1372 3078 —
1399 3058 1595 3090 decemuiros
1610 3059 1646 3091 Ε.
1667 3077 1702 3081 -
1729 3060 1780 3093 31.
1795 3061 1889 3101 phto-

149 3103 249 3136 lomeo
271 3105 312 3144 E,
332 3105 513 3145 ptholomeo
537 3105 572 3137 F.
600 3123 635 3127 —
660 3105 713 3138 32.
738 3115 797 3138 cur
820 3114 890 3138 om.
916 3105 1024 3137 EFP.
1052 3122 1086 3127 —-
1113 3105 1164 3138 34.
1191 3109 1267 3137 ante
1289 3107 1323 3138 F.
1352 3124 1387 3129 —
1412 3107 1496 3149 cum]
1520 3111 1589 3140 tum
1611 3109 1685 3141 EP.
1708 3127 1742 3132 ——
1768 3111 1889 3144 directo

149 3153 174 3184 T
198 3154 232 3184 ct
252 3153 489 3186 Lauredanus:
522 3153 647 3186 decreto
669 3154 853 3189 EFPAss.
892 3154 942 3187 Cf.
966 3163 1039 3185 var.
1065 3155 1143 3186 leet.
1168 3164 1203 3196 p.
1229 3155 1303 3188 486.
1328 3164 1360 3187 v.
1386 3155 1439 3188 24.
1472 3174 1507 3179 —
1538 3158 1590 3190 35.
1617 3167 1660 3189 αη
1695 3160 1751 3198 qui
1773 3162 1887 3202 etesiis,

151 3202 207 3241 qui
221 3201 436 3236 Gulielmius:
462 3212 506 3234 an
529 3204 644 3243 quietis
665 3205 704 3236 iis
728 3205 785 3245 (his
799 3205 837 3245 Α)
862 3204 917 3244 qui
940 3202 1127 3241 EFPA2;
1157 3213 1212 3243 an,
1239 3205 1397 3244 Quirites,
1422 3206 1464 3245 ii,
1489 3207 1545 3246 qui
1568 3209 1603 3239 P.
1622 3207 1804 3241 Manutius.
1823 3210 1890 3251 (pe-

151 3251 270 3282 tierunt
291 3253 405 3292 quietis
426 3251 541 3284 nobis?
562 3252 612 3284 An
634 3254 690 3292 qui
704 3254 753 3294 L.)
779 3253 829 3286 Cf.
855 3253 898 3285 de
922 3252 1018 3284 deor.
1037 3254 1106 3284 nat.
1127 3254 1164 3285 [Ι.
1191 3252 1221 3294 g.
1242 3253 1332 3285 ⁴311*
1358 3257 1469 3286 ventos
1490 3256 1621 3294 etesias,
1646 3264 1786 3295 quorum
1806 3260 1890 3300 flatu

151 3300 245 3333 nimii
265 3303 487 3342 temperantur
508 3301 653 3342 catores;
677 3302 718 3335 ab
740 3303 853 3336 iisdem
873 3303 974 3336 etiam
995 3302 1155 3334 maritimi
1176 3310 1291 3335 cursus
1312 3302 1428 3337 celeres
1449 3307 1479 3338 et
1500 3305 1580 3338 certi
1601 3305 1802 3348 diriguntur.
