2127 3708
672 239 766 281 eu.
797 238 1016 280 vlt-lx.
1052 236 1125 292 55.
1154 235 1344 279 22-29.
1801 232 1881 275 409

141 352 223 395 lata
270 354 341 402 sit,
387 366 477 393 sese
520 353 564 392 in
604 351 769 391 iudiciis
812 351 968 391 diutius
999 350 1203 390 dominari
1233 363 1317 389 non
1347 362 1483 403 posse.
1542 350 1647 389 VIII.
1677 349 1743 390 25.
1773 348 1881 389 Huic

142 431 218 470 ego
248 417 406 456 homini
439 416 520 455 ian
549 419 645 454 ante
676 414 896 460 denuntio,
929 414 962 453 si
992 427 1016 453 a
1047 427 1110 452 me
1141 426 1306 452 causam
1338 412 1443 451 hanc
1465 425 1538 452 vos
1566 413 1630 464 agi
1652 412 1880 458 volueritis,

141 480 344 519 rationem
375 478 434 517 illi
466 476 712 516 defendendi
745 481 872 515 totam
905 489 994 516 esse
1026 474 1285 521 mutandam,
1317 479 1358 513 et
1386 475 1443 514 ita
1470 480 1606 514 tamen
1627 474 1881 521 mutandam,

142 546 186 581 ut
216 541 387 581 meliore
419 544 460 579 et
488 538 727 578 honestiore
759 539 1026 585 condicione,
1068 550 1190 591 quam
1223 550 1304 590 qua
1334 537 1422 589 ipse
1453 537 1562 584 vult,
1593 537 1778 576 imitetur
1807 537 1883 575 ho-

141 604 272 643 mines
311 616 403 649 eos,
444 614 550 655 quos
581 601 669 653 ipse
700 601 805 640 vidit
834 600 1133 653 amplissimos,
1175 599 1217 637 L.
1248 599 1438 638 Crassum
1478 604 1518 638 et
1556 600 1609 638 M.
1639 599 1879 643 Antonium,
1912 605 1933 633 5

141 667 212 721 qui
243 666 346 706 nihil
377 678 419 704 se
450 664 756 703 arbitrabantur
784 663 834 702 ad
865 663 1020 702 iudicia
1051 674 1279 714 causasque
1310 662 1538 701 amicorum
1567 666 1732 714 praeter
1760 658 1881 699 fidem

141 734 181 768 et
211 728 423 781 ingenium
454 727 600 766 afferre
630 730 836 777 oportere.
895 724 1005 764 Nihil
1036 724 1132 770 erit,
1165 724 1277 776 quod
1308 736 1372 762 me
1402 729 1548 775 agente
1570 723 1791 763 arbitretur
1820 722 1883 760 iu-

139 791 294 830 dicium
325 790 413 829 sine
445 800 593 840 magno
624 787 849 826 multorum
878 786 1063 840 periculo
1094 799 1217 838 posse
1246 787 1468 839 corrumpi.
1517 784 1582 825 26.
1613 788 1700 839 Ego
1731 786 1773 825 in
1803 785 1882 824 hoc

139 853 293 894 iudicio
325 851 426 891 mihi
457 850 694 890 Siculorum
726 862 890 889 causam
912 854 1140 900 receptam,
1172 849 1316 901 populi
1338 849 1512 888 Romani
1534 853 1768 901 susceptam
1792 860 1881 886 esse

137 914 335 961 arbitror,
374 917 420 952 ut
458 913 558 952 mihi
602 925 687 952 non
716 926 825 952 unus
853 911 979 951 homo
1012 910 1224 963 improbus
1257 910 1553 963 opprimendus
1585 910 1655 956 sit,
1695 909 1737 949 id
1769 908 1931 962 quodto

138 976 265 1016 Siculi
297 975 552 1029 petiverunt,
593 975 664 1013 sed
706 975 875 1013 omnino
907 973 1041 1013 omnis
1073 973 1334 1025 improbitas,
1375 973 1414 1012 id
1447 973 1559 1026 quod
1590 972 1771 1025 populus
1801 971 1884 1009 Ro-

136 1051 280 1078 manus
317 1038 398 1077 iam
433 1036 505 1076 diu
537 1035 711 1089 flagitat,
753 1035 1054 1088 exstinguenda
1084 1040 1209 1088 atque
1241 1035 1419 1075 delenda
1449 1036 1514 1075 sit.
1573 1036 1620 1074 ln
1658 1046 1741 1087 quo
1781 1032 1881 1085 quid

137 1100 236 1139 eniti
267 1105 338 1139 aut
368 1099 470 1153 quid
502 1096 666 1138 efficere
696 1099 875 1151 possim,
906 1098 1014 1138 malo
1045 1098 1087 1137 in
1118 1098 1295 1137 aliorum
1330 1111 1403 1151 spe
1434 1098 1671 1152 relinquere
1694 1107 1817 1150 quam
1839 1094 1881 1133 in

137 1162 324 1203 oratione
354 1174 446 1202 mea
475 1175 646 1214 ponere.

247 1222 313 1264 27.
344 1226 406 1263 Tu
437 1237 556 1271 vero,
589 1225 762 1271 Caecili,
794 1224 894 1278 quid
924 1226 1073 1277 potes?
1104 1237 1188 1277 quo
1220 1229 1406 1277 tempore
1437 1231 1508 1264 aut
1538 1237 1621 1278 qua
1651 1224 1692 1263 in
1724 1236 1766 1262 re
1797 1225 1932 1260 nont5

136 1287 260 1328 modo
302 1287 450 1326 ceteris
490 1287 702 1339 specimen
733 1287 904 1340 aliquod
936 1286 1105 1333 dedisti,
1146 1286 1219 1325 sed
1250 1292 1335 1326 tute
1367 1287 1426 1327 tui
1457 1287 1688 1340 periculum
1718 1283 1881 1325 fecisti?

135 1352 181 1390 In
212 1355 392 1389 mentem
424 1349 497 1388 tibi
529 1362 613 1388 non
643 1350 778 1396 venit,
811 1349 911 1402 quid
943 1349 1098 1400 negotii
1131 1349 1184 1388 sit
1214 1363 1380 1389 causam
1411 1350 1620 1403 publicam
1654 1347 1883 1392 sustinere,

134 1413 261 1452 vitam
291 1410 462 1450 alterius
494 1416 622 1449 totam
653 1410 864 1462 explicare
905 1415 1031 1464 atque
1063 1424 1152 1450 eam
1181 1426 1266 1451 non
1298 1412 1421 1452 modo
1450 1413 1492 1451 in
1513 1411 1662 1451 animis
1684 1409 1882 1453 iudicum,

135 1474 208 1515 sed
239 1473 363 1513 etiam
393 1472 436 1511 in
468 1472 600 1512 oculis
632 1477 946 1526 conspectuque
977 1473 1162 1513 omnium
1192 1488 1428 1527 exponere,
1460 1475 1668 1515 sociorum
1694 1471 1883 1516 salutem,

135 1535 354 1577 commoda
383 1535 716 1587 provinciarum,
756 1535 839 1574 vim
870 1535 1031 1588 legum,
1072 1537 1314 1589 gravitatem
1344 1538 1596 1577 iudiciorum
1627 1534 1932 1575 defenderewo

133 1600 205 1639 IX.
237 1598 451 1650 Cognosce
483 1610 535 1636 ex
564 1610 652 1644 me,
684 1597 883 1650 quoniam
912 1598 992 1637 hoc
1026 1599 1206 1651 primum
1237 1604 1401 1653 tempus
1432 1599 1619 1639 discendi
1649 1602 1794 1637 nactus
1826 1609 1882 1643 es,

134 1674 259 1716 quam
289 1660 418 1699 multa
448 1672 539 1699 esse
561 1665 753 1712 oporteat
773 1659 816 1698 in
840 1673 909 1707 eo,
943 1660 1014 1713 qui
1036 1660 1211 1700 alterum
1235 1667 1421 1701 accuset:
1454 1675 1506 1701 ex
1526 1661 1677 1714 quibus
1699 1660 1733 1698 si
1754 1672 1883 1698 unum

133 1722 306 1777 aliquod
336 1722 379 1761 in
410 1727 450 1762 te
482 1722 749 1775 cognoveris,
791 1735 866 1775 ego
907 1722 988 1761 iam
1010 1723 1097 1763 -tibi
1139 1724 1228 1776 ipse
1259 1724 1388 1771 istuc,
1431 1724 1543 1778 quod
1575 1722 1754 1775 expetis,
1792 1733 1884 1760 mea

134 1785 346 1825 voluntate
379 1785 617 1824 concedam.
666 1785 847 1824 Primum
868 1785 1146 1838 integritatem
1167 1792 1292 1840 atque
1313 1787 1595 1827 innocentiam
1618 1784 1882 1837 singularem.

132 1847 244 1888 Nihil
275 1852 337 1886 est
367 1847 498 1894 enim,
530 1846 643 1900 quod
674 1847 810 1886 minus
831 1847 1047 1887 ferendum
1070 1849 1146 1895 sit,
1179 1862 1304 1902 quam
1323 1850 1527 1889 rationem
1549 1848 1599 1888 ab
1621 1848 1750 1887 altero
1776 1846 1881 1885 vitae
1896 1851 1931 1879 25

133 1922 352 1964 reposcere
383 1922 499 1956 eum,
540 1909 612 1962 qui
643 1922 728 1948 nou
756 1910 892 1962 possit
921 1923 1019 1949 suae
1050 1910 1237 1950 reddere.
1298 1909 1364 1950 28.
1395 1912 1472 1950 Hic
1504 1924 1579 1963 ego
1611 1910 1661 1949 de
1692 1914 1731 1948 te
1763 1909 1883 1961 plura

133 1986 217 2012 non
249 1972 410 2011 dicam:
451 1985 581 2010 unum
611 1971 715 2010 illud
747 1971 870 2011 credo
903 1985 1045 2012 omnes
1077 1974 1426 2020 animadvertere,
1466 1978 1505 2013 te
1536 1972 1671 2012 adhuc
1702 1984 1726 2010 a
1756 1970 1882 2010 nullis

133 2035 212 2074 nisi
251 2047 274 2073 a
313 2033 464 2073 Siculis
501 2033 687 2086 potuisse
727 2034 948 2086 cognosci:
992 2035 1153 2074 Siculos
1191 2036 1271 2074 hoc
1311 2036 1468 2082 dicere,
1508 2048 1601 2075 cum
1634 2034 1769 2074 eidem
1801 2033 1884 2073 sint

132 2097 248 2143 irati,
288 2095 354 2135 cui
385 2100 430 2134 tu
461 2100 500 2135 te
531 2095 745 2134 inimicum
777 2109 866 2135 esse
898 2097 1025 2144 dicis,
1068 2111 1159 2137 sese
1190 2103 1327 2137 tamen
1358 2103 1397 2138 te
1429 2103 1567 2137 actore
1599 2097 1650 2136 ad
1682 2096 1883 2135 iudicium

133 2172 217 2199 non
248 2157 481 2198 adfuturos.
532 2157 670 2205 Quare
702 2163 872 2210 negent,
905 2172 957 2197 ex
987 2172 1051 2198 me
1082 2172 1167 2199 non
1198 2160 1365 2199 audies:
1395 2160 1473 2199 hos
1503 2164 1644 2212 patere
1675 2158 1717 2197 id
1749 2158 1931 2210 suspi-30

135 2220 238 2267 cari,
270 2219 385 2273 quod
414 2232 584 2259 necesse
616 2224 690 2259 est.
736 2220 801 2258 Illi
834 2220 1025 2272 quidem,
1056 2228 1101 2261 ut
1133 2227 1195 2261 est
1223 2222 1440 2262 hominum
1472 2235 1602 2275 genus
1632 2220 1755 2260 nimis
1786 2233 1883 2259 acu-

132 2291 218 2325 tum
250 2289 290 2323 et
319 2283 623 2336 suspiciosum,
655 2296 739 2322 non
770 2288 809 2322 te
841 2296 892 2322 ex
920 2283 1062 2323 Sicilia
1091 2284 1248 2323 litteras
1278 2284 1321 2323 in
1342 2286 1514 2324 Verrem
1536 2283 1755 2336 deportare
1775 2282 1882 2323 velle

132 2347 406 2393 arbitrantur,
449 2346 548 2393 sed,
589 2346 703 2399 quod
741 2345 874 2384 isdem
914 2344 1061 2384 litteris
1103 2346 1216 2385 illius
1256 2351 1451 2398 praetura
1489 2351 1528 2385 et
1557 2352 1628 2385 tua
1658 2349 1883 2398 quaestura

132 2410 377 2462 consignata
399 2408 464 2456 sit,
489 2414 701 2462 asportare
723 2412 763 2448 te
784 2407 891 2446 velle.
914 2420 965 2446 ex
983 2407 1124 2447 Sicilia
1143 2407 1302 2447 litteras
1325 2408 1604 2461 suspicantur.
1634 2405 1701 2447 29.
1722 2408 1882 2448 Deinde

219 2564 248 2594 1.
273 2571 338 2594 3636
361 2563 401 2594 61
422 2561 565 2602 2Lg29:
589 2569 622 2592 se
646 2561 708 2592 dtt..
723 2562 760 2592 ÎŸ,
783 2579 817 2583 -
843 2561 965 2591 diutius
987 2569 1056 2592 om.
1077 2560 1138 2592 dtt.
1161 2580 1194 2584 â€”
1221 2561 1252 2592 3.
1277 2566 1307 2592 et
1330 2562 1377 2592 ita
1399 2565 1508 2593 tamen
1526 2565 1604 2593 mut.
1628 2570 1697 2593 om.
1718 2562 1764 2593 62
1778 2561 1827 2593 Ld
1838 2563 1879 2593 D.

130 2621 167 2651 In
192 2619 233 2651 6-1
264 2619 298 2650 et
321 2617 451 2668 at-dtt.
476 2626 539 2659 pro
563 2620 672 2648 tamen
695 2618 748 2648 est
770 2625 923 2654 causam,
949 2619 1063 2648 ortum
1087 2626 1105 2648 e
1130 2620 1211 2649 nota
1234 2628 1326 2657 cam,
1353 2626 1443 2658 quae
1468 2626 1535 2648 non
1559 2626 1638 2649 raro
1663 2618 1696 2648 in
1715 2617 1817 2648 codd.
1835 2617 1884 2649 le-

131 2671 236 2710 gitur,
262 2677 325 2710 pro
348 2672 417 2699 tam
441 2668 460 2698 i.
488 2676 519 2698 e.
545 2670 665 2698 tamen.
693 2669 732 2705 (et
756 2667 800 2697 ita
825 2675 898 2697 eam
922 2670 1000 2697 mat.
1027 2666 1204 2707 Halmius.)
1226 2687 1261 2691 â€”
1287 2668 1318 2701 4.
1345 2672 1374 2699 et
1396 2669 1574 2699 honestiore
1597 2677 1666 2699 om.
1688 2671 1715 2699 A
1740 2668 1772 2699 in
1797 2666 1882 2699 lem-

131 2720 236 2750 mate.
265 2735 299 2739 â€”
326 2717 512 2748 condicione
536 2717 616 2755 (33,â€”
638 2717 657 2748 8
681 2718 761 2757 ng.
787 2718 870 2747 Rau.
891 2717 929 2747 II.
956 2726 989 2757 p.
1010 2717 1086 2748 439:
1113 2718 1299 2749 condicione
1321 2719 1361 2749 sit
1376 2720 1402 2749 A
1417 2718 1506 2758 Lg45
1521 2719 1558 2749 O.
1581 2736 1616 2740 â€”
1641 2718 1708 2749 vult
1726 2718 1771 2749 62
1784 2717 1833 2748 [(1
1846 2727 1878 2755 Ï‚,

129 2767 230 2809 proh.
257 2768 334 2798 Gar.
351 2768 391 2798 II.
417 2768 500 2798 Rau.
520 2765 541 2797 l.
560 2765 602 2798 l.:
628 2775 693 2798 esse
714 2766 782 2797 vult
799 2767 839 2797 61
859 2766 920 2797 dtt.
936 2767 972 2797 ÎŸ.
995 2784 1028 2788 á¼¡
1055 2767 1199 2798 imitetur
1215 2768 1261 2799 G3
1274 2769 1301 2799 D
1320 2767 1376 2799 al.:
1402 2772 1438 2799 ut
1463 2769 1604 2799 imitetur
1627 2767 1716 2807 [329
1729 2765 1771 2798 al.
1787 2767 1824 2797 ÎŸ.
1843 2783 1878 2788 -

131 2818 182 2850 10.
207 2825 272 2848 uon
294 2825 378 2847 unus
400 2815 507 2848 Aah:
544 2825 620 2854 non,
638 2816 700 2847 nisi
732 2824 814 2846 unus
838 2816 878 2846 Gt
899 2816 947 2851 DÍ¾
978 2824 1043 2846 non
1069 2819 1197 2848 tantum
1218 2827 1304 2849 anus
1327 2819 1385 2850 62.
1414 2836 1450 2841 -
1486 2819 1580 2849 homo
1603 2826 1672 2849 om.
1698 2819 1737 2848 A.
1765 2834 1800 2838 â€”
1827 2816 1879 2847 11.

129 2868 258 2899 omnino
282 2867 385 2898 ornm's
406 2867 561 2898 Iannoct.
587 2867 634 2897 St.
651 2867 692 2903 L,
719 2866 844 2897 Osann.
872 2864 916 2895 ad
939 2866 1023 2905 Rep.
1046 2874 1080 2906 p.
1098 2866 1172 2898 295.
1199 2866 1276 2899 coll.
1296 2868 1407 2899 Hand.
1425 2869 1523 2899 Turs.
1541 2868 1595 2899 IV.
1622 2877 1654 2908 p.
1674 2867 1746 2898 378.
1773 2865 1878 2905 Seyff.

128 2917 172 2949 ad
196 2915 285 2948 Lael.
312 2925 345 2957 p.
364 2915 449 2948 469:
485 2916 614 2947 Î¿Î·Î¹Î¹Î¹á½·Î·Î¿
639 2918 696 2947 ctt.
723 2916 825 2947 codd.
853 2916 885 2945 et
911 2914 987 2945 cod.
1013 2917 1150 2949 Asconii
1173 2926 1228 2959 ap.
1255 2920 1400 2954 Graev.Í¾
1427 2919 1530 2950 omnis
1551 2920 1578 2950 A
1594 2917 1677 2958 iqu.
1696 2918 1819 2949 Baiter.
1842 2934 1878 2939 â€”

128 2968 247 3006 quod-
266 2984 284 2990 -
305 2967 345 2997 sit
376 2965 538 2998 Claudius
568 2965 738 2998 Sacerdos
767 2975 800 3007 p.
826 2966 878 2996 71.
907 2983 941 2985 â€”
978 2966 1026 2996 12.
1052 2967 1212 3008 efflagitat
1242 2968 1345 3000 Prob.
1377 2977 1412 3009 p.
1438 2968 1511 3000 444.
1541 2986 1575 2989 â€”-
1609 2968 1754 2999 extincta
1784 2970 1881 3006 atque

128 3017 230 3049 deleta
252 3016 293 3047 sit
315 3015 450 3048 Probus
475 3018 509 3047 et
532 3015 672 3047 Sacerd.
699 3015 720 3047 l.
745 3014 766 3046 l.
796 3033 830 3037 -â€”
863 3015 893 3045 in
918 3023 980 3053 quo
1005 3015 1106 3055 63Ï‚Í¾
1143 3018 1175 3048 in
1202 3027 1264 3057 qao
1287 3027 1345 3058 690
1369 3017 1431 3048 dtt.
1457 3018 1493 3049 O.
1522 3036 1557 3040 -
1584 3018 1636 3048 16.
1661 3026 1744 3056 spec.
1770 3017 1882 3048 ceteris

128 3068 191 3099 dtt.
217 3068 254 3099 O.
283 3085 319 3089 â€”-
352 3067 403 3098 Î .
431 3066 508 3105 quid
539 3066 657 3106 negotii
685 3067 726 3097 sit
755 3074 824 3096 om.
850 3066 972 3096 Donat.
999 3065 1042 3096 ad
1066 3066 1142 3098 Ter.
1168 3068 1254 3099 Eun.
1281 3068 1312 3105 3,
1339 3066 1369 3104 4,
1395 3066 1448 3098 â¶24.
1478 3085 1512 3090 â€”-
1538 3067 1590 3098 18,
1615 3067 1718 3097 vitam
1740 3083 1758 3088 -
1777 3083 1795 3088 â€”
1819 3075 1880 3097 ex-

122 3117 251 3157 plicare
282 3117 370 3147 Non.
408 3124 442 3156 p.
477 3116 551 3146 299.
589 3133 624 3136 -
656 3116 709 3146 21.
743 3118 867 3153 tempas
896 3114 1038 3145 discendi
1069 3116 1110 3147 6-1
1129 3117 1156 3147 D
1182 3117 1229 3147 St.
1263 3115 1327 3147 al.:
1365 3117 1491 3148 dicendi
1527 3120 1651 3156 tempus
1682 3116 1728 3147 62
1742 3114 1802 3146 [(1.
1839 3133 1875 3137 â€”

128 3166 180 3198 023.
208 3166 341 3205 aliquod
364 3174 433 3197 om.
460 3163 645 3204 62[(1Ï‚Î».
682 3163 864 3204 Vulgatam
886 3163 977 3194 bene
1007 3166 1123 3196 tuetur
1146 3165 1252 3197 Klotz.
1278 3167 1358 3197 Lex,
1384 3174 1411 3197 s.
1437 3175 1470 3197 v.
1497 3166 1617 3204 aliquis
1639 3175 1671 3206 p.
1699 3165 1772 3196 300.
1799 3163 1875 3196 coll.

129 3214 186 3246 lib.
214 3216 238 3246 I.
265 3214 294 3255 g.
322 3215 373 3246 62.
400 3214 443 3246 de
469 3217 554 3246 orat.
579 3216 619 3246 Î™Î™.
646 3214 679 3259 g.
696 3214 771 3245 292.
798 3231 832 3235 â€”â€”
860 3213 924 3252 ipse
947 3222 1016 3244 om.
1042 3214 1103 3246 dtt.
1125 3233 1159 3238 --
1185 3216 1271 3247 istud
1295 3217 1340 3247 62
1355 3215 1414 3247 Ld.
1437 3234 1471 3238 â€”
1496 3217 1550 3247 â¶27.
1575 3216 1616 3246 ab
1640 3215 1736 3246 nullis
1758 3213 1820 3245 dtt.
1836 3214 1873 3245 O.

133 3281 167 3285 â€”
192 3263 245 3294 28.
271 3272 293 3294 Î±
318 3264 436 3295 Siculis
457 3266 559 3303 Î‘62,
592 3264 634 3296 cf.
661 3265 715 3295 III.
751 3264 781 3303 g.
809 3262 880 3294 173.
907 3263 960 3294 IV.
988 3263 1018 3304 g.
1046 3265 1128 3296 1103:
1166 3266 1206 3297 ab
1236 3267 1301 3298 Sic.
1328 3268 1368 3298 61
1399 3265 1441 3298 al.
1480 3267 1522 3299 cf.
1549 3266 1580 3306 á¼“.
1606 3266 1658 3297 32.
1685 3264 1736 3297 48.
1763 3264 1814 3295 63.
1842 3265 1878 3295 et

131 3312 256 3344 Osann.
282 3313 326 3344 ad
349 3314 433 3354 Rep.
458 3323 492 3355 p.
513 3315 566 3346 81.
597 3313 708 3346 Hand.
735 3313 874 3344 Turs.1.
901 3321 934 3353 p.
954 3314 984 3343 5.
1007 3329 1042 3336 â€”
1069 3315 1121 3346 31.
1146 3317 1193 3355 ut]
1217 3317 1301 3356 quod
1325 3318 1383 3348 62.
1412 3333 1446 3338 -
1472 3317 1569 3347 nimis
1591 3324 1660 3346 om.
1687 3314 1733 3345 62
1748 3313 1808 3345 Ld.
1837 3331 1873 3335 â€”-

131 3360 182 3392 33.
209 3362 294 3400 qaod
309 3363 350 3394 61
370 3364 388 3395 2
401 3364 524 3404 Ï‚[329
541 3363 584 3397 al.
602 3365 698 3396 Serv.
718 3362 763 3394 ad
777 3364 862 3395 Aen.
881 3363 920 3394 II.
940 3363 1019 3395 778:
1044 3373 1118 3396 cum
1141 3365 1204 3398 dtt.
1226 3384 1261 3389 â€”
1287 3365 1339 3399 34.
1358 3366 1541 3411 asportare]
1559 3366 1765 3409 hasportare
1780 3363 1822 3395 Gt
1842 3363 1872 3396 2.
