2143 3713
308 212 388 253 558
814 215 1012 257 ORATIO
1042 216 1144 257 PRO
1174 217 1222 257 A.
1254 217 1518 260 CLUENTIO

305 330 522 376 ponerent.
580 325 694 366 XXI.
733 327 817 367 Iam
857 327 936 367 hoc
975 341 1106 381 prope
1140 328 1399 382 iniquissime
1431 334 1711 382 comparatum
1741 336 1822 379 est,
1864 334 1976 386 quod
2006 336 2049 374 in

306 387 458 426 morbis
498 388 704 441 corporis,
743 395 788 428 ut
826 390 1001 443 quisque
1043 394 1104 429 est
1144 388 1430 438 difficillimus,
1468 393 1523 431 ita
1554 391 1739 431 medicus
1769 393 2048 435 nobilissimus

305 453 429 501 atque
461 450 640 502 optimus
672 452 903 504 quaeritur,
935 452 977 490 in
1009 451 1205 504 periculis
1237 452 1403 504 capitis,
1437 458 1482 492 ut
1514 466 1706 506 quaeque
1737 466 1859 494 causa
1890 454 2050 496 difficil-

304 508 399 548 lima
430 516 513 558 est,
542 512 599 552 ita
630 512 874 553 deterrimus
907 513 1309 565 obscurissimusque
1340 520 1536 567 patronus
1566 514 1806 555 adhibetur:
1835 516 1915 556 nisi
1946 517 2049 557 sorte

273 568 383 609 shoc
413 585 561 613 causae
592 579 676 621 est,
709 575 820 628 quod
853 575 999 614 medici
1032 575 1136 614 nihil
1166 581 1327 628 praeter
1356 575 1597 624 artificium,
1629 582 1811 618 oratores
1834 579 1954 618 etiam
1980 592 2050 619 au-

305 634 535 675 ctoritatem
557 642 765 689 praestare
789 637 952 676 debent.
999 636 1064 675 58.
1088 637 1244 676 Citatur
1273 650 1388 686 reus;
1423 637 1574 691 [agitur
1603 652 1727 679 causa
1740 636 1766 692 ;]
1798 641 1941 692 paucis
1960 653 2050 679 ver-

303 694 366 735 bis
411 703 578 737 accusat
621 705 667 738 ut
709 698 759 738 de
799 712 843 738 re
883 699 1065 738 iudicata
1107 699 1348 738 Cannutius.
1406 701 1555 753 Incipit
1590 701 1712 754 longo
1745 706 1785 740 et
1814 702 1894 742 alte
1923 702 2050 755 petito

301 758 512 809 prooemio
542 759 795 812 respondere
817 762 946 800 maior
969 761 1205 813 Caepasius.
1253 761 1387 800 Primo
1410 767 1563 801 attente
1595 763 1759 802 auditur
1789 763 1876 803 eius
1907 764 2049 803 oratio.

301 820 498 871 Erigebat
527 822 708 861 animum
739 822 817 860 iam
839 821 1065 861 demissum
1087 828 1126 861 et
1147 835 1391 874 oppressum
1416 823 1695 877 Oppianicus3
1731 825 1935 877 gaudebat
1963 825 2051 878 ipse

253 881 539 922 ioFabricius:
578 896 662 922 non
702 883 960 935 intelligebat
1000 885 1160 924 animos
1202 884 1383 925 iudicum
1423 899 1506 924 nou
1538 886 1649 926 illius
1680 887 1941 939 eloquentia,
1978 887 2050 926 sed

302 943 557 983 defensionis
588 944 845 998 impudentia
876 947 1137 985 commoveri.
1188 946 1460 1000 Posteaquam
1492 948 1543 988 de
1574 962 1617 988 re
1649 948 1787 1001 coepit
1808 949 1968 996 dicere,
1999 949 2049 989 ad

302 1019 366 1053 ca,
399 1019 507 1059 quae
538 1013 653 1046 erant
682 1007 724 1045 in
757 1020 899 1053 causa,
934 1007 1113 1047 addebat
1143 1007 1265 1047 etiam
1295 1009 1380 1061 ipse
1410 1023 1515 1049 nova
1547 1011 1749 1063 quaedam
1781 1011 1975 1058 vulnera,
2006 1017 2051 1050 ut

301 1081 551 1121 quamquam
583 1068 727 1108 sedulo
757 1068 951 1116 faciebat,
981 1074 1119 1109 tamen
1149 1070 1357 1109 interdum
1387 1085 1469 1111 non
1502 1072 1746 1120 defendere,
1779 1073 1851 1113 sed
1881 1085 2050 1126 praeva-

300 1130 420 1169 ricari
453 1126 734 1182 [accusationi]
767 1130 989 1170 videretur.
1047 1132 1191 1185 ltaque
1223 1145 1314 1172 cum
1347 1133 1612 1174 callidissime
1643 1148 1686 1174 se
1720 1135 1857 1175 dicere
1887 1140 2051 1189 putaret

251 1200 286 1228 45
301 1197 342 1231 et
372 1206 462 1231 cum
494 1192 565 1231 illa
594 1192 719 1232 verba
749 1193 988 1245 gravissima
1019 1207 1071 1232 ex
1100 1193 1244 1233 intimo
1271 1195 1444 1235 artificio
1468 1196 1814 1249 deprompsisset:
1846 1199 2048 1249 Respicite,

297 1255 465 1300 iudices,
496 1255 696 1294 hominum
721 1255 925 1306 fortunas,
959 1257 1137 1307 respicite
1166 1256 1301 1296 dubios
1321 1258 1525 1310 variosque
1545 1272 1683 1304 casus,
1715 1260 1894 1311 respicite
1915 1260 1954 1299 C.
1974 1261 2050 1299 Fa-

298 1317 414 1356 bricii
449 1323 700 1357 senectutem:
746 1331 838 1357 cum
877 1317 955 1356 hoc
995 1319 1172 1369 respicite
1210 1319 1417 1359 ornandae
1455 1321 1650 1360 orationis
1682 1334 1805 1360 causa
1835 1334 1959 1374 saepe
1989 1321 2050 1360 di-

299 1380 451 1427 xisset,
482 1380 664 1432 respexit
693 1380 796 1432 ipse.
839 1381 892 1418 At
925 1380 966 1419 C.
989 1380 1201 1420 Fabricius
1234 1394 1256 1420 a
1287 1381 1493 1421 subselliis
1526 1382 1706 1422 demisso
1738 1383 1867 1436 capite
1898 1384 2050 1423 disces·

299 1447 418 1481 serat.
477 1440 543 1481 59.
574 1442 648 1481 Hic
688 1442 846 1481 iudices
887 1442 1047 1489 ridere,
1086 1443 1330 1482 stomachari
1371 1448 1495 1496 atque
1525 1444 1670 1483 acerbe
1702 1443 1807 1484 ferre
1838 1451 2049 1498 patronus,

249 1510 285 1539 ‘20
299 1518 465 1545 causam
495 1504 573 1544 sibi
605 1505 706 1557 eripi
738 1510 778 1543 et
808 1517 851 1543 se
884 1510 1017 1544 cetera
1047 1504 1097 1543 de
1138 1504 1208 1543 illo
1244 1505 1358 1552 loeo,
1398 1508 1577 1557 respicite
1606 1507 1771 1553 iudices,
1815 1521 1898 1547 non
1928 1520 2049 1561 posse

299 1567 463 1607 dicere:
494 1580 571 1607 nec
601 1566 825 1619 quidquam
856 1567 1025 1619 propius
1057 1571 1119 1604 est
1148 1565 1320 1613 factum,
1354 1580 1476 1619 quam
1507 1574 1552 1607 ut
1582 1569 1698 1608 illum
1730 1575 2051 1623 persequeretur

299 1637 340 1670 ct
368 1630 475 1669 collo
506 1630 667 1669 obtorto
699 1629 750 1668 ad
782 1628 977 1668 subsellia
1007 1627 1245 1675 reduceret,
1288 1633 1333 1668 ut
1375 1629 1533 1682 reliqua
1562 1637 1705 1682 posset
1734 1644 1940 1684 perorare.
1989 1631 2049 1669 Ita

301 1699 383 1732 tum
416 1692 626 1731 Fabricius
656 1692 835 1744 primum
867 1704 942 1731 suo
973 1690 1152 1737 iudicio,
1192 1690 1303 1743 quod
1336 1697 1397 1730 cst
1427 1693 1735 1743 gravissimum,
1767 1694 1916 1733 deinde
1947 1693 2048 1745 legis

298 1755 336 1795 vi
370 1761 409 1794 et
440 1754 658 1793 sententiis
689 1753 871 1792 iudicum
905 1758 967 1792 est
997 1752 1308 1792 condemnatus.

248 1822 284 1851 ‘25
410 1817 543 1855 XXll.
576 1815 688 1863 Quid
721 1821 782 1854 est
812 1816 925 1869 quod
955 1816 1036 1854 iam
1068 1815 1118 1853 de
1138 1814 1354 1867 Oppianici
1386 1829 1566 1868 persona
1598 1829 1806 1870 causaque
1837 1816 1956 1869 plura
1987 1817 2049 1856 di-

297 1892 438 1918 camus
453 1881 471 1918 ⁶?
502 1878 621 1931 Apud
644 1878 812 1918 eosdem
835 1878 991 1917 iudices
1012 1890 1108 1916 reus
1130 1881 1192 1916 est
1213 1876 1367 1923 sactus,
1399 1891 1491 1917 cum
1513 1878 1578 1917 his
1601 1879 1763 1918 duobus
1784 1879 2047 1932 praeiudiciis

294 1943 377 1982 iam
406 1942 621 1980 damnatus
652 1945 780 1987 esset3
812 1940 862 1979 ab
891 1940 1021 1979 isdem
1051 1944 1189 1979 autem
1219 1939 1445 1986 iudicibus,
1478 1941 1550 1993 qui
1570 1940 1849 1980 Fabriciorum
1882 1941 2048 1981 damna-

296 2004 408 2043 tione
439 2004 489 2042 de
522 2002 753 2055 Oppianico
785 2002 1036 2049 iudicarant,
1069 2002 1185 2041 locus
1217 2002 1253 2041 ei
1284 2002 1441 2054 primus
1474 2007 1535 2041 est
1567 2003 1841 2042 constitutus:
1881 2016 2048 2043 accusa—

294 2072 358 2105 tus
389 2070 450 2104 est
480 2065 720 2104 criminibus
751 2065 1001 2117 gravissimis
1033 2070 1073 2104 et
1102 2064 1175 2111 iis,
1218 2076 1324 2117 quae
1356 2077 1378 2103 a
1410 2077 1473 2103 me
1504 2065 1683 2104 breviter
1717 2064 1824 2105 dicta
1855 2070 1976 2113 sunt,
2007 2071 2048 2105 et

246 2134 282 2163 30
294 2132 505 2181 praeterea
535 2126 686 2173 multis,
718 2140 825 2179 quae
856 2140 931 2180 ego
963 2127 1101 2166 onmia
1133 2123 1272 2179 [nunc]
1298 2127 1462 2174 omitt03
1494 2133 1708 2167 accusatus
1740 2133 1801 2167 est
1831 2128 1940 2182 apud
1964 2141 2047 2173 θος,

296 2190 367 2243 qui
398 2189 693 2229 Scamandrum
722 2188 956 2228 ministrum
987 2189 1231 2241 Oppianici,
1273 2188 1314 2228 C.
1346 2189 1577 2228 Fabricium
1609 2190 1820 2229 conscium
1853 2188 2043 2230 maleficii

295 2251 633 2290 condemnarant.
691 2248 758 2289 60.
789 2251 954 2298 Utrum,
990 2264 1063 2303 per
1093 2250 1195 2289 deos
1226 2250 1497 2290 immortales!
1544 2252 1670 2304 magis
1711 2256 1774 2291 est
1801 2251 2046 2297 mirandum,

298 2314 412 2366 quod
442 2313 477 2352 is
509 2312 806 2352 condemnatus
837 2317 919 2359 est,
951 2326 1002 2352 an
1034 2312 1145 2366 quod
1168 2312 1336 2352 omnino
1366 2312 1619 2365 respondere
1651 2326 1775 2353 ausus
1807 2315 1903 2353 est?
1935 2311 2045 2361 Quid

295 2375 406 2414 enim
443 2374 503 2413 illi
547 2374 704 2414 iudices
745 2374 880 2415 facere
917 2376 1175 2428 potuerunt?
1216 2375 1285 2428 qui
1316 2375 1349 2414 si
1380 2375 1624 2415 innocentes
1656 2376 1863 2415 Fabricios
1893 2375 2045 2416 conde—

761 2498 775 2515 0

382 2535 411 2566 i.
437 2535 495 2566 hoc
518 2536 538 2566 S
551 2535 575 2566 T
590 2535 610 2566 F
625 2535 673 2566 M:
699 2535 757 2566 hoc
773 2543 899 2575 quoquc
915 2537 941 2567 A
956 2537 978 2567 L
992 2534 1029 2574 533
1055 2537 1113 2567 hoc
1131 2536 1280 2577 [quoque]
1297 2537 1333 2568 Ο.
1352 2554 1386 2558 -
1405 2535 1434 2568 4.
1454 2536 1689 2568 (Ieterrissimus
1705 2537 1739 2567 T.
1762 2554 1796 2559 -
1822 2536 1884 2567 nisi
1898 2536 1982 2576 forie
1997 2553 2015 2558 -
2027 2553 2045 2558 -

295 2583 405 2616 debent
428 2582 576 2616 ST1.ss:
602 2592 672 2615 om.
698 2584 803 2616 FMA
819 2585 855 2616 O.
877 2602 911 2606 ——
939 2586 969 2616 5.
994 2585 1052 2617 hoc
1068 2595 1170 2617 causa
1187 2587 1221 2623 S}
1250 2587 1328 2618 hacc
1352 2595 1453 2617 causa
1478 2586 1510 2619 Β.
1534 2604 1567 2607 —
1596 2586 1625 2617 6.
1645 2587 1757 2627 aqitur
1779 2593 1882 2616 causa
1905 2593 1975 2616 om.
2002 2586 2041 2622 ὃς

296 2635 384 2665 inter
399 2642 454 2665 vv.
471 2634 588 2673 paucis
600 2634 706 2665 verbis
721 2634 843 2665 inserit
858 2636 937 2666 T.—
964 2635 993 2666 7.
1015 2635 1047 2667 C.
1063 2636 1247 2667 Annuizlius
1263 2636 1337 2666 S.—
1365 2636 1396 2667 8.
1414 2637 1523 2667 maior
1539 2644 1607 2666 om.
1628 2636 1648 2666 F
1662 2637 1743 2666 A.—-
1763 2635 1792 2666 9.
1816 2635 1983 2666 dimissam
1999 2635 2041 2666 M.

298 2702 332 2706 —
352 2684 403 2715 112.
429 2687 466 2715 ut
480 2700 498 2706 -
510 2701 528 2706 -
543 2684 708 2715 videretur
724 2686 744 2715 S
758 2685 798 2715 T:
823 2685 881 2716 hoc
897 2704 915 2708 —
928 2703 946 2707 -
962 2685 1132 2716 videbatur
1150 2687 1173 2717 R
1186 2688 1211 2717 Α
1227 2686 1251 2717 1.
1267 2684 1286 2719 8
1302 2686 1338 2716 Ο.
1362 2703 1395 2707 -
1424 2685 1475 2717 lsi.
1502 2685 1686 2716 accusatori
1711 2685 1733 2715 L
1747 2694 1752 2721 ;
1779 2684 1954 2724 defensioni
1977 2682 2041 2714 alii.

295 2733 461 2764 «Omnino
485 2733 572 2763 hacc
595 2733 743 2764 varietas
767 2735 1001 2775 suspicionem
1026 2735 1108 2765 milii
1126 2736 1342 2773 commovet,
1370 2735 1431 2767 has
1450 2743 1556 2766 x‘oces
1574 2743 1652 2766 csse
1670 2734 1915 2766 adventicias.»
1940 2734 2040 2764 LAMR.

292 2781 435 2813 Accedit
458 2782 551 2822 quod
573 2791 604 2813 v.
627 2784 859 2822 praevaricari
883 2793 1076 2825 numquam
1100 2783 1182 2815 alias
1207 2792 1288 2816 cum
1313 2783 1427 2815 dativo
1454 2784 1615 2823 iungitur.
1635 2801 1667 2805 —
1694 2784 1808 2822 Itaque
1831 2792 1967 2814 cum--
1983 2782 2043 2812 ‹Iis-

291 2834 430 2863 cesserai
453 2830 678 2869 Quintilianus
701 2833 756 2864 Vl.
783 2834 818 2867 3,
844 2833 896 2865 40.
925 2852 958 2855 —
991 2837 1124 2873 putaret
1147 2835 1251 2865 dicere
1275 2832 1511 2871 Quintilianus.
1541 2850 1574 2855 —
1614 2834 1664 2865 45.
1690 2833 1838 2873 respicite
1860 2831 1980 2862 iudices
1995 2848 2043 2854 ——

291 2881 481 2912 discesserat
509 2881 706 2914 Rufinianus
730 2883 767 2914 de
788 2885 844 2924 fig).
869 2888 948 2915 sent.
976 2884 1006 2925 g.
1033 2883 1063 2915 4.
1094 2901 1128 2906 —
1162 2883 1310 2923 respicite
1331 2884 1454 2914 iudices
1476 2884 1641 2914 hominum
1662 2883 1813 2923 fortunas
1835 2890 1903 2913 om.
1928 2882 1985 2912 ST
2010 2883 2044 2912 ct

293 2929 529 2968 Quintilianus.
553 2949 587 2954 —
614 2932 665 2963 46.
691 2933 838 2972 respicite
863 2934 974 2965 dubios
994 2934 1168 2973 variosque
1190 2942 1285 2965 casus
1307 2941 1375 2964 om.
1399 2933 1626 2971 Quintilianus
1651 2935 1685 2965 et
1712 2933 1923 2965 Rufinianus.
1945 2950 1979 2954 —
2006 2932 2039 2963 C.

293 2988 362 3011 oin.
381 2979 591 3012 Rufinianus.
612 2999 646 3003 ——-
673 2981 802 3013 Fabrici
825 2983 868 3014 M.
891 2999 924 3005 -
953 2984 1004 3015 ⁴8.
1030 2984 1097 3023 ipse
1113 2992 1183 3015 om.
1202 2984 1237 3014 T.
1259 3000 1294 3005 —
1321 2982 1354 3014 C.
1374 2991 1443 3013 om.
1467 2982 1696 3020 Quintilianus
1722 2984 1755 3013 et
1779 2981 2038 3013 Rufinianus.—

292 3028 344 3059 49.
370 3029 518 3060 riderunl
541 3030 573 3060 S.
602 3048 636 3052 —-
662 3030 714 3061 22.
741 3030 794 3071 acl]
820 3040 840 3062 a
865 3032 900 3062 T.
929 3049 963 3054 -
989 3033 1035 3063 ita
1060 3034 1176 3064 STO:
1202 3033 1270 3063 iam
1294 3032 1316 3063 1³
1334 3032 1401 3062 MA
1419 3033 1440 3062 1.
1456 3031 1488 3065 ξ’.
1509 3049 1543 3055 -
1570 3032 1622 3063 ⁶23.
1643 3032 1753 3071 primo
1778 3032 1810 3063 S.
1832 3050 1866 3054 —
1892 3032 1945 3063 ⁶25.
1968 3040 2043 3071 pcr-

291 3086 372 3109 sona
394 3087 558 3117 causaque
581 3079 655 3109 ST:
689 3088 790 3110 causa
813 3081 1042 3115 FMALQO.
1072 3101 1106 3104 —
1136 3083 1188 3113 26.
1213 3082 1261 3112 his
1283 3082 1342 3112 ST
1357 3081 1440 3111 1³21:
1477 3082 1502 3111 is
1524 3084 1550 3112 Α
1569 3082 1606 3112 21:
1640 3081 1679 3111 iis
1702 3081 1776 3112 LO.
1805 3098 1839 3102 -
1866 3081 1917 3112 27.
1942 3081 2042 3112 isdem

292 3127 332 3158 T:
358 3128 471 3159 iisdem
494 3130 514 3159 S
528 3130 554 3159 Α
569 3129 591 3159 L
606 3128 625 3160 δέ
639 3129 675 3160 O.
697 3147 731 3150 ——
757 3130 809 3161 29.
835 3133 864 3161 ei
887 3139 955 3162 om.
976 3132 1037 3162 FA
1052 3133 1074 3162 L
1090 3130 1121 3163 Q.
1147 3149 1182 3153 ——
1208 3131 1247 3161 iis
1271 3129 1363 3170 quae]
1389 3130 1491 3169 iisque
1513 3131 1556 3161 M.
1580 3148 1614 3152 -—
1640 3130 1691 3161 Ad
1707 3139 1739 3160 v.
1759 3129 1897 3162 breviter
1919 3131 1952 3162 M
1967 3129 2041 3161 alii-

293 3185 360 3216 que
385 3177 472 3210 haec
496 3178 669 3219 adscripta
693 3178 846 3210 habent:
874 3181 986 3212 «Bene
1011 3180 1149 3213 bret-iter
1172 3182 1229 3219 ut,
1256 3188 1335 3210 cum
1361 3180 1474 3210 onmia
1499 3188 1610 3220 paene
1636 3179 1776 3217 dixerit,
1802 3179 1908 3211 multa
1926 3179 2039 3211 adhuc

293 3225 357 3256 sibi
380 3236 581 3259 reservasse
605 3227 796 3260 videatur.»
824 3246 858 3250 —
886 3229 938 3261 30.
963 3239 1050 3261 nunc
1074 3239 1143 3262 om.
1169 3231 1210 3267 T}
1239 3230 1317 3260 ante
1341 3237 1396 3259 vv.
1423 3238 1480 3270 cyo
1505 3229 1614 3260 omnia
1637 3229 1733 3269 ponit
1757 3229 1789 3259 S.
1817 3230 1866 3260 Cf.
1892 3226 2038 3270 Spengel

294 3273 314 3304 Ι.
333 3273 352 3305 l.
379 3284 412 3316 p.
431 3275 506 3309 468.
520 3293 555 3300 —
583 3277 635 3310 31.
660 3280 903 3311 Scamandrum
926 3280 984 3311 ST
998 3281 1120 3312 FMA:
1147 3283 1175 3311 et
1198 3279 1439 3310 Scamandrum
1463 3279 1486 3309 L
1500 3278 1519 3310 δὲ
1534 3280 1571 3309 Ο.
1598 3278 1647 3309 Cf.
1667 3276 1875 3317 Madvigium
1891 3277 2033 3317 Append.

293 3322 374 3363 disp.
399 3325 437 3358 dc
457 3326 593 3359 Asconio
617 3335 650 3368 p.
676 3326 717 3360 46
741 3336 794 3369 sq.
822 3345 856 3351 -—-
882 3328 916 3360 C.
940 3328 1128 3362 Fabricium
1151 3329 1226 3360 ST:
1252 3328 1441 3360 Fabricium
1465 3329 1584 3366 1³MA3
1609 3331 1638 3361 ec
1660 3328 1848 3361 Fabricium
1870 3328 1978 3363 Lao.
