2127 3708
635 219 729 261 CAP.
760 218 1061 260 xva-xlx.
1101 217 1173 273 §§.
1205 217 1400 261 47—53.
1835 220 1887 262 43

148 331 334 373 studiose
367 332 515 379 coluit,
546 330 587 370 id
619 331 696 370 erit
726 331 763 371 ei
795 332 973 371 maxime
1003 331 1161 379 fraudi,
1192 337 1238 372 ut
1266 345 1414 385 parum
1444 333 1635 373 miseriae
1667 335 1742 382 sit,
1774 334 1889 389 quod

148 394 240 435 aliis
271 394 418 441 coluit,
454 406 536 433 non
568 393 668 439 sibi,
710 393 789 432 nisi
823 394 967 440 etiam,
1007 394 1121 448 quod
1164 396 1333 434 omnino
1366 395 1516 443 coluit,
1559 397 1720 436 crimini
1750 397 1889 437 fuerit.

146 456 293 497 XVIII.
324 454 389 495 50.
420 457 477 494 Ne
509 459 572 502 tu,
612 455 758 501 Eruci,
804 461 1022 495 accusator
1051 469 1163 496 esses
1195 457 1418 504 ridiculus,
1452 458 1485 497 si
1516 457 1600 496 illis
1631 459 1890 510 temporibus

144 524 266 558 natus
297 531 428 564 esses,
461 531 554 556 cum
586 517 636 557 ab
666 523 802 556 aratro
833 518 1167 565 arcessebantur,
1200 519 1272 572 qui
1297 519 1491 559 consules
1513 517 1669 558 fierent.
1712 520 1890 569 Etenim,

146 581 218 634 qui
248 593 439 633 praeesse
471 593 569 632 agro
593 579 770 619 colendo
793 580 994 632 flagitium
1015 586 1159 633 putes,
1191 581 1378 634 profecto
1406 581 1524 621 illum
1545 582 1734 629 Atilium,
1767 597 1891 636 quem
1922 587 1942 617 5

144 656 220 683 sua
259 655 382 682 manu
424 648 684 695 spargentem
722 655 860 682 semen
904 642 976 695 qui
1017 643 1130 682 missi
1171 648 1289 682 erant
1335 648 1639 691 convenerunt,
1680 644 1892 684 hominem

144 705 431 758 turpissimum
462 710 588 758 atque
618 703 1008 745 inhonestissimum
1030 704 1250 744 iudicares.
1296 705 1348 744 At
1368 704 1538 744 hercule
1560 707 1738 746 maiores
1760 707 1892 746 nostri

142 769 264 821 longe
295 768 415 808 aliter
444 774 485 807 et
515 767 565 806 de
597 767 669 807 illo
702 773 742 807 et
773 767 823 807 de
855 766 1002 806 ceteris
1035 766 1187 806 talibus
1208 767 1310 806 viris
1333 767 1645 816 existimabant,
1677 769 1820 822 itaque
1842 781 1894 807 ex

143 831 313 871 minima
342 830 674 883 tenuissimaque
706 844 749 870 re
780 829 949 882 publica
979 829 1201 869 maximam
1234 835 1275 869 et
1299 827 1636 869 florentissimam
1657 830 1778 870 nobis
1798 830 1895 870 reli-

145 897 338 947 querunt.
386 893 494 932 Suos
525 893 637 932 enim
668 905 789 945 agros
821 891 1008 931 studiose
1040 891 1255 938 colebant,
1287 905 1371 931 non
1402 891 1562 931 alienos
1595 892 1746 945 cupide
1768 898 1943 945 appe-⁴0

142 956 306 1003 tebant3
353 956 505 1009 quibus
550 956 674 995 rebus
721 961 760 995 et
799 954 906 1007 agris
952 958 991 993 et
1021 953 1194 993 urbibus
1227 959 1267 993 et
1296 954 1537 993 nationibus
1568 967 1654 993 rem
1684 954 1894 1006 publicam

141 1022 266 1070 atque
295 1017 376 1057 hoc
406 1017 631 1070 imperium
662 1023 703 1056 et
731 1017 878 1070 populi
908 1016 1083 1055 Romani
1104 1028 1256 1055 nomen
1277 1021 1497 1055 auxerunt.
1554 1013 1620 1055 51.
1649 1017 1796 1070 Neque
1817 1029 1894 1069 ego

141 1079 244 1120 haec
275 1093 324 1119 eo
354 1079 548 1132 profero,
582 1092 666 1132 quo
700 1079 950 1119 conserenda
981 1079 1064 1118 sint
1094 1092 1189 1117 cum
1216 1079 1354 1125 hisce,
1387 1078 1437 1117 de
1459 1079 1613 1132 quibus
1633 1092 1746 1118 nunc
1767 1091 1897 1132 quae-

142 1142 292 1189 rimus,
329 1142 401 1182 sed
431 1147 477 1181 ut
507 1141 613 1182 illud
644 1142 919 1194 intelligatur,
961 1155 1055 1181 cum
1086 1141 1199 1193 apud
1229 1141 1407 1180 maiores
1438 1146 1604 1181 nostros
1637 1143 1787 1182 summi
1817 1142 1895 1182 viri

144 1205 447 1258 clarissimique
488 1204 699 1250 homines,
740 1204 813 1257 qui
857 1204 970 1243 omni
1002 1209 1189 1256 tempore
1221 1203 1271 1242 ad
1302 1203 1582 1255 gubernacula
1612 1205 1672 1245 rei
1702 1204 1945 1257 publicaeis

144 1266 288 1307 sedere
334 1267 558 1313 debebant,
602 1272 740 1306 tamen
777 1267 818 1305 in
857 1267 965 1319 agris
1006 1279 1178 1319 quoque
1220 1266 1408 1306 colendis
1451 1266 1713 1320 aliquantum
1744 1279 1895 1319 operae

143 1331 427 1384 temporisque
459 1329 815 1382 consumpserint,
846 1329 1007 1382 ignosci
1038 1335 1231 1383 oportere
1262 1329 1300 1369 ei
1327 1329 1511 1376 homini,
1543 1330 1616 1382 qui
1646 1343 1689 1369 se
1718 1329 1898 1369 fateatur

145 1405 234 1432 esse
263 1392 487 1439 rusticum,
519 1406 613 1432 cum
643 1392 729 1431 ruri
760 1391 954 1431 assiduus
987 1405 1152 1445 semper
1180 1392 1354 1432 vixerit:
1392 1406 1485 1431 cum
1516 1392 1762 1445 praesertim
1791 1390 1897 1430 nihil

145 1459 273 1502 esset,
314 1453 431 1508 quod
470 1458 542 1493 aut
580 1453 687 1507 patri
719 1453 875 1506 gratius
906 1459 979 1494 aut
1008 1454 1087 1494 sibi
1117 1454 1343 1494 iucundius
1374 1459 1446 1494 aut
1475 1467 1518 1494 re
1549 1468 1647 1496 vera
1675 1453 1896 1495 honestius

142 1515 278 1556 facere
307 1522 467 1569 posset.
1910 1522 1946 1552 20

255 1577 320 1619 5⁶2.
353 1579 506 1619 Odium
537 1580 666 1633 igitur
696 1580 942 1620 acerrimum
973 1580 1103 1633 patris
1130 1580 1173 1619 in
1194 1577 1326 1620 filium
1348 1594 1402 1620 ex
1420 1580 1524 1629 hoc,
1556 1581 1726 1634 opinor,
1759 1583 1898 1620 osten-

145 1643 280 1690 ditur,
310 1642 457 1689 Eruci,
489 1643 604 1696 quod
635 1644 747 1683 hunc
766 1643 853 1683 ruri
875 1656 966 1682 esse
987 1643 1235 1695 patiebatur.
1272 1643 1485 1697 Numquid
1508 1649 1570 1684 est
1591 1643 1735 1684 aliud?
1765 1643 1895 1682 Immo

143 1719 264 1753 vero,
295 1705 457 1759 inquit,
489 1711 573 1752 est;
603 1718 699 1745 nam
720 1706 845 1745 istum
866 1705 1119 1745 exheredare
1140 1706 1183 1744 in
1205 1706 1344 1745 animo
1365 1706 1557 1747 habebat.
1595 1706 1754 1746 Audio:
1784 1718 1898 1745 nunc

147 1767 249 1807 dicis
281 1768 463 1820 aliquid,
496 1768 610 1821 quod
642 1768 692 1808 ad
722 1781 807 1807 rem
830 1768 1057 1820 pertineat:
1089 1781 1183 1808 nam
1210 1769 1303 1816 illa,
1334 1769 1505 1822 opinor,
1537 1775 1581 1809 tu
1604 1783 1775 1824 quoque
1799 1781 1897 1809 con-

148 1828 260 1868 cedis
292 1828 401 1868 levia
431 1843 520 1869 esse
552 1835 676 1882 atque
698 1831 859 1882 inepta:
894 1830 1120 1869 «Convivia
1141 1844 1235 1870 cum
1259 1837 1376 1883 patre
1397 1845 1483 1871 non
1504 1832 1673 1872 inibat.»
1708 1832 1946 1885 Quippe;25

150 1890 222 1943 qui
252 1903 304 1929 ne
335 1891 378 1929 in
409 1891 609 1943 oppidum
641 1892 811 1944 quidem
840 1891 921 1931 nisi
952 1904 1120 1944 perraro
1151 1893 1328 1933 veniret.
1391 1895 1593 1934 «Domum
1624 1908 1741 1934 suam
1771 1895 1898 1934 istum

146 1964 232 1991 non
274 1951 360 1992 fere
395 1953 619 2006 quisquam
648 1953 862 1993 vocabat.»
923 1954 1008 1993 Nec
1039 1954 1215 2002 mirum,
1261 1957 1335 2009 qui
1365 1970 1503 2010 neque
1535 1957 1579 1996 in
1608 1957 1710 1997 urbe
1742 1956 1898 1996 viveret

147 2027 284 2068 neque
324 2020 593 2054 revocaturus
632 2021 752 2055 esset.
812 2016 924 2055 xlx.
965 2016 1119 2056 Verum
1154 2017 1256 2057 haec
1298 2024 1343 2058 tu
1376 2032 1546 2072 quoque
1577 2019 1774 2072 intelligis
1806 2031 1897 2058 esse

147 2078 392 2129 nugatoria:
437 2077 561 2123 illud,
604 2078 718 2131 quod
750 2079 987 2131 coepimus,
1027 2079 1265 2128 videamus,
1306 2095 1391 2135 quo
1424 2082 1574 2122 certius
1606 2087 1897 2135 argumentum

146 2137 233 2176 odii
270 2138 443 2190 reperiri
484 2139 602 2179 nullo
645 2139 769 2179 modo
801 2146 950 2192 potest.
1010 2139 1075 2180 53.
1111 2143 1400 2183 «Exheredare
1430 2149 1548 2196 pater
1578 2142 1711 2184 filium
1742 2144 1946 2196 cogita-30

143 2199 252 2238 bat.»
298 2200 418 2240 Mitto
441 2214 663 2254 quaerere,
696 2215 779 2256 qua
801 2202 851 2242 de
881 2216 1027 2250 causa;
1057 2218 1233 2257 quaero,
1256 2206 1328 2259 qui
1351 2206 1480 2254 scias3
1511 2207 1675 2246 tametsi
1698 2212 1738 2246 te
1760 2206 1896 2246 dicere

145 2267 270 2315 atque
302 2275 544 2303 enumerare
576 2278 721 2304 causas
754 2278 896 2305 omnes
930 2267 1174 2319 oportebat,
1219 2273 1259 2307 et
1296 2268 1338 2307 id
1378 2274 1464 2308 erat
1509 2269 1609 2309 certi
1642 2268 1896 2309 accusatoris

228 2384 258 2415 3.
283 2393 322 2415 ne
344 2387 379 2416 tu
403 2386 490 2423 GM,
517 2385 594 2417 cod.
620 2386 755 2425 Lamb.‚
783 2387 958 2420 Charisius
982 2396 1016 2429 p.
1037 2388 1098 2420 436
1122 2388 1242 2421 Lind.:
1269 2399 1325 2421 nec
1348 2394 1383 2422 tu
1405 2400 1446 2422 v:
1473 2401 1535 2423 nae
1551 2395 1585 2423 tu
1602 2392 1704 2423 Oac.
1741 2392 1898 2432 Scriptu-

143 2442 218 2465 ram
240 2443 303 2465 nae
325 2433 446 2467 falsam
472 2444 566 2472 esse.
593 2435 838 2469 Fleckeisenus
862 2438 896 2469 in
919 2438 1155 2470 Schneidewini
1176 2440 1340 2481 Philoloqo
1362 2441 1402 2472 ΙΙ.
1429 2450 1463 2482 p.
1489 2441 1528 2472 62
1552 2450 1604 2482 sq.
1631 2441 1894 2473 demonstravit.

145 2500 181 2505 —-
206 2491 301 2515 eruce
323 2485 360 2515 G.
388 2502 423 2506 —
449 2484 480 2517 4.
506 2486 633 2526 etenim]
659 2490 688 2518 et
711 2496 783 2518 eum
807 2489 844 2519 G.
873 2505 908 2510 —
934 2489 964 2520 5.
990 2489 1137 2520 Attilium
1161 2491 1301 2527 Gvac;
1328 2493 1362 2522 at
1384 2500 1416 2522 v.
1444 2492 1570 2523 Osann.
1597 2491 1641 2523 ad
1666 2491 1729 2523 Cic.
1757 2492 1795 2523 de
1818 2493 1892 2532 Rep.

143 2541 176 2573 p.
202 2531 234 2564 4.
263 2551 297 2556 —
324 2534 354 2565 6.
379 2543 440 2565 sua
463 2543 532 2567 om.
550 2545 583 2567 v.
605 2555 640 2558 —
665 2540 866 2577 sperqentem
889 2539 926 2569 G.
949 2556 983 2560 —
1009 2538 1039 2570 8.
1065 2539 1186 2581 itaque]
1212 2544 1309 2580 atque
1333 2543 1370 2572 G.
1393 2559 1427 2563 ——
1453 2542 1505 2572 40.
1533 2542 1640 2581 adpet.
1668 2543 1705 2573 G.
1726 2560 1762 2565 —
1788 2542 1840 2573 4-1.
1866 2545 1896 2573 et

143 2583 223 2614 ante
246 2582 317 2615 urb.
344 2593 414 2615 om.
441 2585 477 2616 G.
507 2603 540 2608 —
569 2586 619 2616 42.
646 2595 703 2626 eqo
728 2595 797 2618 om.
825 2588 861 2618 G.
891 2603 926 2609 —
954 2587 1006 2619 2¹3.
1032 2597 1068 2620 eo
1093 2598 1162 2620 om.
1189 2590 1268 2622 Sch.
1297 2609 1332 2613 —
1359 2590 1432 2631 quo]
1459 2592 1544 2630 quod
1567 2592 1602 2623 L.
1632 2607 1667 2613 ·-
1693 2594 1768 2622 sunt
1791 2593 1828 2623 G.
1857 2609 1892 2615 -

143 2641 216 2663 cum
237 2633 369 2664 hiisdem
393 2635 430 2665 G.
459 2652 494 2656 —
520 2634 572 2667 44.
599 2636 802 2677 intelliyalur
825 2637 983 2668 GM‘vc:
1019 2638 1204 2679 inlelliyant
1227 2650 1270 2677 χ;
1296 2641 1460 2680 intelligas
1483 2641 1507 2672 C
1523 2641 1684 2680 Ηὸψει,
1710 2641 1787 2673 cod.
1815 2641 1892 2673 Car.

143 2682 260 2723 Steph.
288 2683 442 2715 «Iudices
456 2709 463 2722 ‚
489 2684 629 2725 opinor,
655 2694 723 2717 non
748 2688 933 2717 accusator
948 2687 1045 2718 vafer
1059 2696 1100 2719 ac
1118 2688 1270 2728 venalis,
1296 2689 1486 2730 intelligere
1504 2690 1696 2729 debebant,
1723 2692 1754 2723 S.
1773 2692 1895 2723 Roscio

141 2732 273 2771 ignosci
296 2734 492 2773 oportere.»
518 2734 574 2765 Oa.
600 2735 630 2766 Ξ.
659 2752 694 2756 -
721 2736 772 2767 46.
800 2745 926 2775 quoque
949 2744 1018 2768 om.
1045 2739 1110 2769 m.
1139 2757 1174 2761 —
1202 2740 1252 2770 Π.
1279 2741 1536 2779 consumpserint
1561 2749 1601 2772 c:
1630 2745 1897 2781 consumpserunt

142 2782 212 2813 GM
224 2790 294 2819 va,
320 2782 338 2813 6
356 2783 436 2818 Oxx,
455 2801 490 2806 —
517 2784 568 2816 ⁴8.
595 2794 668 2816 curn
691 2786 775 2825 ruri]
801 2787 856 2825 qui
879 2787 952 2817 ruri
976 2787 1053 2819 eod.
1074 2789 1182 2821 Ursini
1207 2792 1242 2820 et
1264 2791 1359 2821 Iann.
1382 2808 1417 2813 —-
1444 2793 1569 2830 semper
1591 2792 1741 2822 assiduus
1757 2800 1795 2823 c:
1822 2800 1892 2823 om.

140 2840 264 2871 semper
287 2831 341 2863 ed.
367 2833 476 2869 Iunt.;
513 2834 660 2866 assiduos
683 2844 809 2875 semper
832 2837 858 2867 G
882 2838 917 2867 et
941 2837 1017 2868 eod.
1044 2838 1091 2869 St.
1117 2838 1226 2875 vice,
1263 2839 1356 2870 unde
1382 2839 1593 2873 Guilielmius
1618 2842 1749 2873 assiduo
1771 2851 1896 2881 semper

143 2883 190 2922 (ut
214 2883 267 2913 est
288 2882 323 2914 in
345 2883 379 2921 χ)
405 2882 576 2920 faciebat;
603 2886 636 2915 at
659 2887 754 2916 recte
779 2888 899 2917 monet
924 2887 1036 2918 Garat.
1056 2888 1096 2927 (Ξ)
1122 2889 1270 2920 assiduos
1293 2897 1371 2921 esse
1396 2890 1575 2930 antiquam
1599 2891 1808 2932 scripturam
1830 2901 1894 2933 pro

141 2931 301 2963 assiduus.
349 2933 398 2964 De
434 2932 637 2973 pleonasmo
673 2937 791 2966 autem
827 2937 922 2973 (nam
956 2945 1081 2977 semper
1103 2938 1260 2970 Ernestio
1289 2941 1493 2980 suspectum
1517 2941 1606 2979 erat)
1641 2948 1675 2971 v.
1700 2941 1828 2971 Duker.
1851 2941 1896 2972 ad

141 2980 211 3012 LiV.
235 2981 378 3013 XXXIV.
404 2981 440 3019 9,
467 2983 499 3014 5.
527 3001 562 3005 -
588 2983 640 3014 23.
667 2984 781 3023 inquid
805 2986 842 3016 G.
871 3003 907 3007 -
932 2986 987 3027 est]
1012 2991 1057 3018 est
1079 2988 1171 3019 aliud
1193 2989 1262 3019 Tv.
1292 3006 1328 3010 —
1360 2988 1413 3021 ⁰24.
1439 2998 1520 3020 nam
1542 2990 1659 3029 opinor
1680 2990 1739 3020 illa
1762 2991 1827 3022 Mi.
1856 3007 1891 3013 —

142 3030 194 3061 ⁶25.
219 3031 326 3072 atque]
351 3035 381 3063 ec
403 3032 468 3063 ΜΞ.
497 3051 532 3055 -
562 3033 616 3064 ⁶26.
637 3042 780 3073 perraro
808 3035 841 3066 M
854 3043 928 3065 vc:
966 3045 1046 3068 raro
1076 3038 1141 3069 GC
1156 3038 1183 3069 H
1198 3038 1262 3068 Sa.
1291 3056 1326 3060 ——
1357 3038 1410 3070 ⁶28.
1434 3043 1650 3071 revocaturus
1672 3040 1721 3076 M.
1753 3040 1772 3071 6
1796 3040 1893 3079 On..

140 3078 235 3118 Pali,
261 3088 332 3120 va,
359 3090 478 3121 margo
504 3082 615 3114 Crat.:
641 3093 721 3115 rure
742 3088 920 3116 vocaturus
943 3085 1000 3116 Rc
1026 3087 1083 3126 (Gz
1116 3095 1157 3118 ne
1180 3096 1279 3126 quero
1301 3091 1441 3118 vocatur
1463 3098 1537 3120 cum
1560 3088 1666 3128 esset);
1694 3089 1726 3120 in
1749 3089 1893 3129 Manut.,

142 3129 179 3160 C.
205 3129 338 3170 Steph„
364 3130 486 3162 Lamb.
513 3132 566 3162 est
589 3132 828 3173 interpolatio:
855 3143 950 3173 quem
974 3144 1077 3175 neque
1098 3137 1133 3167 in
1154 3137 1234 3168 urbe
1255 3137 1378 3168 videret
1401 3146 1503 3176 neque
1518 3147 1598 3169 rure
1611 3141 1789 3170 vocaturus
1804 3143 1892 3171 esset.

144 3195 178 3199 —
203 3178 282 3210 haec
305 3182 340 3210 tu
363 3179 498 3221 quoque]
523 3181 573 3212 sic
597 3183 669 3214 GM
680 3191 702 3212 v
726 3185 760 3214 et
783 3182 890 3215 Aldus
912 3184 1028 3225 Nepos
1053 3185 1119 3225 (ed.
1146 3186 1272 3226 4583),
1299 3195 1406 3227 quam
1429 3186 1615 3219 lectionem
1637 3188 1741 3220 Heus.
1760 3189 1893 3229 primus

142 3228 337 3259 revocavit:
363 3229 441 3260 haec
465 3239 590 3270 quoque
612 3234 648 3262 tu
672 3241 689 3263 a
705 3241 742 3271 c,
769 3232 872 3264 codd.
898 3231 986 3271 rell„
1012 3236 1051 3266 ut
1071 3235 1222 3267 xidetur.
1260 3236 1309 3268 Cf.
1336 3236 1430 3268 idem
1453 3237 1575 3269 vitium
1599 3237 1651 3278 gg.
1670 3237 1711 3269 82
1736 3240 1770 3269 et
1785 3238 1836 3269 93.
1856 3256 1891 3261 —

141 3277 293 3318 intelligis
315 3278 348 3309 in
372 3279 509 3318 quolibet
532 3289 596 3312 esse
618 3290 650 3312 V.
680 3300 713 3305 —
740 3282 793 3314 ⁴29.
820 3283 997 3322 incepimus
1019 3285 1089 3316 Tv.
1107 3302 1146 3308 —
1172 3285 1224 3316 30.
1251 3285 1449 3317 exheredare
1470 3287 1577 3327 filium
1587 3290 1686 3326 pater
1700 3296 1770 3328 009.
1789 3287 1894 3328 Euty-

144 3326 241 3359 chius
265 3336 300 3370 p.
325 3328 398 3360 479.
425 3329 480 3361 ed.
507 3330 602 3362 Lind.
631 3348 666 3352 —
691 3331 743 3363 3⁴.
769 3335 878 3364 tamen
900 3333 957 3364 etsi
982 3334 1019 3365 G.
1045 3351 1080 3356 -
1106 3334 1159 3368 3⁶2.
1186 3336 1290 3367 omnis
1312 3336 1459 3369 GMac.
