2143 3713
550 219 643 258 Cn».
675 216 1023 256 XLIII—XLIV.
1061 214 1133 269 §§.
1165 212 1414 255 4‘19—11253.
1775 211 1853 252 577

121 331 348 378 rescindat3
380 336 424 370 ut
453 330 555 370 alter
585 330 634 368 de
665 332 808 368 senatu
841 342 1005 368 movere
1037 329 1155 375 velit,
1191 327 1294 366 alter
1323 327 1498 366 retineat
1529 332 1568 366 et
1597 326 1741 366 ordine
1771 339 1855 365 am-

122 394 304 446 plissimo
337 394 505 445 dignum
536 391 764 436 existimem
802 396 844 429 ut
874 390 978 429 alter
1009 391 1046 429 iu
1080 390 1260 429 aerarios
1291 389 1432 429 referri
1464 395 1533 427 aut
1566 389 1670 428 tribu
1703 388 1856 428 moveri

120 456 278 502 iubeat,
317 456 420 495 alter
458 458 579 493 vetet.
630 452 767 500 Quare
800 453 869 505 qui
903 453 1016 492 vobis
1060 453 1099 491 in
1133 457 1310 491 mentem
1342 452 1475 497 venit,
1517 451 1617 490 haec
1648 449 1858 502 appellare

119 518 291 564 iudicia,
322 530 426 570 quae
457 529 479 555 a
509 514 662 567 populo
695 515 893 560 rescindi,
925 515 975 553 al)
1006 515 1150 553 iuratis
1182 513 1387 552 iudicibus
1419 512 1652 564 repudiari,
1685 525 1707 550 a
1735 511 1861 562 magi-

120 580 313 619 stratibus
344 578 517 630 negligi,
548 575 598 614 ab
629 575 702 622 iis,
735 575 805 627 qui
835 576 1006 615 candem
1030 581 1274 628 potestatem
1297 575 1436 627 adepti
1458 579 1572 621 sunt,
1604 572 1892 618 commutarim

120 642 225 681 inter
255 641 433 692 collegas
464 638 698 688 discrepare
731 636 935 676 videatis?

230 703 370 742 XLIV.
403 697 493 739 ⁶123.
536 699 653 746 Quae
694 712 783 737 cum
830 700 882 738 ita
922 700 1024 746 sint,
1065 699 1299 746 videamus,
1342 698 1441 752 quid
1473 698 1638 738 tandem
1671 709 1863 736 censores

120 765 169 804 (le
201 764 272 803 illo
304 762 457 802 iudicio
489 765 681 813 corrupto
714 761 920 800 iudicasse
942 762 1144 800 dicantur.
1194 761 1251 799 Ac
1284 760 1461 813 primum
1492 759 1593 798 illud
1624 764 1864 803 statuamus,

120 832 275 872 utrum,
307 825 404 877 quia
435 835 629 862 censores
657 822 999 875 subscripserint,
1030 824 1084 862 ita
1107 823 1178 869 sit,
1209 835 1281 869 an,
1315 822 1413 875 quia
1435 823 1490 860 ita
1511 821 1656 867 suerit,
1688 820 1747 858 illi
1771 820 1866 859 suh-

121 887 372 939 scripserint.
423 885 464 924 Si
504 885 600 937 quia
640 884 981 937 subscripserint,
1026 885 1182 931 videte,
1231 884 1331 936 quid
1371 883 1521 935 agatis,
1564 896 1615 922 ne
1658 883 1699 921 in
1737 895 1863 921 unum
1887 890 1917 917 ιω

120 960 325 1002 quemque
355 951 541 986 nostrum
574 946 816 985 censoribus
848 947 886 985 in
920 952 1130 999 posterum
1162 951 1405 999 potestatem
1432 945 1584 997 regiam
1608 944 1866 997 permittatiS‚

121 1023 168 1049 ne
199 1008 443 1061 subscriptio
476 1008 663 1047 censoria
696 1020 777 1046 non
812 1008 949 1047 minus
983 1008 1227 1047 calamitatis
1260 1008 1418 1048 civibus
1451 1021 1575 1061 quam
1597 1008 1667 1046 illa
1689 1007 1868 1046 acerbis-

119 1072 220 1110 sima
260 1070 506 1122 proscriptio
548 1070 677 1122 possit
719 1070 888 1117 afferre,
930 1084 979 1109 ne
1011 1071 1242 1109 censorium
1276 1070 1437 1117 stilum,
1480 1070 1597 1109 cuius
1629 1081 1866 1108 mucronem

119 1133 254 1172 multis
291 1132 484 1172 remediis
516 1131 692 1170 maiores
734 1134 861 1171 nostri
899 1132 1183 1179 rettuderunt,
1223 1146 1357 1185 aeque
1390 1131 1560 1184 posthac
1590 1135 1714 1183 atque
1752 1129 1866 1169 illum

119 1194 379 1234 dictatorium
414 1190 625 1246 [gladium]
660 1194 1012 1245 pertimescamus.
1081 1191 1166 1233 124„
1196 1194 1268 1233 Sin
1295 1199 1430 1233 autem
1455 1194 1567 1246 quod
1589 1192 1867 1244 subscriptum
1882 1200 1916 1228 1ῑί

120 1263 200 1304 est,
232 1257 328 1310 quia
358 1269 501 1295 verum
534 1260 613 1302 est,
654 1255 808 1294 idcirco
841 1269 962 1307 grave
997 1256 1119 1295 debet
1158 1269 1270 1301 esse,
1307 1255 1386 1295 hoc
1419 1268 1686 1308 quaeramus,
1727 1268 1867 1294 verum

120 1320 174 1358 sit
203 1332 255 1358 an
286 1318 456 1365 falsum;
488 1323 777 1358 removeantur
807 1318 1073 1357 auctoritates
1105 1317 1342 1363 censoriae;
1380 1317 1548 1356 tollatur
1577 1316 1618 1356 id
1649 1331 1702 1357 ex
1732 1330 1868 1363 causa,

120 1381 232 1434 quod
264 1381 304 1419 in
337 1393 459 1419 causa
488 1393 573 1419 non
604 1385 690 1427 est;
728 1379 856 1427 doce,
889 1393 1013 1433 quam
1043 1379 1263 1433 pecuniam
1296 1379 1513 1418 Cluentius
1544 1379 1729 1427 dederit,
1758 1379 1869 1419 unde

119 1441 291 1488 dederit,
315 1454 438 1494 quem
459 1441 511 1481 ad
534 1441 701 1481 modum
725 1441 907 1489 dederit;
936 1456 1063 1481 unum
1085 1441 1266 1494 denique
1291 1438 1490 1495 [aliquod]
1515 1454 1538 1481 a
1562 1441 1752 1482 Cluentio
1774 1455 1870 1495 pro-

118 1503 249 1543 fectae
286 1505 488 1556 pecuniae
528 1505 749 1556 vestigium
791 1504 975 1543 ostende.
1021 1505 1154 1543 'Vince
1187 1504 1359 1551 deinde,
1390 1504 1545 1543 bonum
1576 1504 1710 1544 virum
1739 1503 1868 1543 fuisse
1882 1509 1918 1538 ΞΟ

120 1565 420 1620 Oppianicum,
451 1566 659 1605 homiuem
691 1566 915 1619 integrum,
962 1566 1065 1605 nihil
1097 1566 1147 1605 de
1179 1566 1251 1606 illo
1281 1579 1479 1619 umquam
1511 1579 1630 1605 secus
1661 1579 1752 1606 esse
1783 1566 1870 1605 exi-

120 1628 351 1675 stimatum,
396 1628 500 1667 nihil
546 1628 726 1681 denique
772 1629 1114 1681 praeiudicatum.
1169 1629 1272 1667 Tum
1314 1628 1598 1667 auctoritatem
1639 1628 1867 1667 censoriam

120 1689 376 1742 amplexato,
422 1695 507 1728 tum
550 1690 714 1729 illorum
755 1690 952 1729 iudicium
992 1704 1083 1729 cuni
1122 1704 1166 1729 re
1207 1690 1471 1730 coniunctum
1513 1703 1604 1729 esse
1642 1689 1868 1730 defendito.

126 1749 214 1790 125.
244 1752 352 1790 Dum
383 1765 482 1791 vero
514 1765 607 1791 eum
636 1751 764 1791 fuisse
797 1752 1075 1804 Oppianicum
1107 1752 1334 1798 constabit,
1376 1751 1448 1804 qui
1489 1752 1649 1792 tabulas
1680 1752 1868 1805 publicas

124 1813 337 1866 municipii
374 1827 497 1853 manu
537 1827 610 1853 sua
653 1814 886 1867 corrupisse
926 1814 1134 1853 iudicatus
1165 1815 1238 1861 sit,
1278 1813 1349 1867 qui
1379 1818 1671 1853 testamentum
1702 1814 1917 1854 interle-zm

122 1875 248 1922 verit,
281 1874 352 1928 qui
384 1876 599 1928 supposita
629 1889 807 1928 persona
837 1875 985 1915 falsum
1009 1881 1301 1916 testamentum
1323 1875 1627 1928 obsignandum
1649 1877 1868 1924 curaverit,

122 1936 193 1989 qui
225 1949 338 1984 eum,
380 1937 497 1977 cuius
528 1938 696 1977 nomine
726 1938 766 1978 id
799 1938 1060 1990 obsignatum
1092 1944 1173 1986 est,
1214 1936 1486 1984 interfecerit,
1518 1939 1588 1990 qui
1619 1938 1867 1978 avunculum

121 1999 196 2039 filii
238 2000 300 2039 sui
338 2000 378 2039 in
414 1999 610 2039 servitute
642 2014 687 2040 ac.
719 2000 895 2039 vinculis
926 2001 1158 2047 necaverit,
1199 2001 1271 2052 qui
1300 1999 1532 2051 municipes
1564 2013 1661 2039 suos
1692 2000 1870 2053 proscri-

122 2061 281 2102 bendos
315 2061 647 2114 occidendosque
679 2062 900 2109 curaverit,
942 2062 1013 2115 qui
1045 2062 1133 2101 eius
1163 2075 1361 2107 uxorem,
1405 2074 1528 2114 quem
1559 2061 1787 2109 occiderat,
1827 2063 1868 2101 in

123 2124 432 2164 matrimonium
463 2123 649 2171 duxerit,
682 2125 753 2178 qui
784 2125 1001 2177 pecuniam
1032 2138 1106 2177 pro
1138 2123 1355 2163 abortione
1377 2122 1556 2170 dederit,
1590 2124 1660 2177 qui
1691 2134 1919 2171 socrum‚3o

125 2187 195 2239 qui
224 2200 401 2233 uxores,
433 2187 502 2239 qui
531 2199 613 2225 uno
647 2192 833 2239 tempore
861 2185 997 2225 fratris
1021 2200 1191 2226 uxorem
1214 2190 1486 2239 speratosque
1507 2185 1661 2226 liberos
1681 2186 1870 2226 fratrem-

125 2262 206 2301 que
242 2250 396 2302 ipsum,
444 2249 516 2301 qui
548 2248 728 2301 denique
760 2261 858 2288 suos
898 2248 1049 2288 liberos
1080 2247 1352 2294 interfecerit,
1398 2248 1493 2300 qui,
1539 2261 1632 2287 cum
1663 2261 1868 2287 venenum

124 2310 315 2364 privigno
347 2323 422 2350 suo
454 2311 552 2350 dare
582 2310 727 2357 vellet,
760 2309 978 2349 manifesto
1001 2309 1286 2363 deprehensus
1311 2309 1384 2356 sit,
1415 2309 1532 2348 cuius
1554 2309 1753 2349 ministris
1774 2323 1872 2349 con-

123 2373 304 2426 sciisque
335 2373 537 2412 damnatis
568 2372 657 2425 ipse
688 2372 888 2412 adductus
919 2372 961 2411 in
994 2372 1195 2411 iudicium
1223 2371 1441 2425 pecuniam
1471 2370 1598 2410 iudici
1629 2370 1791 2411 dederit
1819 2371 1869 2410 ad

124 2435 350 2476 sententias
371 2435 554 2475 iudicum
575 2433 894 2488 corrumpendas
914 2449 921 2473 :
953 2434 1051 2474 dum
1070 2434 1195 2482 haec,
1226 2434 1418 2487 inquam,
1449 2433 1500 2472 de
1521 2432 1752 2487 Oppianico
1774 2445 1872 2471 con·
1884 2446 1921 2475 35

212 2579 242 2610 4.
263 2578 477 2619 praescindat
499 2578 568 2609 ST.
597 2595 631 2599 —-
659 2586 786 2608 movere
809 2574 912 2609 QtAL
927 2575 966 2609 e:
992 2576 1114 2608 moveri
1137 2584 1215 2607 cum
1242 2576 1387 2606 Grutero
1411 2575 1448 2606 Ο.
1477 2592 1510 2596 —-
1538 2574 1568 2604 2.
1596 2574 1729 2605 aerario
1751 2573 1874 2613 referre

126 2628 195 2659 ST.
216 2644 252 2649 -—
276 2635 406 2659 movere
427 2628 496 2658 ST.
518 2645 553 2649 -
580 2626 609 2657 4.
633 2626 753 2665 populo
778 2627 853 2658 ST:
876 2625 997 2665 populo
1021 2627 1165 2657 Romano
1189 2623 1325 2658 RALss
1340 2625 1376 2655 O.
1399 2639 1433 2645 -
1461 2623 1512 2664 ab]
1538 2632 1559 2653 a
1583 2624 1615 2654 S.
1638 2640 1673 2644 —-
1699 2623 1730 2653 5.
1755 2623 1818 2653 sint
1834 2622 1869 2653 T.

128 2694 161 2698 -
189 2676 220 2708 6.
246 2676 426 2716 discrepari
447 2677 492 2714 L;
524 2679 554 2707 et
576 2675 761 2715 discrepare
784 2676 816 2706 S.
847 2693 880 2697 ——
915 2676 945 2706 9.
971 2674 1127 2715 censores]
1157 2682 1303 2705 censores
1332 2674 1370 2705 cle
1392 2674 1446 2704 illo
1469 2673 1589 2704 iudicio
1612 2676 1766 2712 corrupto
1788 2673 1815 2703 Α
1840 2674 1874 2703 et

125 2734 195 2766 mg.
215 2726 235 2757 S
259 2734 306 2758 m.
331 2726 364 2758 2.
385 2744 419 2748 —
446 2726 498 2758 ⁴0.
523 2726 550 2756 si
573 2726 653 2765 quia
673 2725 921 2765 subscripserint
944 2734 1013 2756 om.
1031 2725 1067 2756 T.
1087 2742 1122 2746 —
1150 2725 1229 2764 quia
1251 2725 1291 2755 S:
1317 2724 1387 2755 ideo
1411 2723 1490 2763 qaia
1513 2721 1698 2755 RALQO.
1725 2740 1761 2745 —
1789 2731 1875 2762 aya-

125 2775 183 2814 [i8,
207 2775 311 2807 videte
332 2783 372 2807 ne
394 2776 431 2807 L.
464 2793 498 2798 —
525 2776 577 2807 45.
603 2775 812 2807 dictatorium
835 2776 897 2815 (sc.
922 2775 1030 2806 stilum
1054 2773 1178 2812 Sullae)
1203 2776 1241 2805 S:
1273 2774 1482 2805 dictatorium
1510 2773 1657 2814 gladium
1688 2770 1820 2804 RALQ
1835 2772 1871 2803 O.

126 2824 202 2856 Vid.
221 2824 370 2866 Spengel
392 2824 413 2856 l.
432 2824 454 2856 l.
472 2834 506 2866 p.
524 2824 598 2858 466.
614 2844 648 2848 —
677 2826 728 2857 116.
747 2825 826 2865 quia
847 2833 960 2856 verum
975 2825 1015 2855 sit
1032 2823 1196 2857 Halmius.
1217 2842 1251 2846 —
1281 2824 1331 2855 48.
1356 2833 1421 2854 non
1445 2831 1513 2855 om.
1533 2823 1569 2854 T.
1590 2840 1626 2845 —
1653 2823 1704 2854 49.
1723 2822 1876 2862 quemad-

125 2875 257 2906 modum
279 2875 403 2906 dederit
425 2883 494 2906 om.
514 2875 584 2906 ST.
605 2892 638 2896 —
666 2875 800 2914 aliquod
823 2883 892 2906 om.
912 2875 955 2911 T;
981 2874 1107 2912 aliquid
1130 2876 1208 2915 post
1223 2883 1255 2904 v.
1275 2873 1418 2905 Cluentio
1442 2872 1549 2903 habet
1564 2874 1596 2904 S.
1618 2888 1653 2894 —
1680 2872 1732 2903 20.
1759 2872 1873 2903 bonum

125 2924 234 2956 virum
256 2924 337 2956 ST:
370 2924 479 2955 viram
509 2923 626 2955 bonum
658 2925 683 2956 R
697 2927 721 2956 Α
736 2926 759 2956 L
773 2924 794 2958 ΣΞ
808 2925 844 2956 Ο.
875 2942 908 2946 —
946 2925 998 2955 22.
1025 2924 1253 2955 auctoritatem
1276 2932 1447 2954 censorum
1469 2923 1658 2962 amplexato
1680 2923 1876 2953 Priscianus

128 2973 212 3005 vul.
237 2974 275 3013 5,
300 2973 354 3005 26.
383 2991 418 2994 —
443 2974 624 3004 censoriam
647 2975 667 3004 S
681 2975 704 3005 T
718 2975 740 3005 F
754 2975 802 3005 A:
828 2983 997 3006 censorum
1021 2975 1088 3005 ML
1103 2972 1122 3006 (ἐ
1136 2974 1173 3005 O.
1195 2991 1230 2995 —
1255 2973 1307 3004 23.
1334 2972 1544 3011 ampl-arator
1566 2973 1668 3004 STM
1682 2973 1707 3003 A
1722 2973 1745 3003 L
1759 2972 1875 3011 (Lam-

129 3020 210 3054 bino
232 3022 351 3062 invito)
375 3020 408 3055 53.
440 3023 488 3055 Cf.
516 3023 723 3063 Madvigium
748 3024 863 3063 Opusc.
890 3025 928 3055 ΙΙ.
954 3032 988 3064 p.
1013 3022 1087 3055 ⁶22¹.
1118 3041 1151 3044 —
1183 3023 1390 3054 coniunctam
1412 3031 1486 3053 cum
1514 3030 1551 3053 re
1580 3031 1647 3054 esse
1670 3023 1708 3055 S;
1739 3021 1876 3052 coniun-

129 3074 217 3103 ctum
245 3081 310 3104 esse
340 3081 414 3104 cam
440 3081 476 3105 re
502 3073 537 3104 T.
575 3092 608 3095 —
646 3072 699 3105 24.
733 3074 831 3115 Dum]
863 3082 937 3104 carn
969 3074 1085 3104 FMA.
1119 3091 1153 3096 —
1186 3073 1239 3104 25.
1272 3080 1375 3103 manu
1404 3080 1465 3102 sua
1495 3071 1574 3102 ST:
1608 3071 1658 3102 sui
1688 3071 1752 3101 ΒΑ
1767 3067 1874 3101 Leo,

136 3138 169 3142 —
195 3121 374 3154 iudicatum
397 3123 467 3155 ST.
496 3141 530 3145 —
556 3122 609 3155 ⁶26.
635 3124 800 3155 curaverit
824 3124 902 3154 ST:
926 3123 1054 3154 curarit
1077 3124 1097 3154 F
1112 3123 1143 3154 M
1155 3124 1218 3153 AL
1234 3121 1253 3153 δὲ
1268 3122 1303 3153 O.
1333 3140 1368 3144 —
1393 3122 1446 3154 27.
1471 3121 1504 3152 id
1528 3129 1596 3152 om.
1623 3121 1658 3151 T.
1686 3137 1719 3140 —
1747 3119 1799 3150 28.
1824 3127 1878 3149 ne—

131 3170 255 3201 caverit
282 3171 393 3203 STL:
429 3172 555 3204 necarit
585 3170 734 3204 RAQO.
770 3191 804 3195 —-
841 3173 893 3204 29.
919 3172 1084 3203 curaverit
1114 3173 1189 3203 SL:
1226 3172 1356 3203 curavit
1384 3172 1426 3210 T;
1462 3171 1590 3203 curarit
1621 3171 1642 3201 1³
1656 3170 1687 3201 M
1700 3166 1810 3201 Asso.
1839 3187 1874 3191 —

133 3218 186 3250 30.
212 3218 377 3252 abortione
399 3220 510 3255 SLss:
530 3222 662 3261 potione
684 3222 708 3253 T
722 3223 743 3253 F
757 3222 878 3254 ΜΑΟ.
901 3239 936 3243 --
962 3221 1014 3253 34.
1039 3229 1159 3253 uxores
1182 3221 1257 3252 ST:
1284 3229 1423 3252 umorem
1444 3221 1510 3253 ΒΑ
1524 3217 1579 3252 1.ss
1594 3220 1630 3251 O.
1661 3237 1694 3241 —-
1721 3219 1797 3257 uno]
1820 3218 1879 3249 hoc

136 3267 205 3299 ΡΑ.
233 3286 268 3291 ——-
294 3269 346 3302 33.
367 3272 515 3313 privigni
538 3272 581 3303 M.
602 3289 636 3294 —-
664 3271 743 3303 dare
764 3271 855 3304 vellet
879 3272 899 3302 S
913 3272 955 3306 T:
982 3274 1151 3311 quaereret
1173 3271 1198 3302 R
1212 3272 1238 3302 A
1252 3272 1275 3302 L
1289 3268 1308 3302 Q
1323 3270 1359 3303 O.
1382 3288 1416 3293 --
1442 3270 1653 3311 deprehensus
1675 3268 1716 3299 sit
1739 3268 1813 3299 ST:
1840 3268 1880 3298 sit

135 3317 345 3358 deprehensus
366 3320 431 3353 RA
442 3321 467 3353 L
480 3318 501 3354 Β
517 3320 554 3353 Ο.

193 3378 310 3412 Cicnno
332 3379 364 3411 T.
376 3379 413 3410 11.
1546 3381 1598 3422 37
