2143 3713
728 246 822 285 cn».
855 247 940 286 vu.
981 245 1053 298 §§.
1092 242 1278 286 12-14.
1796 242 1875 284 τοῦ

134 358 404 405 voluerimus,
437 370 619 398 summae
642 357 761 396 nobis
783 358 1037 397 crudelitatis
1061 359 1102 397 iu
1125 355 1282 410 patriae
1306 355 1540 408 civiumque
1563 355 1746 408 pernicie
1769 354 1876 394 fama

131 420 343 460 subeunda
374 425 448 459 est.
508 417 572 458 rl3.
605 419 691 458 Nisi
724 432 818 458 vero
850 420 1026 472 cuipiam
1049 419 1093 458 L.
1117 419 1288 464 Caesar,
1320 417 1382 455 vir
1403 417 1652 457 fortissimus
1675 423 1715 456 et
1736 430 1876 457 aman-

132 482 313 522 tissimus
354 483 411 521 rei
450 481 660 534 publicae,
707 480 915 520 crudelior
957 481 1104 520 nudius
1146 479 1292 519 tertius
1335 479 1446 518 visus
1480 484 1561 525 est,
1604 492 1694 518 cum
1725 478 1877 518 sororis

129 556 248 590 suae,
279 542 456 582 feminae
486 542 762 588 lectissimae,
805 543 937 582 virum
969 546 1228 596 praesentem
1262 545 1301 579 et
1332 539 1568 579 audientem
1601 539 1685 579 vita
1714 538 1877 592 privan-

130 604 227 643 dum
267 617 357 643 esse
401 605 528 651 dixit,
567 617 658 643 cum
698 618 819 643 avum
862 618 977 644 suum
1010 604 1125 643 iussu
1158 602 1339 641 consulis
1370 601 1630 641 interfectum
1661 599 1910 653 filiumque5

130 667 219 706 eius
250 667 530 720 impuberem,
563 665 741 718 legatum
775 680 796 705 a
827 672 941 719 patre
965 666 1156 712 missum,
1189 665 1229 703 in
1253 676 1416 702 carcere
1438 669 1627 703 necatum
1650 676 1740 702 esse
1761 662 1877 701 dixit.

131 727 317 776 Quorum
350 729 460 781 quod
493 727 626 767 simile
657 728 839 767 factum?
882 728 990 781 quod
1025 728 1168 766 initum
1201 724 1403 764 delendae
1435 725 1493 764 rei
1524 725 1713 778 publicae
1744 725 1879 764 consi-

132 790 261 829 lium?
307 789 557 843 Largitionis
598 789 787 829 voluntas
827 796 908 830 tum
950 791 990 829 in
1031 802 1073 828 re
1114 787 1280 841 publica
1319 791 1480 826 versata
1521 792 1581 825 est
1621 791 1661 825 et
1699 786 1878 839 partium

130 852 333 905 quaedam
365 850 587 891 contentio.
647 852 781 904 Atque
825 865 872 891 eo
916 857 1098 904 tempore
1138 849 1259 889 huius
1291 862 1392 888 avus
1425 848 1610 895 Lentuli,
1649 848 1711 887 vir
1740 848 1880 887 claris-

130 913 283 961 simus,
322 918 501 953 armatus
533 912 761 952 Gracchum
793 919 854 952 est
895 917 1160 967 persecutus;
1205 911 1275 950 ille
1307 911 1428 950 etiam
1461 923 1583 963 grave
1614 916 1698 950 tum
1729 909 1878 949 vulnus
1897 923 1927 951 ιο

128 976 307 1028 accepit,
345 988 397 1014 ne
429 974 531 1028 quid
563 975 612 1014 de
645 988 801 1014 summa
834 989 874 1013 re
907 975 1070 1028 publica
1102 973 1434 1013 deminueretur:
1474 972 1542 1011 hic
1573 971 1625 1012 ad
1656 970 1880 1011 evertenda

129 1036 187 1075 rei
218 1035 409 1089 publicae
439 1035 707 1076 fundamenta
739 1037 877 1076 Gallos
909 1037 1100 1083 arcessit,
1132 1035 1301 1075 servitia
1333 1034 1532 1081 concitat,
1566 1033 1783 1074 Catilinam
1811 1046 1879 1072 vo-

130 1102 212 1145 cat,
244 1098 430 1138 attribuit
459 1112 534 1138 nos
567 1099 830 1138 trucidandos
863 1098 1042 1151 Cethego
1075 1103 1113 1137 et
1145 1103 1303 1137 ceteros
1333 1096 1444 1135 cives
1475 1094 1780 1136 interficiendos
1802 1095 1880 1135 Ga-

130 1159 266 1206 binio,
304 1160 447 1200 urbem
489 1160 819 1200 inflammandam
853 1160 1017 1206 Cassio,
1062 1165 1189 1199 totam
1220 1158 1377 1198 Italiam
1410 1157 1650 1198 vastandam
1682 1158 1880 1212 diripien-

132 1222 309 1275 damque
342 1222 553 1262 Catilinae.
601 1223 834 1263 Vereamiui
867 1235 1040 1268 cense0,
1077 1234 1128 1260 ne
1161 1222 1201 1260 in
1234 1220 1313 1259 hoc
1345 1219 1498 1259 scelere
1528 1225 1610 1259 tam
1641 1220 1810 1261 immani
1831 1231 1929 1260 acu-5

132 1283 310 1324 nefando
350 1284 472 1324 nimis
510 1285 665 1338 aliquid
707 1298 851 1325 severe
882 1284 1073 1323 statuisse
1104 1282 1353 1322 videamini:
1393 1282 1525 1321 multo
1558 1283 1687 1335 magis
1719 1288 1782 1323 est
1811 1296 1880 1322 ve-

131 1347 321 1394 rendum,
352 1359 404 1385 ne
434 1347 677 1386 remissione
709 1359 867 1400 poenae
899 1345 1087 1385 crudeles
1119 1346 1159 1384 in
1190 1345 1385 1398 patriam,
1419 1357 1542 1397 quam
1574 1357 1625 1383 ne
1659 1345 1879 1385 severitate

131 1408 499 1449 animadversionis
520 1409 643 1448 nimis
665 1408 930 1448 vehementes
953 1408 993 1447 in
1015 1407 1306 1447 acerbissimos
1326 1406 1467 1446 hostes
1489 1405 1619 1445 fuisse
1641 1406 1878 1451 videamini.

239 1471 326 1509 VII.
358 1467 422 1510 44.
455 1471 535 1510 Sed
567 1484 614 1510 ea
646 1484 749 1525 quae
782 1470 981 1517 exaudio,
1027 1476 1164 1522 patres
1204 1468 1447 1522 conscripti,
1492 1468 1754 1509 dissimulare
1796 1482 1879 1508 non

131 1547 313 1587 possum.
371 1533 581 1573 Iaciuntur
610 1534 718 1572 enim
748 1546 894 1579 voces,
927 1545 1033 1584 quae
1063 1532 1310 1584 perveniunt
1339 1530 1390 1570 ad
1421 1542 1541 1569 aures
1571 1543 1706 1578 meas,
1737 1543 1880 1571 eorum
1894 1543 1930 1571 20

132 1596 203 1649 qui
233 1596 366 1636 vereri
394 1595 611 1642 videntur,
654 1600 699 1634 ut
728 1595 900 1634 habeam
933 1594 1031 1634 satis
1062 1593 1260 1646 praesidii
1294 1594 1345 1632 ad
1377 1605 1447 1639 ea,
1489 1605 1596 1646 quae
1625 1606 1701 1632 vos
1731 1598 1882 1633 statue-

132 1658 220 1699 ritis
250 1658 454 1699 hodierno
485 1657 574 1705 die,
605 1656 885 1710 transigunda.
928 1656 1075 1696 omnia
1105 1661 1145 1695 et
1175 1655 1341 1708 provisa
1374 1659 1415 1694 et
1435 1659 1575 1708 parata
1597 1659 1638 1694 et
1658 1654 1882 1695 constituta

221 1857 250 1887 l.
276 1863 403 1886 summa
429 1853 633 1894 Babcilq
649 1863 712 1889 εκ,
740 1855 797 1894 Lg.
828 1855 875 1885 l6.
902 1854 954 1886 4⁴3.
982 1855 1033 1886 65.
1055 1871 1088 1875 —
1115 1853 1319 1885 crudelitatis
1341 1853 1363 1884 d
1387 1854 1466 1885 ante
1488 1853 1583 1893 fama
1606 1852 1724 1884 habet.
1753 1869 1786 1874 -
1810 1861 1885 1892 per-

134 1907 247 1937 niciem
271 1906 329 1945 Lg.
348 1903 400 1936 46.
430 1922 464 1926 —
492 1904 522 1934 Ξ.
548 1911 624 1934 vero
649 1912 717 1935 om.
745 1904 815 1935 Vc.
841 1921 875 1925 —
902 1904 932 1935 3.
958 1907 1003 1935 est
1023 1904 1111 1934 visus
1132 1903 1259 1941 VLO,
1284 1902 1372 1933 visus
1394 1910 1466 1933 sum
1489 1900 1510 1933 l.
1531 1919 1565 1924 —
1593 1901 1624 1934 4.
1648 1901 1789 1941 feminae
1812 1910 1882 1933 om.

133 1966 166 1988 u.
195 1975 229 1978 —-
255 1952 453 1994 lectissimae]
479 1954 528 1985 sic
551 1954 608 1993 Lg.
628 1955 668 1985 ΞΟ
696 1952 809 1985 solus:
843 1954 1065 1986 dilectissimae
1088 1962 1129 1994 p.
1156 1953 1420 1984 clementissimae
1443 1953 1503 1992 Lg.
1522 1952 1575 1984 46.
1594 1951 1652 1989 43;
1680 1951 1886 1984 electissimae

135 2007 170 2037 R.
200 2023 233 2027 —
273 2005 303 2035 5.
330 2003 404 2042 esse]
437 2006 466 2034 et
495 2011 522 2033 s.
558 2020 591 2024 —
630 2012 728 2034 arum
755 2013 848 2035 suum
877 2004 1123 2045 Bbcipqsz
1153 2003 1210 2042 Lg.
1235 2001 1288 2033 ⁶24.
1315 2002 1373 2039 65,
1405 2001 1538 2033 Schol.:
1576 2010 1675 2032 acum
1706 2001 1819 2033 RLO.
1848 2019 1883 2024 —

132 2055 298 2095 filiumque
322 2061 391 2084 om.
418 2062 445 2083 s.
473 2070 506 2074 —
535 2052 564 2083 6.
591 2053 658 2083 eius
681 2061 749 2084 om.
778 2054 807 2089 ῆς
834 2062 898 2085 esse
921 2063 948 2084 r.
976 2071 1010 2075 —
1037 2052 1198 2092 impubem
1222 2052 1279 2091 Lg.
1303 2050 1355 2083 43.
1384 2050 1535 2090 (firmant
1556 2051 1755 2091 impuberem
1778 2051 1884 2083 Prisc.

134 2103 205 2136 Vol.
227 2105 250 2135 Ι.
276 2112 309 2145 p.
327 2103 401 2134 262.
423 2105 454 2133 et
480 2102 612 2133 Probus
636 2104 718 2133 lust.
744 2112 777 2144 p.
799 2103 858 2134 ⁴20
882 2102 989 2141 Liud.)
1011 2121 1045 2124 —
1072 2101 1254 2132 necandum
1277 2101 1300 2131 B
1316 2109 1333 2131 e
1359 2102 1392 2131 et
1416 2100 1553 2141 71.agg.
1573 2100 1657 2132 dett.
1675 2118 1709 2122 -
1737 2101 1768 2131 7.
1788 2102 1885 2140 quod]

134 2154 213 2192 quid
235 2162 252 2184 r
276 2154 310 2184 et
332 2153 350 2184 8
375 2153 476 2192 Lagg.
506 2170 540 2173 —
564 2152 688 2191 factum
713 2156 756 2183 est
781 2161 811 2183 r:
836 2153 897 2192 suit
920 2153 1044 2192 factum
1068 2151 1095 2181 Υ
1120 2152 1153 2182 et
1177 2151 1195 2181 Ξ
1221 2149 1275 2181 alii
1302 2151 1401 2190 Lagg.
1431 2168 1464 2171 —
1501 2151 1653 2182 delendae
1676 2159 1745 2183 om.
1772 2159 1819 2182 ln.
1848 2166 1882 2172 —

134 2205 164 2235 8.
191 2203 269 2244 tum]
293 2212 368 2233 cum
391 2211 410 2241 g
424 2211 456 2237 r;
482 2204 608 2232 tantum
633 2201 654 2233 b
670 2203 706 2233 is
726 2202 798 2240 (sed
816 2201 837 2233 b
853 2210 867 2233 s
886 2210 954 2233 om.
976 2201 1010 2232 in
1027 2200 1263 2240 sequente).—
1291 2199 1321 2230 9.
1342 2207 1377 2229 eo
1402 2198 1424 2229 b
1440 2207 1457 2230 e
1471 2199 1478 2230 i
1493 2207 1509 2230 s
1523 2208 1552 2237 z,
1578 2200 1636 2240 Lg.
1652 2200 1683 2231 7.
1699 2200 1730 2231 9.
1750 2200 1808 2232 65:
1833 2199 1888 2230 illo

135 2252 247 2283 RLO.
267 2269 300 2273 —
327 2252 422 2282 huius
444 2259 512 2281 om.
540 2261 571 2289 ς.
600 2268 635 2273 -
662 2252 714 2281 rir
736 2252 817 2282 clar.
845 2252 868 2283 B
883 2260 900 2282 a
916 2251 936 2281 l)
951 2250 1003 2282 cd
1018 2249 1180 2289 ilmqs,
1207 2249 1226 2279 5
1250 2247 1304 2279 alii
1329 2249 1429 2288 Lagg.
1457 2248 1529 2287 (sed
1553 2248 1683 2290 aliquot
1705 2250 1807 2289 Lagg.
1825 2248 1890 2279 viri

134 2302 339 2341 clarissimi):
373 2300 455 2332 clar.
479 2300 542 2330 cir.
569 2301 592 2330 R
608 2300 680 2331 LO.
716 2319 749 2323 —
786 2300 981 2342 Gracchum]
1013 2300 1068 2330 liic
1096 2298 1186 2331 redit
1210 2307 1250 2329 w.
1280 2316 1313 2320 -
1344 2307 1467 2337 persec.
1494 2302 1538 2329 est
1564 2299 1588 2330 C
1614 2300 1647 2330 et
1671 2299 1730 2338 Lg.
1749 2297 1807 2333 46;
1845 2300 1890 2329 est

134 2359 254 2384 consec.
281 2358 315 2381 u.
345 2368 378 2371 —
404 2349 466 2390 ille]
493 2349 543 2380 illc
566 2357 648 2380 acus
670 2350 795 2382 Lentuli
818 2351 909 2381 sstz.
937 2367 971 2372 -—
999 2350 1098 2380 etiam
1121 2357 1223 2389 grave
1247 2346 1326 2388 tum]
1351 2349 1450 2379 etiam
1474 2356 1544 2379 om.
1570 2348 1599 2379 V
1623 2349 1657 2380 et
1678 2348 1698 2378 Ξ).
1723 2347 1795 2383 alii;
1821 2350 1890 2378 tum

135 2408 204 2431 om.
233 2400 276 2437 C.
309 2400 366 2440 Lg.
393 2399 423 2431 7.
451 2399 508 2431 46:
543 2400 638 2430 etiam
670 2404 739 2431 tum
767 2410 818 2441 φη
845 2400 915 2431 dm
930 2408 956 2430 r.
986 2400 1015 2438 (e
1040 2402 1108 2429 tam
1132 2406 1178 2430 m.
1206 2398 1269 2437 pr.)
1297 2414 1330 2418 -
1367 2398 1419 2428 ll.
1446 2397 1484 2428 de
1505 2405 1635 2441 summa
1656 2407 1692 2429 re
1710 2407 1746 2437 p.
1771 2397 1830 2428 hk
1854 2399 1890 2429 et

135 2450 192 2489 Lg.
218 2448 271 2479 46.
297 2448 348 2479 53.
376 2449 426 2479 65.
455 2448 528 2487 (sed
552 2458 619 2488 rep.
646 2449 687 2480 ln:
723 2450 829 2481 ceteri
854 2459 881 2480 r.
903 2450 968 2489 p.):
1003 2450 1040 2480 de
1069 2456 1196 2479 summa
1230 2447 1277 2478 rei
1301 2456 1337 2486 p.
1365 2448 1505 2487 egrtu
1529 2448 1588 2488 Lg.
1614 2447 1674 2485 46;
1701 2448 1739 2479 de
1760 2455 1889 2478 summa

135 2499 235 2538 reip.
262 2498 418 2538 diynitate
441 2506 459 2528 a
473 2506 524 2529 m:
551 2499 589 2529 de
611 2506 740 2529 summa
763 2499 920 2539 dignitate
943 2499 990 2530 rei
1008 2508 1043 2538 p.
1064 2496 1130 2537 (vel
1146 2507 1174 2528 r.
1191 2497 1237 2537 p.)
1264 2497 1305 2527 R:
1333 2497 1369 2527 de
1393 2497 1552 2537 diynitate
1566 2505 1712 2528 summae
1728 2497 1829 2535 reip.
1848 2496 1884 2527 L.

137 2565 170 2570 -
199 2548 434 2579 diminueretur
456 2547 478 2579 b
493 2547 601 2589 edip
616 2557 650 2580 s:
676 2549 878 2580 minueretur
901 2548 1004 2580 codd.
1030 2546 1103 2579 rell.
1130 2547 1218 2584 noti,
1244 2546 1318 2577 LO.
1348 2563 1382 2567 —
1408 2545 1469 2586 hic]
1494 2546 1545 2576 hic
1568 2546 1720 2578 Lentulus
1742 2546 1766 2577 B
1781 2544 1850 2576 dm
1865 2553 1887 2584 q

136 2599 176 2629 tz
200 2598 258 2637 Lg.
277 2598 328 2629 65.
350 2615 384 2619 —-
410 2598 564 2628 vertenda
588 2598 611 2629 B
625 2606 645 2637 g
659 2599 752 2635 rtu,
779 2598 797 2628 6
822 2596 875 2628 alii
893 2599 994 2638 Lagg.
1015 2615 1049 2618 —
1078 2598 1128 2628 102.
1147 2597 1195 2627 rei
1213 2605 1248 2636 p.
1266 2596 1415 2635 fundam.
1443 2604 1461 2626 a
1475 2594 1497 2626 d
1512 2595 1568 2626 hk
1582 2605 1618 2634 z,
1647 2596 1704 2636 Lg.
1724 2595 1783 2627 65:
1809 2595 1888 2634 sun-

136 2646 225 2677 dam.
250 2647 351 2686 reip.
378 2647 489 2678 RLO.
516 2664 549 2667 —
577 2648 710 2677 arcessit
735 2655 775 2687 q:
807 2647 942 2678 accersit
965 2648 989 2678 B
1005 2648 1028 2678 C
1045 2645 1097 2677 ab
1113 2646 1166 2677 cd
1181 2654 1198 2677 e
1214 2646 1221 2676 i
1236 2647 1423 2684 rstuzg,
1450 2645 1468 2676 7
1494 2644 1548 2676 alii
1572 2645 1695 2685 Lagg.;
1722 2644 1889 2676 arcessivit

138 2696 183 2735 (L)
207 2694 262 2727 vel
286 2696 454 2727 accersivit
476 2697 513 2727 R.
542 2714 576 2717 —
602 2697 775 2727 concitavit
798 2697 873 2730 xtL.
903 2714 937 2718 —
963 2696 1089 2727 vocarit
1113 2697 1170 2735 Lg.
1196 2695 1227 2726 7.
1254 2696 1285 2725 9.
1311 2695 1372 2731 Ἡς
1409 2694 1555 2726 evocavit
1576 2694 1654 2725 VL.
1683 2711 1717 2717 —
1747 2694 1798 2725 43.
1824 2694 1887 2724 tri—

137 2744 205 2775 buit
227 2752 273 2776 m.
302 2762 337 2766 -—
362 2746 572 2778 trucidandos
595 2754 664 2777 om.
684 2747 701 2776 7
727 2747 828 2785 Lagg.
848 2746 932 2777 dett.
953 2763 987 2767 —
1015 2745 1148 2786 Cethego
1164 2762 1211 2767 --
1228 2744 1335 2783 interf.
1363 2752 1432 2775 om.
1450 2743 1473 2775 l.
1494 2760 1528 2766 —
1556 2747 1586 2775 el
1606 2743 1736 2785 ceteros]
1761 2746 1791 2774 et
1813 2751 1882 2775 om.

138 2796 164 2825 V
178 2803 256 2831 wx,
290 2795 348 2834 Lg.
373 2795 426 2827 50.
453 2797 491 2826 57
517 2798 552 2827 et
581 2795 600 2827 4
625 2795 696 2833 alii,
727 2796 802 2827 LO.
830 2812 864 2816 -
897 2796 1138 2835 interficiundos
1160 2793 1281 2835 gabino
1305 2794 1325 2824 i.
1356 2812 1389 2816 —
1423 2793 1474 2825 44.
1501 2793 1610 2825 Cassio
1633 2802 1702 2825 om.
1729 2793 1883 2825 Cabce

137 2845 329 2887 pqrstu,
355 2845 413 2883 Lg.
439 2845 490 2877 46.
516 2846 568 2877 53.
597 2846 743 2884 (habent
769 2854 808 2877 ex
834 2846 920 2877 meis
945 2844 1057 2876 dilm
1071 2846 1125 2883 W.)
1159 2861 1192 2865 -
1226 2843 1357 2874 Italiam
1380 2846 1482 2874 totam
1505 2852 1537 2875 s:
1564 2846 1666 2874 totam
1689 2851 1758 2874 om.
1783 2842 1818 2874 b.
1846 2860 1880 2865 —

139 2913 173 2917 —
201 2894 488 2934 diripiundamque
510 2895 518 2926 i
545 2896 651 2936 (dirip.
678 2896 936 2934 vastandamque
959 2894 1005 2933 d).
1035 2912 1068 2916 —
1108 2894 1158 2925 l5.
1191 2893 1349 2924 katilinae
1371 2901 1405 2923 u.
1441 2910 1475 2914 -—
1507 2893 1663 2924 veremini
1686 2892 1711 2923 Ο
1736 2901 1778 2923 ex
1802 2892 1882 2924 Ern.

138 2945 226 2977 coni.
256 2960 291 2965 —
319 2952 359 2974 ac
383 2947 450 2974 tarn
474 2945 612 2984 nefando
637 2944 658 2976 b
674 2946 796 2984 ciqs:
823 2953 863 2975 ac
885 2945 1012 2983 nefario
1027 2944 1129 2974 wa
1153 2944 1210 2983 Lg.
1232 2942 1282 2973 ΞΟ.
1300 2942 1359 2977 ⁶2⁴.
1385 2942 1409 2972 L
1424 2942 1460 2973 Ο,
1489 2959 1524 2963 ——
1551 2942 1602 2973 46.
1628 2941 1769 2973 severius
1791 2941 1883 2973 Cad

139 2993 400 3034 elmprtuz,
434 2993 491 3032 Lg.
518 2994 569 3024 46.
595 2992 648 3025 43.
674 2993 727 3026 46.
753 2994 804 3025 50.
830 2993 882 3024 53.
909 2994 961 3024 57.
989 2994 1041 3024 65.
1069 2992 1214 3031 (habent
1237 3000 1345 3023 severe
1368 3000 1409 3022 ex
1433 2992 1520 3023 meis
1544 2991 1688 3029 bisw.)
1715 3009 1749 3013 —
1782 2992 1884 3023 multo

139 3046 163 3076 C
178 3043 494 3083 abceipstug,
520 3043 576 3083 Lg.
602 3043 655 3075 46.
681 3044 739 3075 53:
766 3052 837 3074 cum
861 3044 962 3073 mutto
985 3043 1047 3073 RL
1062 3042 1098 3073 O.
1125 3059 1157 3064 -
1185 3041 1240 3079 est]
1267 3041 1316 3071 sic
1339 3040 1444 3072 iidem
1467 3041 1524 3080 qui
1548 3049 1622 3071 cum
1645 3041 1822 3078 omittunt,
1849 3042 1884 3072 et

139 3095 157 3125 5
181 3092 234 3124 alii
257 3093 377 3133 Lagg.:
408 3093 448 3122 sit
471 3093 495 3123 R
510 3093 584 3124 LO.
618 3110 652 3114 —
686 3093 737 3124 47.
760 3101 884 3132 poenae
900 3109 946 3114 —-
963 3090 1254 3122 animadversionis
1277 3098 1346 3121 om.
1373 3091 1396 3120 t.
1433 3107 1467 3112 -
1501 3089 1697 3121 crudeliores
1718 3089 1741 3120 b
1758 3090 1880 3130 iqsz,

139 3144 196 3182 Lg.
222 3142 274 3173 57.
301 3142 352 3173 65.
379 3143 413 3173 et¹
436 3141 467 3172 3.
494 3142 524 3172 6.
550 3150 603 3182 pr.
629 3151 690 3174 n].:
716 3143 859 3174 crudeles
882 3142 986 3181 maqis
1008 3141 1036 3170 Υ
1061 3141 1095 3171 et
1118 3140 1174 3179 Lg.
1202 3140 1254 3170 20.
1276 3139 1329 3170 ³21.
1359 3156 1393 3160 —-
1420 3147 1458 3169 ue
1481 3147 1550 3170 om.
1578 3140 1602 3170 C
1628 3140 1662 3170 et
1686 3139 1742 3179 Lg.
1767 3137 1822 3170 46.
1844 3157 1878 3161 —

144 3192 191 3223 18.
215 3191 392 3223 videamini
414 3190 505 3222 Bab
521 3192 626 3232 eiqs
649 3192 707 3232 Lg.
733 3192 763 3223 3.
790 3193 820 3222 6.
846 3192 898 3222 57.
925 3192 986 3222 65:
1012 3190 1184 3221 videamur
1207 3189 1318 3220 RLO.
1348 3206 1381 3210 —
1411 3188 1460 3219 19.
1487 3197 1526 3220 ea
1549 3197 1618 3219 0111.
1643 3188 1701 3228 Lg.
1729 3188 1758 3218 l.
1777 3187 1808 3218 8.
1826 3186 1879 3219 24.

140 3242 175 3271 et
197 3241 233 3271 L.
261 3257 294 3261 —
320 3240 372 3271 20.
395 3249 565 3281 possumus
588 3241 608 3271 i.
636 3259 670 3263 —
710 3242 876 3273 iactantur
907 3239 1176 3271 ilmrwaL.
1214 3256 1246 3260 —
1284 3239 1370 3270 enim
1392 3246 1462 3269 om.
1488 3236 1509 3268 l.
1537 3255 1570 3259 —
1609 3238 1661 3268 2¹.
1686 3236 1731 3277 ut]
1756 3245 1796 3268 ne
1816 3246 1882 3268 non

140 3289 234 3320 bis:
267 3290 353 3328 quod
380 3299 441 3321 non
465 3290 575 3329 qu,
602 3290 659 3330 Lg.
686 3290 717 3321 3.
744 3292 776 3322 6.
802 3291 854 3321 65.
882 3291 933 3329 (ut
956 3288 1084 3326 Sobel.)
1120 3307 1153 3312 —
1186 3289 1238 3320 227..
1263 3288 1421 3320 hodierna
1450 3287 1567 3319 birs.
1597 3305 1631 3309 —-
1668 3286 1882 3327 transiyeuda

141 3337 224 3370 dlw
248 3341 283 3371 et
304 3348 327 3371 u
349 3348 401 3382 pr.
427 3348 473 3372 m.
501 3348 542 3371 ex
565 3340 671 3380 meis,
698 3341 733 3372 L.
760 3340 814 3379 (de
838 3341 940 3381 Lagg.
966 3338 1048 3371 nihil
1073 3338 1231 3376 constat.)
1258 3355 1291 3360 -—-
1318 3341 1348 3370 et
1366 3337 1476 3378 prom]
1499 3340 1528 3369 et
1551 3345 1619 3369 om.
1638 3334 1795 3368 lewz
1819 3336 1875 3377 Lg.
