2143 3713
693 216 789 257 CAP.
817 215 1077 257 xiv-xv.
1112 212 1185 268 §§·
1215 210 1407 253 38-43,
1816 207 1895 249 493

155 347 229 374 nos
270 333 334 372 usi
374 344 536 377 sumus,
573 328 816 369 constituta:
858 341 906 367 ea
951 327 984 366 si
1024 327 1129 366 nihil
1167 326 1277 365 valet
1313 330 1381 364 aut
1419 324 1451 363 si
1481 324 1531 363 ad
1561 323 1667 363 hanc
1697 336 1783 362 rem
1812 335 1897 362 non

156 395 346 448 pertinet,
377 393 476 447 quid
506 390 777 444 negligentius
808 395 879 428 aut
910 390 1012 443 quid
1043 389 1206 429 stultius
1228 386 1451 427 maioribus
1472 387 1624 425 nostris
1647 385 1727 424 dici
1748 389 1897 437 potest,

156 458 225 510 qui
257 462 326 496 aut
355 461 489 495 tantae
519 453 577 493 rei
607 451 956 505 praetermiserint
986 452 1187 491 actionem
1218 454 1288 489 aut
1319 460 1408 487 eam
1439 447 1750 494 constituerint,
1791 459 1897 501 quae

155 531 417 572 nequaquam
447 516 544 555 satis
574 514 709 553 verbis
740 526 904 552 causam
936 519 976 553 et
1006 513 1207 553 rationem
1237 511 1336 550 iuris
1359 509 1699 563 amplecteretur?
1730 510 1817 550 Hoc
1839 515 1899 549 est

156 580 448 634 periculosum,
480 575 647 616 dissolvi
677 574 755 615 hoc
787 575 1064 620 interdictum,
1095 580 1157 614 est
1187 572 1415 626 captiosum
1447 571 1636 611 omnibus
1666 584 1751 610 rem
1773 571 1930 610 ullam5

164 643 356 683 constitui
388 640 476 680 eius
507 637 631 683 modi,
663 650 781 690 quae,
813 651 904 676 cum
935 638 1058 677 armis
1087 643 1201 689 gesta
1231 636 1295 681 sit,
1326 633 1504 674 rescindi
1535 634 1623 673 iure
1644 646 1727 672 non
1749 633 1899 685 possit:

158 718 298 745 verum
327 708 462 742 tamen
493 699 595 739 illud
626 704 689 739 est
718 699 1024 751 turpissimum,
1055 703 1193 738 tantae
1224 697 1423 736 stultitiae
1451 695 1796 748 prudentissimos
1826 694 1902 734 ho—

159 768 287 806 mines
319 762 598 809 condemnari,
628 766 674 800 ut
703 775 775 800 vos
806 761 998 801 iudicetis
1027 761 1150 801 huius
1179 760 1238 799 rei
1268 760 1329 799 ius
1356 763 1480 812 atque
1501 758 1704 798 actionem
1725 757 1768 796 in
1788 770 1902 796 men-

159 834 237 868 tem
269 825 490 866 maioribus
520 825 674 863 nostris
704 836 788 862 non
817 823 994 863 venisse.

276 885 341 927 41.
387 886 639 934 Queramur,
680 884 833 937 iuquit,
871 885 988 931 licet,
1027 889 1163 924 tamen
1203 883 1280 923 hoc
1318 882 1536 923 interdicto
1577 882 1778 922 Aebutius
1818 895 1901 922 non
1917 896 1951 924 -to

158 956 327 991 tenetur.
373 948 482 996 Quid
512 948 596 987 ita?
643 946 763 994 Quod
796 948 856 986 vis
880 947 1080 987 Caecinae
1111 946 1218 985 facta
1248 959 1332 985 non
1363 951 1438 985 est.
1482 944 1570 984 Dici
1601 945 1643 983 in
1673 945 1750 984 hac
1781 958 1903 984 causa

156 1019 310 1067 potest,
352 1011 421 1051 ubi
453 1023 566 1057 arma
595 1009 769 1055 suerint,
809 1009 877 1048 ubi
909 1014 1047 1049 coacta
1085 1009 1300 1048 hominum
1331 1006 1574 1054 multitudo,
1615 1007 1686 1046 ubi
1716 1008 1903 1046 instructi

157 1081 198 1115 et
228 1075 347 1115 certis
378 1073 478 1113 locis
508 1086 602 1111 cum
631 1072 740 1111 ferro
771 1072 958 1111 homines
990 1070 1192 1116 collocati,
1223 1070 1293 1109 ubi
1324 1070 1474 1117 minae,
1504 1069 1689 1122 pericula
1709 1075 1905 1109 terrores-

157 1151 236 1192 que
267 1136 430 1181 mortis,
460 1135 518 1174 ibi
549 1135 631 1173 vim
662 1147 745 1173 non
774 1133 930 1173 fuisse?
988 1135 1142 1179 Nemo,
1172 1133 1330 1185 inquit,
1363 1132 1522 1171 occisus
1553 1136 1616 1171 est
1645 1145 1781 1185 neque
1812 1145 1906 1171 sau-

157 1201 255 1240 cius.
325 1198 434 1246 Quid
476 1197 564 1236 ais?
614 1209 706 1236 cum
749 1197 800 1235 de
841 1195 1119 1249 possessionis
1160 1195 1440 1234 controversia
1480 1198 1520 1233 et
1560 1194 1610 1233 de
1650 1195 1954 1246 privatorum&

155 1262 369 1302 hominum
400 1259 663 1300 contentione
694 1259 793 1298 iuris
824 1258 1071 1311 loquamur,
1103 1262 1147 1296 tu
1178 1257 1260 1296 vim
1290 1256 1460 1309 negabis
1490 1255 1659 1303 factam,
1692 1256 1724 1296 si
1757 1256 1904 1296 caedes

157 1330 196 1364 et
227 1323 378 1364 occisio
407 1322 515 1362 facta
543 1334 628 1361 non
660 1321 763 1360 erit?
807 1322 894 1373 Ego
926 1319 1133 1359 exercitus
1164 1319 1520 1371 maximos'saepe
1551 1318 1692 1371 pulsos
1723 1324 1763 1358 et
1790 1318 1907 1371 fuga·-

158 1390 221 1425 tos
253 1398 343 1425 esse
374 1384 466 1424 dico
496 1390 651 1424 terrore
682 1383 774 1435 ipso
805 1383 1044 1435 impetuque
1075 1380 1270 1428 hostium,
1301 1381 1390 1420 sine
1412 1380 1658 1434 cuiusquam
1678 1393 1764 1419 non
1784 1380 1905 1420 modo

158 1454 311 1494 morte,
349 1460 494 1487 verum
524 1446 648 1486 etiam
677 1445 863 1485 vulnere.
921 1444 1010 1483 XV.
1055 1441 1120 1482 42.
1150 1443 1335 1490 Etenim,
1375 1448 1711 1496 recuperatores,
1742 1455 1826 1482 non
1858 1455 1907 1482 ea

159 1510 245 1550 sola
273 1509 335 1550 vis
365 1514 440 1556 est,
471 1521 577 1562 quae
608 1507 658 1547 ad
689 1521 838 1560 corpus
868 1512 1054 1546 nostrum
1075 1505 1286 1558 vitamque
1308 1506 1508 1557 pervenit,
1539 1505 1611 1544 sed
1633 1505 1757 1545 etiam
1777 1504 1906 1545 multo
1918 1518 1955 1547 20

158 1571 289 1612 maior
323 1585 393 1618 ea,
441 1584 549 1624 quae
588 1570 771 1623 periculo
813 1569 957 1610 mortis
995 1568 1147 1608 iniecto
1179 1567 1399 1607 formidine
1429 1567 1612 1608 animum
1642 1567 1906 1620 perterritum

159 1634 252 1674 loco
292 1647 415 1686 saepe
453 1638 494 1672 et
532 1637 641 1672 certo
684 1632 735 1671 de
774 1636 878 1672 statu
921 1631 1125 1670 demovet.
1184 1630 1330 1682 Itaque
1370 1630 1496 1669 saucii
1536 1642 1660 1682 saepe
1702 1629 1906 1681 homines,

161 1709 254 1735 cum
285 1707 457 1747 corpore
488 1694 768 1741 debilitantur,
800 1693 937 1733 animo
958 1698 1095 1733 tamen
1114 1705 1199 1732 non
1221 1692 1373 1732 cedunt
1392 1705 1529 1745 neque
1551 1705 1645 1732 eum
1664 1691 1910 1745 relinquunt

162 1757 312 1804 locum,
344 1770 467 1810 quem
498 1761 729 1797 statuerunt
759 1755 1002 1802 defendere3
1035 1760 1075 1795 at
1103 1754 1175 1794 alii
1204 1754 1414 1807 pelluntur
1442 1754 1612 1807 integri:
1644 1759 1691 1793 ut
1718 1767 1804 1793 non
1834 1753 1909 1792 du·

161 1819 276 1858 bium
316 1820 389 1865 sit,
429 1820 530 1872 quin
570 1819 701 1858 maior
737 1817 920 1858 adhibita
957 1818 1019 1857 vis
1050 1817 1088 1856 ei
1119 1818 1190 1863 sit,
1233 1816 1349 1855 cuius
1379 1816 1542 1856 animus
1573 1816 1626 1856 sit
1655 1816 1959 1868 perterritus,25

166 1895 291 1935 quam
322 1882 404 1929 illi,
436 1882 552 1921 cuius
582 1895 731 1934 corpus
761 1881 1021 1921 vulneratum
1052 1880 1115 1919 sit.
1174 1876 1239 1917 43.
1271 1878 1394 1926 Quod
1426 1879 1459 1918 si
1490 1879 1530 1917 vi
1560 1878 1703 1931 pulsos
1735 1878 1910 1917 dicimus

166 1945 371 1983 exercitus
404 1957 493 1983 esse
525 1957 610 1990 eos,
643 1944 714 1996 qui
745 1948 854 1983 metu
885 1957 931 1982 ac
962 1941 1074 1982 tenui
1103 1954 1225 1994 saepe
1249 1941 1487 1993 suspicione
1510 1941 1684 1994 periculi
1702 1940 1910 1993 fugerunt,

166 2011 207 2045 et
236 2007 269 2044 si
299 2019 382 2045 non
413 2006 547 2045 solum
578 2006 757 2059 impulsu
789 2010 998 2045 scutorum
1028 2017 1164 2057 neque
1196 2003 1389 2042 conflictu
1419 2016 1635 2056 corporum
1667 2016 1806 2056 neque
1827 2002 1911 2041 ictu

166 2068 391 2107 comminus
421 2082 559 2121 neque
591 2068 845 2107 coniectione
877 2068 1073 2111 telorum,
1115 2065 1188 2104 sed
1231 2078 1354 2118 saepe
1395 2065 1573 2105 clamore
1614 2066 1704 2119 ipso
1734 2066 1911 2106 militum

165 2135 233 2170 aut
271 2130 541 2169 instructione
580 2129 864 2182 adspectuque
905 2129 1115 2181 signorum
1156 2139 1323 2178 magnas
1368 2127 1507 2180 copias
1551 2128 1689 2180 pulsas
1735 2143 1825 2168 esse
1871 2133 1959 2169 et30

168 2192 345 2232 vidimus
377 2198 416 2231 et
445 2191 700 2231 audivimus:
738 2204 843 2244 quae
873 2191 936 2230 vis
967 2191 1010 2229 in
1040 2189 1150 2229 bello
1181 2188 1430 2241 appellatur,
1462 2202 1510 2229 ea
1540 2190 1582 2229 in
1613 2191 1697 2230 otio
1727 2204 1811 2230 non
1840 2203 1911 2244 ap-

251 2335 281 2366 4.
308 2337 365 2365 aut
388 2335 414 2365 si
438 2334 490 2375 ad]
518 2337 545 2365 et
568 2333 594 2365 si
617 2337 646 2365 et
669 2334 704 2365 T.
732 2351 766 2355 —
793 2334 824 2365 ⁶2.
852 2333 924 2373 dici]
951 2333 1031 2364 deici
1054 2334 1088 2364 P.
1117 2349 1153 2355 -
1179 2331 1209 2364 4.
1236 2332 1490 2371 amplecteretur
1512 2333 1548 2364 T.
1576 2351 1612 2356 —
1636 2334 1694 2365 hoc
1717 2338 1762 2366 est
1778 2335 1913 2374 pericu-

165 2384 267 2415 losum
289 2386 330 2415 P:
358 2384 576 2424 periculosum
599 2383 791 2424 (periculum
815 2383 851 2421 G)
878 2387 920 2415 est
944 2384 968 2415 R
982 2384 1008 2414 A
1022 2384 1044 2414 L
1060 2380 1079 2414 Q
1093 2383 1130 2413 O.
1152 2400 1187 2404 —
1206 2383 1237 2413 5.
1264 2385 1308 2414 est
1330 2383 1511 2422 captiosum
1534 2381 1563 2415 ³21
1587 2383 1738 2424 (praeter
1761 2385 1786 2415 G
1802 2383 1837 2425 β)
1861 2386 1911 2416 Α;

164 2434 345 2474 captiosum
369 2435 447 2471 (om.
467 2433 524 2474 est)
548 2432 591 2471 „32
619 2433 684 2474 [est]
709 2434 889 2473 captiosum
904 2433 948 2471 Ο;
975 2433 1154 2472 captiosum
1177 2436 1222 2463 est
1238 2433 1275 2470 G,
1300 2431 1436 2471 Aldina,
1466 2434 1488 2464 L
1507 2431 1539 2465 Q.
1561 2450 1595 2454 —
1615 2433 1645 2464 7.
1672 2434 1751 2465 illud
1773 2438 1819 2466 est
1840 2438 1914 2466 tur-

160 2484 330 2523 pissimum
360 2483 384 2514 E
401 2483 440 2514 T:
477 2487 522 2515 est
548 2484 771 2523 turpissimum
796 2483 876 2514 ¹illud
903 2484 927 2514 R
958 2483 1073 2523 (etiam
1100 2484 1136 2521 P,
1163 2482 1192 2514 si
1218 2482 1304 2514 fides
1334 2484 1387 2514 est
1413 2483 1562 2522 Peyroni
1589 2481 1735 2522 silentio)
1760 2482 1910 2516 ALQO,

167 2550 202 2554 —
228 2533 258 2564 8.
287 2531 347 2564 «al.
372 2533 605 2565 condemnare»
631 2542 700 2574 mg.
727 2531 759 2565 Q.
788 2551 823 2555 —
847 2533 896 2564 rei
918 2534 968 2563 ius
990 2536 1088 2572 atque
1110 2533 1271 2563 actionem
1293 2533 1318 2564 E
1336 2533 1378 2563 T:
1414 2533 1462 2564 rei
1493 2536 1591 2572 atque
1613 2534 1773 2564 actionem
1796 2535 1822 2565 G
1840 2543 1859 2565 a
1876 2542 1913 2566 m

163 2584 298 2623 pqta;
324 2583 372 2613 rei
394 2583 462 2613 uim
485 2586 582 2622 atque
605 2583 766 2614 actionem
787 2583 827 2619 k;
854 2583 902 2613 rei
925 2583 1133 2614 interdictum
1156 2585 1254 2621 atque
1277 2582 1437 2614 actionem
1460 2584 1484 2614 P
1514 2583 1552 2622 (si
1576 2581 1664 2613 fides
1688 2584 1741 2614 est.
1763 2584 1913 2623 Peyroni

164 2629 308 2670 silentio)
335 2630 601 2670 ebssetALQ;
630 2632 725 2663 huius
747 2632 794 2663 rei
817 2635 915 2670 atque
937 2631 1074 2663 actionis
1097 2640 1178 2663 cum
1202 2632 1256 2664 ed.
1282 2633 1414 2665 Veneta
1438 2642 1469 2665 a.
1496 2632 1591 2665 4472.
1618 2633 1656 2664 Ο.
1683 2632 1732 2664 Cf.
1752 2631 1783 2673 ἓ.
1802 2632 1854 2664 32.
1873 2650 1909 2655 —-

165 2680 216 2712 40.
243 2689 444 2720 quaeramur
460 2682 496 2713 T.
517 2700 552 2704 —
572 2682 625 2713 Μ.
652 2682 744 2721 Quod
764 2680 823 2722 vis]
851 2681 936 2720 Quia
958 2681 1006 2712 vis
1028 2682 1052 2712 L
1065 2679 1097 2713 (3.
1117 2698 1153 2703 -
1173 2682 1225 2714 42.
1251 2682 1365 2714 Malim
1380 2683 1523 2722 fuerunt.
1550 2682 1600 2714 Cf.
1617 2690 1690 2713 var.
1709 2680 1787 2713 lect.
1805 2690 1838 2713 v.
1857 2681 1911 2714 24.

167 2747 202 2751 —
217 2729 269 2762 44.
294 2729 348 2771 ibi]
372 2729 427 2761 ubi
450 2739 469 2762 a
483 2729 578 2769 tsset
590 2732 629 2762 Α.
647 2749 681 2754 -
700 2731 868 2762 sauciatus
884 2730 1074 2762 Ernestius.
1103 2730 1209 2762 «Nihil
1234 2740 1331 2772 opus.
1358 2734 1412 2765 Sic
1436 2733 1545 2764 multis
1565 2732 1687 2764 civibus
1708 2740 1751 2762 ex
1772 2734 1914 2770 utraque

160 2783 258 2819 parte
276 2777 418 2819 sauciis,
453 2781 562 2811 multis
593 2782 704 2812 occisis
726 2781 834 2812 Varro
858 2789 913 2821 ap.
939 2779 1087 2811 Nonium
1111 2788 1144 2820 p.
1171 2780 1244 2812 398.
1270 2783 1397 2814 Mero.»
1433 2784 1491 2814 On.
1519 2800 1554 2805 —
1581 2781 1632 2813 46.
1656 2781 1780 2821 factam
1802 2781 1827 2812 E
1845 2782 1870 2812 T
1887 2783 1914 2813 G

166 2829 334 2870 aekmp
349 2828 468 2869 qtae
483 2831 573 2861 etA:
605 2839 669 2862 esse
695 2831 819 2871 factam
842 2829 864 2861 b
880 2827 984 2861 etLQ
999 2829 1035 2860 O.
1073 2829 1123 2861 Cf.
1148 2829 1178 2869 S.
1205 2830 1258 2863 44.
1285 2830 1337 2863 49.
1366 2850 1402 2855 -
1428 2833 1480 2864 17.
1506 2835 1535 2864 et
1565 2832 1680 2863 occisio
1703 2835 1732 2863 et
1753 2832 1915 2863 eaeercitus

166 2879 332 2910 mazimus
351 2879 443 2919 facta
465 2890 530 2912 'non
553 2881 639 2912 erit?
667 2882 769 2921 Saepe
788 2881 898 2921 pulsos
920 2881 962 2917 E:
1000 2883 1028 2911 et
1051 2881 1166 2911 occisio
1198 2881 1360 2912 eremitas
1386 2882 1552 2913 inarimos
1578 2882 1669 2921 facta
1690 2890 1755 2912 ¹non
1778 2882 1840 2912 erit
1859 2889 1915 2920 spe

167 2936 225 2958 uos
242 2928 354 2967 pulsos
376 2930 419 2967 T;
456 2934 485 2961 et
508 2940 573 2962 occ.
597 2931 688 2971 facta
712 2941 775 2963 non
798 2932 859 2962 erit
883 2934 912 2962 et
936 2929 1006 2970 (eqo
1031 2939 1120 2961 corr.
1147 2930 1169 2970 t)
1199 2932 1361 2962 emercitus
1384 2932 1550 2962 maximus
1579 2931 1752 2970 (maximos
1775 2931 1915 2961 akma

170 2978 204 3008 et
226 2985 314 3009 corr.
341 2978 398 3018 qt)
429 2987 524 3020 saepe
551 2981 660 3020 pulsos
689 2981 1004 3021 Gaekmpqta.
1040 2997 1074 3002 -
1111 2982 1139 3010 et
1166 2981 1324 3020 effugatos
1353 2981 1390 3012 E.
1420 2998 1456 3003 —
1482 2981 1534 3012 49.
1566 2981 1916 3012 Etenim--demovet

172 3026 306 3063 Quintil.
331 3027 401 3059 VII.
427 3028 458 3066 3,
486 3030 536 3061 Π.
555 3048 590 3052 -
606 3031 840 3070 reciperatores
855 3030 880 3061 E
905 3031 938 3060 et
955 3027 1149 3066 Quintiliani
1167 3028 1307 3060 codices
1324 3029 1460 3070 optimi,
1485 3029 1554 3060 vid.
1572 3030 1720 3070 Zumptii
1735 3027 1912 3070 Supplem.

172 3074 226 3107 ed.
252 3075 364 3117 Spald.
389 3086 422 3118 p.
449 3078 522 3110 366.
555 3078 603 3110 Cf.
631 3079 660 3119 g.
687 3080 716 3111 6.
737 3097 771 3101 —
798 3080 867 3111 sola
891 3088 930 3110 ea
955 3079 991 3109 T.
1020 3095 1055 3099 —-
1080 3078 1133 3108 Ἣ.
1159 3076 1285 3118 iniecto]
1312 3078 1419 3109 «Fort.
1446 3078 1556 3109 illato»
1581 3087 1651 3118 mg.
1678 3076 1709 3110 Q.
1736 3095 1771 3099 —
1798 3078 1850 3109 22.
1878 3078 1916 3108 de

172 3132 242 3155 om.
267 3125 502 3162 Quintilianus.
529 3127 579 3159 Cf.
605 3127 635 3168 S.
661 3127 714 3160 49.
731 3146 766 3150 -
780 3132 887 3159 stratu
909 3129 945 3159 T.
962 3145 996 3149 -
1013 3128 1156 3158 demovet
1179 3126 1416 3165 Quintilianus,
1442 3128 1467 3159 E
1480 3128 1516 3166 T,
1542 3129 1566 3159 L
1579 3125 1599 3160 Q
1612 3128 1654 3158 O:
1681 3127 1821 3158 dimanet
1835 3128 1861 3158 R
1874 3128 1913 3159 A.

175 3189 209 3194 —-
235 3182 305 3212 sepe
333 3175 368 3206 T.
397 3193 429 3200 -
459 3177 512 3208 23.
546 3177 725 3217 relinquent
748 3179 1021 3218 ETGaepqt.
1049 3194 1086 3199 —-
1111 3175 1164 3208 ⁶24.
1198 3179 1381 3207 statuerunt
1408 3176 1433 3208 E
1459 3176 1512 3217 (de
1538 3178 1562 3209 T
1586 3175 1782 3208 Harlessius
1806 3175 1912 3216 silet):

174 3223 343 3254 statuerint
371 3224 507 3258 RALQ
522 3227 559 3258 O.
589 3244 624 3249 —-
649 3228 701 3259 27.
726 3236 791 3259 esse
815 3236 883 3259 om.
910 3227 946 3258 T.
967 3245 1001 3249 —
1028 3227 1080 3258 ς28.
1105 3227 1131 3256 εἰ
1155 3234 1224 3257 om.
1250 3226 1286 3257 T.
1304 3244 1339 3248 —
1358 3225 1409 3256 29.
1435 3227 1615 3258 comminus
1638 3222 1746 3257 ELQ:
1771 3225 1916 3256 cominus

175 3270 201 3301 R
225 3270 278 3310 (de
301 3273 325 3304 T
345 3274 539 3307 Harlessius
564 3275 650 3315 silet)
666 3278 693 3308 A
708 3277 745 3309 O.
764 3295 799 3300 —
814 3277 1045 3309 coniectatione
1060 3276 1096 3308 T.
1113 3292 1147 3298 —
1163 3275 1217 3307 30.
1236 3279 1431 3316 aspectuque
1445 3276 1482 3309 E.
1500 3294 1535 3299 -
1551 3276 1603 3308 3⁴.
1623 3283 1706 3315 quae
1726 3274 1834 3306 vis—-
1849 3285 1914 3307 non

174 3320 390 3359 appellabitur
412 3324 548 3363 Quintil.
571 3326 642 3358 VII.
667 3326 699 3369 3,
724 3326 777 3360 29.
805 3345 841 3351 -
865 3327 934 3359 ocio
957 3326 993 3358 T.
