2143 3713
539 220 624 261 Lm.
656 218 703 260 v.
745 217 840 259 en».
871 217 1119 260 xux-L.
1163 217 1236 272 §S-
1267 216 1516 261 ies-431.
1821 217 1902 259 423

161 334 343 382 verbera,
374 347 426 374 ne
457 345 634 379 secures,
664 343 716 370 ne
747 330 951 370 cruciatus
982 331 1201 378 sociorum,
1234 343 1283 370 ne
1314 331 1482 382 sanguis
1513 332 1818 379 innocentium,
1849 345 1902 371 ne

162 395 342 449 denique
374 396 495 436 etiam
526 392 751 445 exsanguia
782 404 957 444 corpora
994 398 1273 440 mortuorum,
1313 406 1365 433 ne
1403 406 1564 432 maeror
1601 400 1817 446 parentum
1855 406 1902 433 ac

159 459 486 512 propinquorum
527 453 832 507 magistratibus
871 455 1021 494 nostris
1052 455 1244 508 quaestui
1275 460 1416 507 posset
1445 468 1549 494 esse.
1608 456 1728 495 Hunc
1760 469 1836 509 ego
1868 456 1902 495 si

161 527 313 561 metum
337 520 498 560 Siciliae
528 516 788 558 damnatione
819 515 939 556 istius
970 531 1044 570 per
1073 522 1249 556 vestram
1282 514 1403 556 fidem
1435 521 1475 556 et
1504 517 1764 556 severitatem
1792 517 1903 557 deie-

160 596 278 629 cero,
322 582 496 628 iudices,
534 579 632 620 satis
663 575 799 617 officio
834 592 943 625 meo,
985 579 1082 619 satis
1112 578 1277 619 illorum
1308 579 1532 626 voluntati,
1573 578 1643 632 qui
1675 592 1698 618 a
1728 592 1792 619 me
1823 579 1903 619 hoc
1934 588 1952 616 5

159 645 412 698 petiverunt,
441 642 592 683 factum
624 653 714 679 esse
744 640 984 680 arbitrabor.

270 707 313 746 L.
345 702 435 745 ll‘dl.
467 703 728 755 Quapropter
758 702 790 741 si
822 715 945 754 quem
977 702 1081 742 forte
1112 702 1342 754 inveneris,
1376 703 1445 756 qui
1475 703 1555 743 hoc
1581 702 1728 742 navale
1750 703 1902 743 crimen

159 773 329 809 conetur
359 764 600 811 defendere,
630 763 663 802 is
695 763 750 802 ita
781 763 997 804 defendat:
1038 764 1108 804 illa
1139 766 1392 813 communia,
1425 779 1532 819 quae
1563 765 1614 805 ad
1646 777 1810 805 causam
1845 766 1904 804 ni-

158 831 213 871 hil
245 830 468 883 pertinent,
507 826 825 880 praetermittat,
856 840 920 865 me
952 827 1097 880 culpae
1112 826 1333 868 ”fortunam
1365 829 1597 880 assignare,
1629 827 1902 867 calamitatem

158 891 315 932 crimini
353 890 470 937 dare,
509 902 573 928 me
613 888 878 928 amissionem
909 888 1054 928 classis
1085 889 1285 938 obiicere,
1326 904 1417 930 cum
1450 890 1567 930 multi
1600 890 1675 929 viri
1705 889 1830 929 fortes
1860 890 1952 929 inio

158 953 361 994 communi
401 952 638 1004 incertoque
684 950 868 1002 periculo
910 950 1008 990 belli
1052 956 1092 991 et
1129 957 1236 992 terra
1275 958 1315 992 ct
1351 953 1453 992 mari
1485 966 1609 1006 saepe
1641 951 1902 992 offenderint.

156 1016 316 1056 Nullam
349 1014 421 1054 tibi
451 1013 595 1053 obiicio
625 1011 851 1052 fortunam:
884 1012 986 1052 nihil
1019 1019 1100 1060 est,
1132 1014 1241 1067 quod
1265 1020 1496 1056 ceterorum
1532 1028 1596 1055 res
1628 1015 1762 1054 minus
1794 1029 1903 1055 com-

156 1078 275 1118 mode
304 1082 438 1130 gestas
469 1074 675 1129 proferas:
708 1074 810 1113 nihil
843 1079 924 1121 est,
958 1076 1069 1128 quod
1103 1077 1321 1118 multorum
1355 1079 1567 1132 naufragia
1599 1079 1787 1118 fortunae
1819 1076 1904 1116 col—

156 1141 269 1193 ligas.
310 1140 395 1192 Ego
418 1150 541 1177 naves
563 1138 706 1176 inanes
727 1136 856 1176 fuisse
879 1136 990 1185 dico,
1022 1139 1198 1191 remiges
1221 1146 1452 1194 nautasque
1476 1141 1686 1188 dimissos,
1718 1139 1902 1192 reliquos

156 1202 348 1256 stirpibus
392 1200 543 1240 vixisse
587 1199 835 1253 palmarum,
880 1199 1108 1252 praefuisse
1153 1201 1273 1241 classi
1314 1203 1457 1256 populi
1499 1203 1672 1243 Romani
1706 1201 1902 1250 Siculum,
1918 1213 1953 1242 ⁴5

155 1271 352 1321 perpetuo
383 1263 503 1303 sociis
535 1267 659 1315 atque
690 1262 830 1302 amicis
853 1262 1177 1316 Syracusanum:
1210 1270 1248 1303 te
1279 1264 1350 1304 illo
1384 1270 1568 1318 tempore
1601 1266 1692 1318 ipso
1719 1265 1904 1319 superio-

236 1438 267 1469 ⁶3.
293 1435 460 1477 exanqula
483 1435 530 1472 V;
556 1435 774 1475 exsangyuium
798 1434 871 1466 rell.
899 1435 934 1466 Ο.
964 1454 998 1458 -
1028 1444 1138 1467 mei-01·
1160 1436 1200 1473 V,
1227 1446 1315 1469 corr.
1344 1447 1383 1469 ex
1408 1447 1533 1470 memor
1558 1439 1649 1478 (Br.).
1678 1456 1712 1460 —
1740 1439 1770 1471 3.
1798 1449 1903 1479 quae-

151 1488 224 1530 seui]
249 1487 358 1527 quetui
383 1487 417 1517 R.
440 1503 472 1507 —-
500 1484 529 1516 4.
557 1488 586 1516 et
607 1485 778 1516 veritalem
803 1485 846 1520 νς
874 1490 902 1516 et
925 1486 1077 1517 virtulem.
1094 1487 1176 1517 dett.
1204 1487 1245 1518 cf.
1267 1487 1308 1518 ad
1335 1489 1388 1519 lV.
1409 1488 1438 1529 S.
1461 1488 1533 1520 2113.
1561 1488 1637 1520 coll.
1666 1489 1749 1520 infra
1776 1489 1806 1530 ἓ.
1827 1490 1900 1522 472.

151 1539 300 1580 [Frustra
327 1536 427 1576 igitur
449 1535 555 1566 Maius
581 1534 611 1565 in
637 1534 747 1565 Praei.
774 1543 806 1575 p.
827 1535 894 1566 XV.
914 1538 1125 1575 conquestus
1151 1540 1243 1573 erat,
1271 1540 1307 1568 ut
1330 1537 1403 1569 aliis
1428 1537 1511 1570 locis
1535 1539 1583 1570 sic
1608 1539 1675 1570 boc
1701 1547 1840 1579 quoque
1859 1540 1901 1572 ab

149 1589 292 1620 incautis
317 1586 443 1618 criticis
466 1593 569 1616 verae
594 1584 728 1615 lectioni
752 1586 923 1616 veritatem
949 1585 1155 1616 vocabulum
1179 1588 1381 1618 severitatem
1406 1587 1587 1619 obtrusum
1608 1597 1703 1626 esse,
1731 1589 1827 1619 cuius
1846 1589 1904 1621 sal-

149 1640 230 1671 sitas
254 1637 288 1668 h.
315 1635 334 1668 Ι,
363 1637 434 1676 ipsa
459 1634 607 1666 lectione
632 1634 794 1665 codicum
820 1635 902 1666 dett.
930 1635 1158 1675 redarguitur.
1198 1636 1247 1667 Cf.
1275 1636 1312 1667 V.
1340 1636 1369 1677 ἓ.
1399 1638 1471 1669 488.
1500 1638 1619 1679 lisinii]
1646 1655 1681 1659 —
1709 1638 1738 1669 6.
1764 1639 1901 1682 factum]

148 1688 350 1728 satisfactum
374 1685 412 1716 V.
442 1702 475 1707 —
502 1685 532 1715 7.
558 1684 585 1714 si
609 1684 713 1724 quein]
739 1684 799 1723 siq.
819 1685 857 1715 V.
879 1702 913 1706 —
938 1686 1021 1725 forle
1046 1694 1115 1716 om.
1144 1686 1243 1725 ngti.
1266 1704 1298 1708 —
1327 1687 1356 1718 8.
1384 1688 1410 1718 is
1433 1689 1479 1718 ila
1505 1689 1568 1725 83,
1595 1689 1634 1728 V,
1661 1688 1725 1720 cod
1758 1690 1898 1722 Mureti:

147 1739 211 1770 ista
233 1737 317 1769 dett.
353 1735 403 1766 Ila
426 1734 458 1765 h.
478 1732 498 1764 l.
526 1733 675 1764 refertur
699 1733 742 1765 ad
767 1743 822 1770 ea,
855 1743 943 1775 quae
969 1735 1052 1766 infra
1078 1738 1272 1776 sequuntur
1297 1736 1374 1768 inde
1400 1746 1418 1768 a
1443 1737 1461 1778 g
1494 1738 1587 1774 4354
1615 1747 1704 1778 quae
1730 1740 1762 1770 in
1786 1740 1900 1772 medio

149 1788 258 1830 posita
282 1787 380 1822 sunt,
406 1783 448 1815 ad
474 1784 691 1815 «communia
717 1782 786 1821 illa,
814 1793 902 1824 quae
928 1784 971 1815 ad
990 1793 1132 1816 causam
1158 1785 1236 1816 nihil
1263 1787 1455 1827 pertinent»
1473 1787 1661 1820 refellenda
1681 1790 1778 1829 quasi
1797 1799 1901 1831 prae-

148 1838 277 1870 teriens
300 1834 437 1867 subiicit
460 1831 597 1864 Tullius.
640 1834 735 1870 Quod
762 1842 818 1873 qui
845 1843 910 1865 non
937 1834 1183 1874 intelligerent,
1222 1840 1279 1867 aut
1304 1836 1499 1881 παρέλκειν
1524 1840 1569 1869 iia
1596 1842 1761 1880 putarunt
1785 1842 1844 1872 aut
1866 1845 1902 1873 ac

149 1888 206 1918 iila
231 1886 285 1926 (de
311 1886 386 1915 not.
414 1883 502 1914 coni.
529 1882 679 1921 Schiitz.)
705 1885 930 1923 scripserunt.
961 1901 993 1906 —
1023 1884 1052 1915 9.
1077 1887 1215 1924 pertinet
1234 1889 1501 1925 praetermittam
1525 1889 1565 1920 V.
1595 1906 1629 1910 —
1656 1891 1772 1929 culpae
1793 1892 1902 1930 foriu—

148 1945 227 1968 nam
244 1936 267 1966 V
288 1934 379 1974 (Br.),
406 1935 441 1964 ut
468 1933 598 1963 Ernesti
624 1933 787 1963 coniecit:
814 1934 1118 1983 culpam—fortunae
1144 1939 1212 1966 cett
1244 1940 1286 1966 0:
1313 1939 1347 1968 in
1372 1936 1390 1968 λ
1414 1938 1469 1969 libi
1493 1939 1624 1977 culpam
1645 1939 1800 1979 fortunae
1823 1950 1900 1973 esse

149 1993 302 2025 traditur.
338 2006 371 2011 —
411 1990 585 2029 adaquare
609 1989 632 2019 R
651 1989 685 2018 V.
724 2005 755 2010 -—
798 1990 847 2020 40.
875 1990 990 2027 ‹lai-ee,
1028 1991 1045 2020 i.
1075 2000 1103 2021 e.
1131 1991 1211 2021 dare
1233 2001 1284 2023 me
1309 1995 1411 2024 etiam
1440 1994 1476 2029 V.
1506 2002 1569 2025 non
1596 1996 1704 2033 daret,
1732 1998 1769 2027 ut
1793 1998 1901 2029 Maius

148 2042 238 2081 legit.
267 2057 301 2062 —
339 2039 461 2071 obicere
485 2038 560 2075 RV,
588 2039 622 2069 et
645 2038 694 2069 sio
719 2037 897 2078 deinceps.
927 2057 961 2061 ——
998 2040 1101 2070 mulla
1126 2041 1172 2071 1³13
1190 2042 1226 2072 C.
1266 2060 1296 2064 -
1333 2044 1382 2074 lt.
1411 2045 1607 2082 defenderint
1633 2044 1670 2075 V.
1698 2063 1733 2067 —
1768 2046 1819 2077 42.
1845 2047 1902 2077 libi

148 2100 216 2123 om.
244 2089 344 2130 Lg29.
374 2107 408 2111 —
435 2088 634 2118 incommode
656 2088 720 2125 15:33
758 2089 923 2119 commodo
949 2090 1048 2129 [geo.
1078 2107 1111 2111 —
1141 2090 1190 2120 1i3.
1216 2092 1368 2130 fortunae
1392 2093 1470 2124 ΕΓΗ.
1499 2093 1605 2125 deleri
1632 2094 1748 2126 voluit.
1790 2098 1831 2127 At
1856 2096 1897 2128 ef.

146 2141 258 2174 Madv.
285 2148 319 2180 p,
345 2137 418 2170 4¹24.
445 2138 524 2170 Bak.
552 2146 584 2177 p.
611 2137 662 2168 51.
698 2154 732 2158 -
770 2137 817 2168 ti.
847 2139 938 2168 nai-is
962 2140 997 2170 R.
1035 2156 1069 2160 —
1104 2140 1211 2171 inanis
1235 2142 1257 2172 R
1274 2142 1311 2172 V.
1342 2160 1376 2164 —
1402 2152 1467 2174 esse
1491 2144 1560 2174 dieo
1586 2144 1685 2183 Lg29.
1715 2161 1749 2166 -
1776 2146 1901 2186 reliquo

146 2192 185 2222 V.
213 2191 291 2229 (ΒΓ.)
319 2206 352 2210 -
381 2188 431 2218 46.
452 2191 610 2227 perpetuo
634 2186 733 2218 codd.
761 2189 901 2228 praeter
922 2189 960 2224 V,
988 2190 1020 2220 in
1046 2198 1114 2229 quo
1136 2195 1303 2230 perpetum
1328 2193 1512 2232 sociumque
1536 2194 1649 2224 amicis
1672 2193 1813 2233 legitur3
1837 2205 1900 2234 po-

140 2240 213 2281 puli
237 2240 272 2271 R.
299 2238 387 2269 coni.
416 2238 514 2274 Ern.;
546 2237 772 2276 praepositum
796 2237 884 2267 coni.
912 2238 965 2269 Or.
992 2240 1047 2274 23
1081 2241 1282 2280 praefectum
1310 2242 1387 2273 cod.
1417 2242 1480 2282 (xel
1506 2244 1635 2279 coni.‘?)
1662 2244 1733 2276 Urs.
1772 2245 1899 2277 «Huius

145 2290 328 2323 lectionem
354 2287 482 2320 codicis
508 2287 656 2328 probare
682 2296 748 2318 non
773 2295 934 2328 possum;
970 2288 1050 2328 quid
1083 2291 1173 2320 enim
1207 2294 1383 2332 repetatur
1402 2293 1605 2332 praeseclum
1630 2302 1708 2324 cum
1736 2302 1900 2333 praeces-

145 2340 228 2373 serit
249 2338 472 2378 praefuisse&
510 2346 578 2377 quo
604 2337 711 2368 verbo
740 2337 828 2368 baec
853 2338 965 2368 omnia
993 2337 1091 2378 longe
1117 2338 1307 2378 elegantius
1332 2345 1546 2382 regerentur.
1597 2342 1663 2373 Sed
1691 2352 1802 2383 neque
1827 2344 1900 2374 Ma-

145 2389 278 2423 nutium
303 2388 422 2425 audio,
457 2388 514 2428 qui
541 2386 711 2427 vulgatam
736 2388 780 2419 ita
806 2387 970 2428 explicat,
1005 2390 1040 2419 ut
1072 2389 1278 2422 adverbium
1299 2396 1456 2431 pei-peluo
1480 2393 1548 2429 rei,
1575 2401 1664 2433 quae
1691 2401 1757 2424 non
1784 2394 1900 2434 expri-

144 2443 249 2472 mitur
273 2448 387 2479 neque
413 2438 511 2470 facile
536 2437 759 2476 subauditur,
796 2439 993 2479 oppositum
1020 2442 1136 2479 putet,
1172 2441 1396 2472 Cleomenem
1429 2450 1555 2482 nempe
1582 2441 1682 2473 classi
1719 2444 1753 2474 P.
1780 2443 1816 2473 R.
1839 2451 1900 2482 per

143 2491 268 2529 aliquot
290 2490 356 2520 dies
379 2488 581 2530 praefuisse.
619 2489 763 2520 Omnino
788 2489 899 2528 agitur
922 2489 964 2520 de
991 2499 1055 2520 una
1082 2492 1214 2522 tantum
1239 2492 1459 2531 expeditione
1477 2493 1578 2532 eique
1597 2493 1802 2533 oppositioni
1822 2491 1899 2523 nul-

143 2539 195 2573 lus
219 2541 273 2571 est
295 2538 402 2570 locus.
440 2539 540 2570 Dicas
566 2537 644 2570 licet
668 2538 872 2570 adverbium
897 2548 958 2579 pro
984 2540 1154 2571 adiectivo
1180 2541 1276 2581 poni,
1305 2541 1396 2582 quod
1426 2541 1534 2582 probe
1559 2541 1701 2573 latinum
1731 2544 1780 2574 est
1808 2542 1897 2582 (vide

144 2590 236 2622 Cort.
268 2588 310 2620 ad
342 2587 419 2621 Sall.
448 2589 517 2628 lug.
544 2588 628 2620 XIV.
655 2590 706 2620 Μ.
733 2591 768 2620 et
791 2588 872 2619 ibid.
901 2589 981 2620 Exc.
1008 2592 1061 2622 lll.
1088 2592 1122 2622 et
1153 2591 1319 2623 Schwarz.
1347 2592 1390 2623 ad
1417 2591 1497 2623 Ptin.
1525 2593 1649 2632 Paneg.
1678 2593 1712 2623 L.
1739 2591 1795 2628 6.)‚
1822 2592 1897 2624 sive

143 2641 278 2682 potius,
304 2640 342 2670 ut
364 2648 383 2670 a
409 2638 548 2670 Graecis
573 2634 646 2678 ἀεὶ,
674 2640 717 2670 ita
744 2640 799 2671 hic
825 2641 983 2680 usurpari
1005 2645 1180 2680 perpetuo:
1208 2651 1297 2682 quae
1323 2651 1378 2674 res
1404 2641 1565 2683 explicari
1586 2644 1697 2682 potest
1715 2650 1777 2682 per
1795 2642 1898 2674 notis-

143 2691 271 2722 simum
301 2689 483 2720 latinorum
509 2684 622 2727 ὑφέν,
657 2689 699 2721 de
726 2698 794 2729 quo
828 2691 955 2721 Pareus
980 2691 1011 2721 in
1036 2692 1115 2722 Lex.
1144 2690 1250 2722 Plaut.
1278 2694 1312 2723 et
1335 2694 1506 2724 Passerat.
1534 2701 1573 2724 ac
1598 2690 1697 2731 Vulp.
1725 2691 1766 2722 ad
1794 2692 1894 2732 Prop.

142 2741 167 2771 1.
193 2740 245 2778 22,
271 2739 301 2770 2.
329 2741 363 2770 et
386 2739 478 2770 Cort.
505 2738 547 2770 ad
577 2737 653 2770 Sall.
680 2740 764 2770 Hist.
792 2740 821 2770 l.
856 2740 887 2770 in
922 2742 1007 2770 orat.
1036 2740 1152 2780 Lepid.
1180 2750 1212 2772 n.
1240 2742 1270 2773 6.
1307 2743 1362 2773 Sic
1391 2741 1522 2783 pluries
1553 2745 1628 2772 ante
1654 2741 1745 2781 facta.
1775 2740 1896 2771 Cicero

143 2789 242 2827 dixit,
269 2791 306 2820 ut
329 2788 543 2821 ostendimus
567 2789 609 2820 ad
635 2798 664 2820 c.
692 2790 743 2820 1¹3.
772 2798 833 2829 pro
850 2790 1024 2820 Deiotaro.
1063 2791 1164 2822 Certe
1183 2790 1309 2823 Tullius
1335 2792 1399 2823 hoe
1424 2792 1526 2823 dicit:
1554 2791 1731 2823 hominem
1748 2789 1897 2828 Syracu-

141 2847 258 2870 sanum
281 2838 314 2869 h.
341 2847 372 2870 e.
400 2847 440 2869 ex
465 2847 503 2869 ea
529 2839 686 2876 cix-itate,
712 2848 801 2879 quae
828 2840 976 2871 maxime
1001 2840 1137 2871 inimica
1162 2841 1288 2882 populo
1313 2843 1348 2874 R.
1376 2842 1436 2873 fuit
1460 2851 1500 2873 ac
1526 2840 1616 2873 bello
1642 2840 1784 2871 demum
1810 2837 1896 2869 sub—

144 2890 231 2926 acta,
255 2890 409 2928 perpetuo
431 2889 524 2919 sociis
547 2893 642 2929 alque
666 2890 780 2920 amicis
802 2888 917 2930 populi
942 2890 979 2920 R.
1006 2890 1210 2930 praefuisse,
1238 2891 1270 2922 h.
1298 2900 1327 2923 e.
1349 2893 1526 2932 perpetuis,
1553 2899 1658 2932 quam
1676 2897 1798 2921 vocem
1825 2888 1896 2920 vul-

144 2940 241 2978 gatae
265 2937 441 2970 substituit
465 2938 640 2979 ediditque
667 2939 872 2977 Lambinus,
899 2940 950 2972 vel
977 2942 1033 2981 qui
1060 2943 1229 2982 perpetuo
1253 2942 1336 2973 socii
1362 2945 1396 2973 et
1419 2943 1520 2973 amici
1545 2943 1580 2973 P.
1608 2942 1644 2972 R.
1671 2940 1814 2971 fuerant
1849 2939 1892 2971 cf.

144 2995 178 3028 p.
204 2987 289 3019 Sest.
317 2996 346 3019 c.
374 2988 426 3019 27.
470 2988 526 3019 Ille
549 2988 687 3027 Cyprius
713 2989 830 3027 miser,
862 2991 918 3029 qui
941 3000 1065 3029 semper
1087 2994 1206 3032 socius,
1232 3000 1357 3031 semper
1381 2993 1505 3023 amicus
1527 2993 1599 3033 fuit.
1628 2990 1702 3030 [sed
1728 2990 1760 3020 b.
1787 2988 1807 3020 l.
1831 2990 1895 3029 fuit

145 3036 331 3079 adiicitur!]
358 3039 453 3069 Hanc
477 3036 742 3079 explicationem
767 3048 834 3070 non
860 3039 1068 3071 confirmant
1091 3040 1214 3077 modo,
1240 3049 1363 3072 verum
1390 3042 1493 3073 etiam
1519 3042 1698 3082 requirunt
1717 3048 1776 3077 ea,
1803 3047 1892 3079 quae

146 3087 215 3116 toto
239 3094 313 3127 cap.
339 3086 390 3119 32.
417 3096 521 3128 supra
546 3088 728 3120 dicuntur:
761 3089 853 3121 unde
880 3090 941 3122 lios
967 3099 1044 3121 esse
1069 3089 1142 3122 illos
1167 3092 1428 3131 cognoscimus,
1463 3093 1518 3131 qui
1541 3093 1572 3123 in
1599 3091 1746 3121 amicitia
1767 3091 1893 3131 fideque

144 3136 178 3166 P.
204 3137 238 3167 R.
261 3141 415 3176 perpetuo
438 3143 627 3170 manserant
651 3138 692 3179 (S.
712 3140 789 3179 83.)v
827 3140 921 3171 ldeni
948 3141 1003 3172 hic
1028 3141 1256 3180 significatur,
1284 3141 1376 3180 quod
1402 3149 1443 3173 eo
1468 3141 1544 3173 loco
1569 3142 1701 3172 eximiis
1726 3141 1807 3171 artis
1832 3148 1892 3171 co-

146 3183 275 3217 loribus
299 3187 465 3227 pingitur,
492 3189 523 3219 in
549 3197 617 3228 quo
642 3192 695 3220 est
719 3190 760 3221 ad
780 3194 993 3221 extremum:
1022 3198 1161 3228 quorum
1183 3192 1345 3222 sociorum
1369 3200 1469 3231 opera
1485 3192 1687 3231 Syracusani
1703 3190 1793 3221 nobis
1808 3190 1892 3221 dicto

146 3234 308 3266 audientes
329 3240 419 3274 sunt,
444 3245 496 3268 eos
519 3238 729 3276 Syracusano
753 3240 836 3271 dicto
861 3242 1027 3271 audientes
1051 3249 1114 3271 esse
1136 3241 1254 3271 iussisti
1279 3240 1320 3281 (ἓ.
1339 3241 1440 3281 85).»
1481 3244 1600 3274 GARAT.
1628 3242 1680 3278 ll.,
1707 3241 1804 3272 cuius
1830 3248 1891 3270 ex-

145 3282 315 3324 plicationi
338 3286 568 3328 suffragantur
590 3289 723 3330 Zumpt.
751 3293 785 3321 et
810 3290 974 3321 llalmius.
1010 3292 1052 3321 At
1081 3290 1188 3330 figura
1215 3287 1278 3329 ὑφ’
1304 3287 1343 3322 ἓν
1367 3292 1458 3333 apud
1483 3293 1686 3324 Ciceronem
1714 3291 1889 3322 rarissima

146 3334 199 3365 est
222 3335 256 3365 et
279 3334 312 3366 in
335 3336 556 3370 substantivis
580 3338 780 3372 verbalibus
804 3340 877 3373 fere
902 3340 1014 3372 obxia.
1044 3340 1102 3381 (Cf.
1129 3341 1263 3381 Reisigii
1287 3340 1411 3373 Scholl.
1438 3351 1471 3385 p.
1490 3342 1551 3374 392
1573 3350 1650 3383 sqq.
1670 3340 1752 3373 ibid.
1773 3342 1888 3383 Haas.)
