2143 3713
240 219 322 262 724
781 218 979 259 ORATIO
1010 218 1113 259 PRO
1144 219 1189 259 L.
1219 220 1438 261 MURENA

240 339 328 373 tum
359 330 460 371 mihi
479 329 630 377 fueris,
660 330 816 382 inquit,
849 336 910 370 tot
930 333 1090 371 annos?
1121 330 1259 370 forum
1280 345 1366 373 non
1386 332 1600 385 attigeris?
1631 332 1782 375 afueris
1803 340 1886 376 tam
1919 337 1988 378 diu

241 400 304 443 et,
335 407 426 434 cum
456 392 580 446 longo
609 391 827 432 intervallo
858 393 1046 440 veneris,
1089 407 1181 432 cum
1211 393 1297 441 his,
1340 395 1410 448 qui
1450 395 1493 433 in
1523 394 1610 434 foro
1650 395 1898 446 habitarint,
1939 399 1988 438 de

240 456 441 510 dignitate
467 454 750 495 contendas‘t»
786 455 967 494 Primum
989 455 1069 494 ista
1090 459 1232 494 nostra
1264 456 1498 503 assiduitas,
1530 456 1667 504 Servi,
1698 459 1832 499 nescis
1859 473 1988 512 quan-

238 524 324 559 tum
354 516 563 558 interdum
591 517 736 556 afferat
762 516 1002 557 hominibus
1030 516 1214 564 fastidii,
1259 522 1456 570 quantum
1497 518 1709 558 satietatis.
1767 520 1867 560 Mihi
1898 522 1988 575 qui-

206 580 331 620 5dem
361 579 631 620 vehementer
660 579 847 632 expediit
876 580 1054 632 positam
1086 580 1129 618 in
1160 579 1291 618 oculis
1314 593 1405 619 esse
1427 580 1626 632 gratiam:
1658 580 1729 621 sed
1750 586 1889 622 tamen
1912 596 1987 636 ego

237 644 318 683 mei
349 643 579 683 satietatem
610 654 757 694 magno
789 656 880 682 meo
912 642 1053 682 labore
1085 643 1300 695 superavi,
1339 648 1379 682 et
1411 648 1452 683 tu
1483 644 1581 683 item
1612 643 1808 684 fortasse:
1844 657 1987 684 verum

236 711 374 746 tamen
404 704 572 758 utrique
603 709 790 744 nostrum
814 704 1068 743 desiderium
1091 704 1192 744 nihil
1216 704 1435 747 obfuisset.
1483 704 1546 744 ²22.
1570 706 1649 745 Sed
1672 711 1717 745 ut
1735 706 1813 745 hoc
1834 707 1986 746 omisso

236 768 287 808 ad
319 767 551 808 studiorum
582 771 710 820 atque
741 767 890 806 artium
922 768 1231 807 contentionem
1253 773 1530 816 revertamur,
1562 770 1633 821 qui
1654 774 1789 822 potest
1808 768 1988 809 dubitari

236 830 339 884 quin
369 829 420 870 ad
451 828 711 869 consulatum
740 828 1055 881 adipiscendum
1092 829 1222 868 mul-to
1255 829 1349 881 plus
1379 830 1522 869 afferat
1552 830 1764 882 dignitatis
1793 832 1853 871 rei
1883 831 1989 871 mili-

186 898 222 927 s¹0
235 893 332 932 taris
363 905 488 946 quam
518 891 622 930 iuris
656 890 788 930 civilis
819 890 984 942 gloria?
1029 890 1186 943 Vigilas
1219 896 1260 930 tu
1292 890 1342 930 de
1376 896 1520 939 nocte,
1557 898 1603 932 ut
1632 893 1711 933 tuis
1744 893 1989 933 consultori-

234 954 310 994 bus
341 952 620 1007 respondeas,
651 951 742 999 ille,
772 957 818 991 ut
848 965 896 991 eo
928 966 1012 1005 quo
1044 953 1220 993 intendit
1250 958 1410 993 mature
1432 968 1524 993 cum
1547 955 1730 994 exercitu
1751 955 1985 1008 perveniat:

234 1022 274 1057 te
313 1016 538 1070 gallorum,
578 1014 698 1053 illum
738 1014 981 1053 bucinarum
1013 1019 1157 1055 cantus
1190 1015 1436 1056 exsuscitat:
1476 1021 1520 1055 tu
1551 1017 1755 1057 actionem
1790 1018 1987 1066 instituis,

233 1079 303 1119 ille
335 1079 463 1118 aciem
492 1076 681 1116 instruit:
713 1080 756 1116 tu
789 1089 909 1116 caves
942 1090 994 1116 ne
1026 1078 1087 1117 tui
1119 1079 1403 1126 consultores,
1434 1078 1503 1118 ille
1535 1091 1585 1117 ne
1615 1079 1739 1119 urbes
1764 1085 1836 1119 aut
1856 1085 1989 1120 castra

234 1141 471 1195 capiantur:
502 1138 573 1178 ille
604 1143 720 1178 tenet
750 1143 790 1178 et
821 1139 898 1179 scit
927 1144 972 1178 ut
1001 1138 1185 1180 hostium
1217 1141 1388 1194 copiae,
1419 1146 1463 1181 tu
1494 1146 1540 1181 ut
1569 1153 1702 1194 aquae
1732 1141 1896 1194 pluviae
1925 1155 1989 1183 ar-

185 1206 427 1243 iseeantur:
472 1200 543 1240 ille
583 1200 832 1241 exercitatus
876 1206 938 1241 est
984 1201 1026 1240 in
1066 1203 1346 1257 propagandis
1387 1201 1559 1250 finibus,
1606 1208 1650 1242 tu
1695 1202 1738 1242 in
1781 1204 1988 1257 regendis.

232 1265 286 1305 X.
314 1265 374 1305 Ac
402 1263 599 1304 nimirum
629 1284 683 1292 —·
713 1262 937 1302 dicendum
968 1269 1030 1303 est
1060 1265 1170 1304 enim
1203 1265 1314 1319 quod
1335 1266 1472 1305 sentio
1493 1287 1545 1294 —
1568 1265 1629 1305 rei
1650 1265 1839 1305 militaris
1859 1266 1988 1306 virtus

231 1330 416 1381 praestat
445 1325 593 1365 ceteris
625 1325 829 1365 omnibus.
888 1326 1000 1365 Haec
1032 1341 1184 1367 nomen
1215 1328 1370 1381 populo
1401 1329 1609 1375 Romano,
1638 1326 1741 1367 haec
1770 1327 1867 1367 huic
1896 1327 1988 1367 urbi

232 1394 444 1430 aeternam
474 1387 648 1441 gloriam
680 1388 863 1441 peperit,
893 1388 998 1427 haec
1029 1389 1167 1429 orbem
1190 1394 1391 1429 terrarum
1414 1404 1558 1443 parere
1579 1390 1677 1429 huic
1699 1389 1872 1443 imperio
1894 1394 1989 1430 coe-

232 1452 311 1506 git:
354 1463 498 1491 omnes
537 1450 720 1490 urbanae
757 1463 844 1497 res,
886 1451 1026 1490 omnia
1064 1451 1166 1490 haec
1203 1457 1343 1492 nostra
1382 1452 1594 1505 praeclara
1631 1451 1768 1491 studia
1807 1457 1848 1491 et
1885 1452 1987 1492 haec

183 1513 409 1555 20forensis
448 1513 537 1553 laus
577 1517 618 1552 et
657 1512 859 1552 industria
898 1512 1029 1552 latent
1059 1514 1102 1552 in
1132 1514 1259 1553 tutela
1289 1527 1336 1554 ac
1365 1514 1574 1566 praesidio
1603 1514 1778 1554 bellicae
1809 1515 1985 1554 virtutis.

235 1576 367 1618 Simul
396 1579 519 1629 atque
550 1574 760 1627 increpuit
789 1574 972 1627 suspicio
1003 1575 1228 1623 tumultus,
1259 1581 1366 1615 artes
1397 1576 1492 1615 ilico
1514 1580 1677 1615 nostrae
1700 1577 1985 1618 conticiscunt.

345 1636 412 1678 23.
443 1638 496 1677 Et
524 1637 721 1690 quoniam
752 1636 853 1676 mihi
886 1637 1040 1677 videris
1071 1638 1191 1677 istam
1223 1638 1439 1677 scientiam
1462 1637 1563 1676 iuris
1584 1642 1794 1691 tamquam
1816 1636 1988 1678 filiolam

234 1701 412 1742 osculari
452 1705 588 1746 tuam,
628 1711 713 1738 non
754 1699 887 1752 patiar
927 1704 967 1739 te
1009 1701 1051 1739 in
1096 1704 1207 1739 tanto
1239 1713 1378 1739 errore
1410 1699 1587 1746 xersari,
1631 1704 1678 1738 ut
1706 1699 1816 1739 istud
1845 1700 1986 1740 nescio

234 1763 358 1818 quid,
389 1762 503 1815 quod
534 1765 647 1800 tanto
679 1774 803 1813 opere
833 1761 1037 1809 didicisti,
1070 1762 1328 1816 praeclarum
1350 1760 1509 1815 aliquid
1532 1775 1622 1801 esse
1644 1762 1856 1802 arbitrere.
1884 1761 1988 1801 Aliis

182 1834 220 1865 25
233 1839 310 1880 ego
340 1829 381 1864 te
412 1823 656 1870 virtutibus,
688 1823 995 1872 continentiae,
1026 1824 1262 1877 gravitatis,
1293 1824 1500 1871 iustitiae,
1533 1822 1651 1871 fidei,
1683 1823 1830 1863 ceteris
1857 1823 1989 1863 omni-

231 1889 331 1937 bus,
362 1886 580 1927 consulatu
610 1889 650 1925 et
680 1886 794 1924 omni
823 1885 983 1926 honore
1013 1900 1177 1940 semper
1199 1886 1489 1940 dignissimum
1511 1885 1706 1926 iudicavi.
1754 1885 1875 1933 Quod
1897 1885 1988 1939 qui-

232 1953 327 1993 dem
357 1951 422 1990 ius
452 1948 574 1988 civile
606 1947 808 1995 didicisti,
840 1961 925 1987 non
956 1948 1109 1997 dicam,
1142 1963 1311 2002 operam
1343 1949 1579 2003 perdidisti,
1612 1949 1686 1988 sed
1711 1948 1816 1988 illud
1837 1947 1985 1995 dicam,

231 2014 388 2055 nullam
419 2024 510 2052 esse
542 2010 585 2049 in
615 2009 688 2049 illa
718 2010 937 2063 disciplina
966 2012 1166 2052 munitam
1196 2012 1249 2052 ad
1271 2013 1527 2052 consulatum
1547 2012 1669 2051 viam.
1702 2011 1856 2051 Omnes
1877 2010 1985 2051 enim

317 2151 348 2181 4.
374 2151 419 2179 tot
442 2145 547 2186 inquit
569 2145 606 2176 E.
635 2161 671 2167 —
705 2148 751 2175 tot
774 2154 878 2176 annos
903 2145 1004 2177 codd.
1034 2147 1117 2186 Cic,
1144 2148 1228 2179 item
1253 2147 1331 2179 cod.
1359 2147 1456 2178 Goth.
1484 2149 1515 2177 et
1541 2148 1616 2178 Par.
1642 2147 1672 2177 2.
1701 2144 1916 2184 Quintiliani:
1943 2148 1987 2176 tot

230 2200 325 2232 annis
348 2196 450 2230 codd.
477 2194 550 2227 rell.
578 2193 730 2233 Quintil„
756 2196 789 2226 in
814 2195 941 2236 quibus
966 2200 1010 2227 tot
1033 2198 1130 2228 annis
1153 2197 1197 2228 ad
1221 2198 1403 2237 sequentia
1427 2195 1574 2228 relatum
1600 2197 1663 2227 est.
1701 2197 1805 2227 Recte
1836 2197 1910 2227 tum
1934 2194 1987 2226 di—

229 2250 369 2282 ceretur
391 2250 436 2278 tot
459 2244 554 2277 annis
576 2244 598 2275 i.
625 2253 655 2275 e.
682 2245 770 2276 intra
794 2246 845 2276 tot
868 2254 996 2278 annos:
1024 2247 1087 2278 sed
1111 2256 1223 2288 aeque
1240 2256 1363 2279 verum
1389 2249 1441 2278 est
1464 2247 1554 2286 apud
1577 2255 1684 2278 exerc,
1709 2245 1810 2285 fueris
1825 2248 1870 2276 tot
1885 2253 1988 2275 annos

227 2301 248 2331 i.
276 2307 307 2330 e.
332 2305 396 2339 per
426 2297 477 2327 tot
507 2302 628 2325 annos.
666 2294 765 2332 Quod
798 2295 843 2326 ait
874 2295 1133 2335 Steinmetzius‚
1167 2298 1270 2329 etiam
1295 2298 1328 2328 in
1353 2297 1515 2329 omnibus
1539 2298 1632 2327 Parr.
1659 2297 1693 2327 et
1716 2295 1890 2327 Bavaricis
1914 2294 1984 2326 Cic.

227 2346 409 2382 codicibus
431 2345 555 2377 referri
577 2352 634 2376 W.
654 2347 698 2375 tot
722 2354 826 2376 annos
848 2344 892 2375 ad
916 2349 1124 2386 sequentem
1148 2348 1378 2386 sententiam,
1404 2346 1528 2379 saltem
1553 2346 1596 2377 de
1620 2347 1652 2377 M
1676 2344 1802 2378 falsum
1826 2346 1890 2376 est.
1923 2344 1986 2376 Ce-

225 2400 341 2429 terum
365 2396 411 2428 ct.
435 2395 478 2427 de
501 2393 578 2426 loco
603 2394 707 2426 etiam
730 2394 899 2426 Wesenb.
925 2395 969 2426 ad
993 2397 1177 2429 Sestianam
1202 2406 1235 2438 p.
1254 2398 1295 2429 26
1319 2399 1389 2429 not.
1412 2415 1446 2420 ψ
1470 2396 1591 2437 forum]
1614 2404 1728 2428 eorum
1744 2396 1780 2426 G.
1802 2412 1836 2416 -
1862 2394 1987 2435 afueris

226 2448 252 2478 G
269 2447 311 2486 L,
339 2445 416 2477 cod.
434 2444 555 2476 Ambr.
574 2443 606 2475 2.
626 2443 784 2481 Quintil:
811 2444 955 2485 abfueris
978 2447 1002 2477 E
1020 2448 1089 2479 ΜΟ
1107 2457 1138 2478 v.
1162 2465 1196 2470 —
1223 2448 1338 2478 tandiu
1364 2450 1387 2477 G
1404 2448 1438 2479 L.
1460 2465 1494 2468 —
1521 2448 1551 2478 2.
1578 2450 1607 2478 et
1630 2456 1650 2478 v
1671 2448 1705 2477 et
1728 2444 1832 2477 codd.
1853 2445 1980 2483 Quint.:

222 2500 259 2528 ut
281 2496 308 2528 E
325 2496 412 2534 GM,
438 2495 458 2526 5
482 2496 565 2526 On.
586 2510 621 2516 —
648 2503 723 2525 cum
746 2498 815 2526 tam
838 2496 933 2536 longo
957 2496 1061 2528 codd.
1081 2498 1215 2536 Quint.;
1241 2507 1316 2529 cum
1339 2498 1434 2539 longo
1453 2500 1527 2538 post
1543 2498 1612 2528 Tv.
1633 2514 1667 2518 —
1694 2504 1769 2527 cum
1791 2495 1840 2526 his
1862 2493 1932 2526 mei
1950 2493 1982 2524 et

225 2546 327 2579 codd.
354 2545 476 2587 optimi
507 2544 640 2582 Quint.:
676 2554 751 2576 cum
780 2546 821 2576 iis
851 2547 926 2578 LO.
956 2564 990 2568 -
1023 2546 1204 2579 habitarint
1235 2549 1432 2585 GMTxv:
1469 2546 1660 2578 habitarunt
1689 2546 1790 2578 ELO
1820 2546 1854 2576 et
1877 2543 1979 2575 codd.

224 2594 432 2635 Quintiliani.
460 2612 495 2617 —
521 2594 560 2625 de
582 2602 651 2625 om.
678 2592 701 2627 8
726 2596 761 2626 et
784 2594 886 2626 codd.
912 2594 1070 2636 plerique
1096 2597 1210 2634 Quint.
1233 2615 1265 2620 -
1294 2597 1324 2629 3.
1350 2600 1466 2628 nostra
1488 2605 1558 2628 om.
1577 2606 1612 2634 χ.
1634 2613 1668 2618 -
1696 2595 1726 2626 t.
1752 2594 1820 2634 adf.
1846 2593 1921 2625 EG.
1944 2610 1979 2615 —

221 2647 253 2678 5.
279 2645 422 2686 empediit
444 2645 485 2676 L:
512 2645 642 2685 expedit
665 2645 756 2683 mci,
788 2645 806 2676 6
831 2646 913 2676 Oxx.
949 2662 983 2666 -
1017 2646 1047 2676 6.
1074 2648 1109 2676 tu
1132 2646 1206 2677 item
1230 2647 1353 2687 scripsi
1378 2655 1419 2677 ex
1444 2644 1555 2677 Orellii
1580 2646 1802 2676 coniectura:
1835 2646 1871 2675 tu
1897 2643 1981 2674 idem

223 2695 341 2735 codd.‚
366 2695 441 2727 LO.
463 2713 499 2716 —
517 2694 549 2725 7.
568 2697 703 2733 uterquc
728 2696 764 2726 G.
788 2713 822 2717 ——
842 2696 984 2735 affuisset
1008 2697 1044 2726 G.
1066 2713 1101 2716 Μ
1119 2696 1178 2726 hoc
1200 2697 1368 2727 commisso
1393 2698 1429 2727 G.
1451 2714 1485 2717 —
1512 2695 1543 2726 8.
1562 2693 1711 2725 dubitare
1734 2693 1820 2732 mei,
1845 2692 1865 2725 4
1882 2693 1980 2730 Oxx.;

222 2746 295 2786 quis
318 2747 421 2785 potest
450 2742 599 2775 dubitare
629 2743 707 2775 eod.
733 2744 898 2775 Memmii.
930 2763 962 2767 —
1003 2745 1034 2775 9.
1060 2754 1111 2776 res
1134 2746 1201 2777 mil.
1228 2746 1252 2778 E
1268 2747 1290 2777 C
1307 2747 1333 2778 H
1349 2752 1432 2786 χψ.
1461 2763 1495 2767 -
1531 2744 1582 2775 40.
1613 2744 1797 2784 Ι“ἰ9ῑῐαε--
1813 2747 1848 2775 tu
1869 2743 1905 2774 in
1927 2750 1982 2774 re-

221 2796 334 2837 gendis
366 2794 467 2826 affert
503 2793 640 2831 Quintil.
668 2794 721 2825 IX.
748 2793 787 2833 3,
814 2794 854 2825 32
879 2803 946 2834 sq.‚
985 2794 1110 2826 cadem
1140 2804 1195 2826 vv.
1227 2805 1338 2837 usque
1371 2797 1415 2827 ad
1440 2795 1615 2827 exsuscitat
1639 2794 1732 2825 idem
1756 2794 1810 2826 IX.
1836 2794 1875 2833 2,
1901 2792 1978 2829 4003

225 2846 347 2887 Vigilas
361 2863 380 2868 -
394 2862 413 2868 —
427 2844 598 2885 perveniat
620 2844 822 2875 Rufinianus
848 2844 891 2875 de
916 2845 972 2884 lig.
992 2846 1079 2875 sent.
1108 2845 1138 2884 ἓ.
1159 2844 1211 2876 37.
1234 2861 1269 2866 —
1296 2844 1567 2877 consultatoribus
1590 2842 1720 2883 aliquot
1743 2842 1845 2875 codd.
1865 2841 1978 2880 Quint.

222 2895 277 2927 IX.
304 2894 343 2934 3,
370 2895 422 2927 32.
451 2912 486 2916 -
513 2894 564 2925 Μ.
590 2895 753 2925 contendit
778 2893 843 2933 (alii
867 2894 976 2933 tendit)
1004 2893 1107 2926 codd.
1134 2893 1292 2935 plerique
1318 2896 1430 2933 Quint.
1456 2895 1509 2925 IX.
1537 2894 1575 2933 2,
1601 2894 1681 2931 40ος
1706 2897 1742 2925 ut
1764 2898 1894 2926 mature
1917 2898 1980 2931 quo

219 2945 358 2976 intendit
378 2942 489 2976 Rufin.
510 2960 545 2965 —-
573 2944 625 2975 112.
652 2943 848 2975 bucinarum
872 2946 897 2974 G
910 2945 942 2975 M
956 2946 1000 2975 C:
1027 2944 1151 2975 buccin.
1178 2946 1203 2976 E
1218 2954 1239 2976 v
1255 2947 1278 2977 1.
1292 2947 1329 2977 O.
1349 2963 1382 2967 —
1410 2945 1571 2977 wast-ilat
1594 2944 1663 2976 EM
1677 2953 1715 2984 v,
1741 2942 1843 2975 codd.
1862 2940 1976 2979 Quint.

224 2993 434 3036 complures.
463 3012 498 3016 —-
531 2996 596 3025 act.
622 2994 756 3025 instruis
779 3003 815 3032 χ.
844 3012 877 3016 -
906 2993 958 3025 43.
985 3002 1024 3025 ne
1046 2994 1242 3026 consultores
1272 2996 1320 3026 tui
1343 2994 1444 3026 codd.
1471 2994 1602 3032 Quint.;
1634 3002 1674 3025 ne
1696 2996 1732 3025 tu
1760 2990 1916 3023 consultas
1938 2989 1976 3019 G.

225 3063 266 3068 -
290 3044 342 3077 44.
368 3047 450 3076 tenet
471 3046 508 3075 ut
529 3044 587 3075 scit
604 3044 641 3075 G.
663 3060 697 3065 —
726 3044 777 3075 45.
804 3043 1007 3075 emercitatur
1031 3043 1132 3075 codd.
1150 3043 1306 3085 plerique
1324 3045 1437 3082 Quint.
1460 3061 1494 3066 —
1521 3047 1619 3083 tuque
1638 3043 1662 3075 F.
1677 3043 1700 3075 C
1715 3050 1783 3080 xv.
1811 3058 1845 3063 —-
1873 3038 1926 3070 ¹16-
1944 3040 1979 3068 al

224 3095 304 3126 nim.
328 3102 362 3125 v.
391 3112 426 3115 —
453 3093 505 3124 47.
526 3093 687 3135 praestat]
708 3102 794 3133 prae
817 3094 853 3124 G.
878 3110 911 3116 —
939 3093 1017 3125 haec
1040 3102 1109 3125 om.
1137 3096 1174 3126 G.
1205 3112 1238 3117 —
1262 3093 1375 3134 populi
1396 3094 1433 3124 R.
1461 3093 1484 3125 C
1501 3093 1540 3125 11.
1569 3109 1605 3115 -
1631 3093 1710 3124 haec
1731 3090 1814 3133 huic]
1838 3089 1912 3121 huic
1932 3088 1975 3126 G;

225 3144 284 3176 hoc
306 3153 342 3183 χ.
371 3159 407 3165 -
433 3142 486 3175 48.
511 3143 655 3183 gloriam
678 3151 748 3175 om.
775 3144 813 3175 G.
841 3160 877 3165 —-
902 3144 987 3183 cogit
1011 3145 1048 3175 C.
1079 3160 1113 3166 —
1139 3144 1192 3175 20.
1218 3144 1320 3175 lateat
1341 3148 1387 3184 ψ.
1417 3160 1451 3165 —
1477 3142 1530 3174 21¹.
1555 3143 1689 3182 suspitio
1712 3141 1822 3173 EGv.
1843 3156 1878 3161 -
1903 3137 1977 3168 ilico

228 3193 261 3226 M
273 3201 311 3225 v:
337 3194 409 3226 ilice
425 3194 467 3233 G;
492 3193 578 3225 illico
596 3195 621 3225 E
635 3195 659 3225 L
672 3194 710 3226 O.
727 3211 761 3215 —
781 3196 908 3225 vestrae
922 3198 969 3234 ψ.
986 3210 1019 3214 -
1039 3193 1250 3224 conticiscunt
1265 3194 1307 3224 G:
1333 3192 1548 3223 conticescunt
1570 3190 1643 3223 rell.
1663 3192 1697 3222 et
1711 3188 1790 3220 edd.
1819 3188 1868 3220 Cf.
1887 3186 1973 3219 Bait.

229 3241 274 3274 ad
296 3251 330 3284 p.
357 3243 410 3283 97,
436 3244 467 3275 4.
492 3242 567 3283 499,
586 3243 639 3275 113.
660 3261 695 3266 —
720 3243 775 3275 22.
799 3243 842 3275 Et
857 3260 904 3266 -—
920 3246 1011 3275 tuam
1035 3241 1135 3274 affert
1149 3243 1277 3274 Auctor
1300 3242 1452 3273 incertus
1476 3242 1509 3273 in
1532 3240 1663 3273 Anecd.
1681 3239 1786 3272 Paris.
1807 3237 1897 3269 rhet.
1917 3235 1973 3268 ed.

228 3291 345 3324 Eckst.
362 3302 397 3334 p.
416 3293 462 3333 8.‚
487 3293 547 3333 qui
570 3292 677 3324 hahet
698 3293 782 3325 iuris
803 3294 970 3325 scientiam
994 3293 1028 3323 et
1043 3292 1208 3331 complecti
1226 3291 1311 3332 (fort.
1332 3292 1437 3331 recte)
1456 3300 1519 3332 pro
1540 3290 1693 3323 osculari.
1715 3305 1749 3311 -
1776 3287 1830 3320 23.
1848 3290 1878 3319 te
1900 3285 1975 3317 diu-

229 3341 294 3374 tius
314 3342 350 3374 in
371 3351 408 3381 χ.
430 3360 465 3368 —-
489 3342 618 3376 versari
640 3350 752 3375 errore
774 3341 813 3375 E.
834 3359 869 3365 -—
895 3342 949 3375 26.
973 3342 1116 3374 iudicari
1139 3342 1176 3373 G.
1198 3358 1233 3364 —-
1258 3340 1311 3373 28.
1337 3341 1440 3372 omnis
1462 3341 1487 3373 E
1501 3342 1538 3372 G.
