2143 3713
253 220 334 261 692
758 220 812 258 IN
843 219 889 258 L.
922 218 1214 259 CATILINAM
1243 219 1400 258 LIBER
1428 218 1498 257 111.

252 331 377 386 atque
426 330 675 384 deprehensi
724 331 1004 384 impudentia,
1055 343 1138 383 qua
1187 331 1409 382 superabat
1458 342 1627 375 omnes,
1677 328 2005 381 improbitasque

252 395 420 436 defecit.
481 390 547 433 12)..
583 392 820 433 Volturcius
854 406 951 433 vero
985 392 1118 431 subito
1149 391 1306 431 litteras
1337 391 1511 445 proferri
1541 395 1667 443 atque
1698 390 1849 442 aperiri
1880 390 2006 436 iubet,

251 472 355 513 quas
387 456 464 496 sibi
495 468 518 495 a
548 454 724 494 Lentulo
755 454 806 494 ad
839 454 1061 494 Catilinam
1100 453 1216 492 datas
1248 466 1339 492 esse
1370 453 1545 493 dicebat.
1613 453 1749 505 Atque
1789 452 1846 492 ibi
1884 452 2008 492 vehe-

251 519 507 562 mentissime
554 517 817 570 perturbatus
862 515 1063 555 Lentulus
1109 521 1243 554 tamen
1288 520 1329 554 et
1372 516 1534 568 signum
1587 520 1626 554 et
1676 527 1842 554 manum
1892 527 2007 554 suam

219 580 455 635 scognovit.
520 583 649 623 Erant
689 584 827 619 autem
870 574 1078 631 [scriptae]
1122 577 1211 616 sine
1251 577 1441 625 nomine,
1487 578 1560 617 sed
1598 577 1680 616 ita:
1740 576 1877 624 «Quis
1917 577 2007 623 sim,

250 645 354 685 scies
396 659 448 685 ex
485 658 560 692 eo,
600 655 727 697 quem
759 640 812 681 ad
854 646 892 679 te
934 639 1038 678 misi.
1110 639 1215 679 Cura
1254 643 1299 677 ut
1337 640 1401 678 vir
1430 640 1484 678 sis
1524 646 1564 678 et
1604 640 1762 691 cogita,
1802 652 1926 692 quem
1965 639 2007 677 in

251 707 388 747 locum
427 707 484 747 sis
524 717 789 761 progressus;
834 702 950 749 vide,
996 701 1147 755 ecquid
1187 700 1261 740 tibi
1302 700 1382 740 iam
1419 702 1473 740 sit
1510 714 1701 748 necesse,
1749 705 1790 740 et
1828 714 1927 740 cura
1964 706 2009 739 ut

250 769 436 808 omnium
467 769 541 809 tibi
572 766 727 808 auxilia
767 764 988 816 adiungas,
1030 763 1153 802 etiam
1194 763 1467 802 infimorum.»
1531 764 1732 803 Gabinius
1763 762 1917 802 deinde
1946 763 2009 802 in-

250 830 486 879 troductuS,
532 844 625 871 cum
664 828 797 881 primo
836 826 1098 878 impudenter
1136 823 1391 876 respondere
1421 826 1653 877 coepisset,
1696 824 1747 864 ad
1780 830 2006 864 extremum

198 892 357 933 ionihil
386 905 438 932 ex
472 893 545 940 iis,
587 904 694 943 quae
734 888 840 927 Galli
880 886 1197 933 insimulabant,
1239 886 1419 938 negavit.
1478 883 1543 926 213.
1584 889 1641 926 Ac
1682 886 1780 926 mihi
1824 885 2008 939 quidem,

252 954 457 1002 Quirites,
488 968 581 995 cum
611 953 684 992 illa
714 950 943 991 certissima
972 950 1060 989 visa
1090 953 1188 988 sunt
1217 954 1459 1000 argumenta
1489 954 1615 1001 atque
1645 949 1799 988 indicia
1827 948 2008 994 sceleris,

248 1016 447 1064 tabellae,
487 1017 628 1069 signa,
667 1026 836 1059 manus,
876 1011 1058 1064 denique
1098 1011 1218 1050 unius
1263 1010 1463 1063 cuiusque
1494 1010 1724 1058 confessio,
1762 1016 1849 1050 tum
1880 1010 2009 1050 multo

248 1079 426 1118 certiora
455 1078 550 1125 illa,
590 1076 727 1123 color,
766 1073 899 1120 oculi,
930 1073 1091 1120 vultus,
1123 1072 1396 1112 taciturnitas.
1456 1073 1523 1112 Sic
1555 1072 1664 1111 enim
1696 1073 2009 1126 obstupuerant,

247 1141 304 1179 sic
335 1146 484 1180 terram
514 1139 803 1183 intuebantur,
834 1136 893 1175 sic
923 1135 1064 1175 furtim
1094 1149 1179 1174 non
1210 1147 1436 1187 numquam
1468 1135 1576 1174 inter
1599 1148 1690 1174 sese
1712 1134 2008 1188 adspiciebant‚

197 1217 234 1246 15
247 1208 295 1242 ut
324 1215 409 1242 non
438 1203 521 1242 iam
551 1202 602 1242 ab
633 1200 724 1241 aliis
755 1197 950 1245 indicari,
982 1197 1054 1237 sed
1085 1196 1269 1237 indicare
1300 1210 1343 1235 se
1374 1196 1453 1249 ipsi
1485 1196 1737 1236 viderentur.

358 1265 426 1307 VI.
470 1264 641 1304 Indiciis
673 1261 876 1315 expositis
906 1265 1030 1312 atque
1063 1259 1183 1298 editis
1224 1263 1413 1298 senatum
1444 1259 1654 1306 consului,
1694 1258 1745 1298 de
1777 1271 1936 1299 summa
1964 1272 2008 1299 re

246 1328 413 1381 publica
444 1326 547 1381 quid
577 1323 667 1366 fieri
698 1324 892 1378 placeret.
952 1321 1096 1361 Dictae
1128 1326 1225 1360 sunt
1254 1335 1277 1360 a
1307 1320 1564 1374 principibus
1595 1322 1819 1361 acerrimae
1849 1334 1897 1361 ac
1926 1320 2008 1360 for-

246 1390 428 1431 tissimae
469 1387 723 1434 sententiae,
765 1399 869 1439 quas
909 1389 1075 1424 senatus
1116 1384 1204 1423 sine
1246 1383 1330 1423 ulla
1372 1384 1569 1423 varietate
1611 1390 1673 1424 est
1711 1389 1892 1424 secutus.
1956 1384 2010 1424 Et

246 1452 442 1505 quoniam
473 1450 661 1491 nondum
693 1454 755 1489 est
784 1447 1059 1501 perscriptum
1090 1451 1257 1487 senatus
1289 1446 1549 1493 consultum,
1581 1460 1633 1486 ex
1659 1447 1857 1486 memoria
1878 1447 2007 1492 vobis,

196 1529 232 1557 ρο
247 1514 452 1562 Quirites,
494 1512 595 1566 quid
636 1516 804 1551 senatus
845 1509 1074 1555 censuerit,
1116 1521 1335 1560 exponam.
1395 1505 1461 1547 114..
1501 1509 1681 1548 Primum
1713 1508 1814 1548 mihi
1854 1509 2007 1561 gratiae

246 1575 383 1617 verbis
413 1574 679 1628 amplissimis
711 1577 908 1625 aguntur,
949 1569 1061 1624 quod
1092 1570 1260 1617 virtute,
1303 1571 1496 1617 consilio,
1529 1570 1790 1623 providentia
1819 1583 1910 1610 mea
1940 1584 2006 1610 res

246 1638 412 1692 publica
440 1637 631 1677 maximis
662 1634 859 1689 periculis
891 1633 945 1673 sit
975 1632 1168 1679 liberata3
1206 1631 1358 1671 deinde
1389 1633 1435 1671 L.
1467 1632 1635 1672 Flaccus
1677 1638 1718 1672 et
1750 1633 1791 1672 C.
1822 1633 2006 1686 Pompti-

246 1714 324 1741 nus
355 1704 588 1754 praetores,
619 1698 731 1752 quod
762 1710 906 1737 eorum
938 1708 1063 1749 opera
1092 1694 1188 1734 forti
1219 1691 1417 1747 fidelique
1447 1708 1548 1734 usus
1581 1708 1736 1743 essem,
1781 1696 1928 1736 merito
1958 1708 2004 1735 ac

334 1936 364 1967 1.
391 1935 499 1974 atque]
524 1937 553 1966 et
576 1934 598 1965 1)
613 1942 641 1966 s.
670 1952 704 1956 —
730 1933 941 1973 inprudentia
964 1933 1010 1966 lt.
1039 1949 1072 1953 —
1099 1929 1265 1970 superabit
1289 1938 1318 1960 c.
1341 1947 1375 1950 -
1402 1929 1433 1960 ³2.
1457 1929 1602 1969 proferri
1624 1929 1750 1962 litteras
1771 1931 1830 1971 Lg.
1850 1932 1881 1963 1.
1900 1932 1931 1964 8.
1949 1930 2003 1972 24,

250 1985 322 2018 LO.
350 2002 384 2006 —
411 1984 497 2017 iubet
519 1983 611 2016 Bab
626 1993 725 2022 csz,
752 1984 770 2015 5
795 1982 848 2014 alii
874 1984 995 2023 Lagg.:
1028 1982 1118 2013 iussit
1141 1982 1165 2012 R
1180 1982 1217 2012 O.
1247 1998 1281 2003 -
1308 1979 1339 2012 4.
1361 1983 1447 2019 pert.
1474 1984 1519 2011 est
1541 1981 1695 2012 Lentulus
1718 1984 1748 2013 et
1770 1984 1879 2014 tamen
1904 1982 1938 2014 d.
1967 2001 2002 2005 —-

248 2040 356 2067 tamen
378 2034 418 2076 et]
444 2038 473 2066 et
497 2043 566 2066 om.
593 2043 615 2075 q
640 2035 674 2066 et
696 2034 716 2065 8
740 2033 823 2065 dett.
852 2034 953 2073 Lagg.
974 2050 1006 2053 —
1026 2032 1156 2072 signum
1179 2039 1274 2062 suum
1297 2033 1327 2061 et
1349 2039 1485 2061 manum
1508 2039 1601 2071 coqu.
1628 2030 1850 2072 Imquwx,
1876 2031 2007 2072 aliquot

248 2084 302 2116 alii
327 2085 448 2123 Lagg.,
475 2084 513 2115 Ο.
532 2102 573 2106 -
597 2085 628 2115 5.
654 2084 788 2123 agnovit
812 2083 870 2121 Lg.
897 2081 947 2114 43.
971 2099 1005 2103 —
1023 2085 1118 2113 erant
1141 2081 1261 2120 autem]
1286 2084 1315 2112 et
1339 2084 1434 2112 erant
1458 2089 1494 2117 c3
1521 2084 1632 2112 autem
1655 2090 1725 2113 om.
1752 2082 1790 2114 C.
1810 2100 1845 2104 —
1864 2083 2007 2124 scriptae

249 2143 318 2166 om.
344 2133 479 2172 absg,
506 2134 564 2173 Lg.
591 2133 644 2164 50.
672 2132 723 2164 53.
750 2133 803 2164 57.
829 2133 938 2173 (erant
959 2132 1100 2171 scriptae
1123 2134 1233 2162 autem
1255 2131 1314 2168 Lg.
1342 2131 1394 2161 16.
1420 2129 1540 2168 113.)-
1568 2131 1641 2169 quis
1662 2130 1869 2173 aMpqw,
1894 2134 1954 2174 Lg.
1973 2134 2004 2165 9.

248 2185 301 2216 ΞΟ.
327 2184 380 2215 21.
406 2182 460 2215 46.
486 2183 540 2215 57.
567 2183 626 2221 65,
663 2184 701 2214 ut
731 2181 838 2214 voluit
869 2181 1035 2220 Reisigius
1069 2182 1101 2212 in
1130 2181 1254 2211 scholis
1277 2181 1314 2211 de
1337 2180 1452 2220 linqua
1474 2181 1546 2212 Lat.
1572 2189 1605 2221 p.
1633 2180 1712 2212 493:
1749 2182 1805 2219 qui
1828 2182 1939 2214 RLO.
1968 2202 2003 2207 —-

249 2235 280 2265 6.
306 2234 384 2265 scies
406 2242 449 2265 ea:
470 2234 529 2264 hoc
552 2232 622 2271 bs;
648 2243 691 2266 ex
714 2242 750 2264 co
773 2233 852 2264 scies
875 2242 906 2269 1·;
932 2232 1011 2264 scies
1034 2241 1104 2263 om.
1131 2232 1148 2262 7
1174 2232 1276 2269 Lag-fg.
1304 2229 1388 2260 dett.
1416 2232 1449 2260 ct
1473 2232 1607 2270 ponunt
1629 2240 1799 2272 cognosces
1820 2234 1899 2272 post
1919 2234 2005 2265 misi.

250 2284 287 2314 In
311 2282 374 2314 LO
399 2283 452 2314 est
474 2283 554 2314 scies
576 2284 655 2323 post
677 2283 763 2313 misi.
801 2300 835 2304 —
868 2281 979 2321 cogita
1003 2282 1027 2312 Ο
1059 2283 1137 2322 post
1160 2288 1354 2320 progressus
1378 2278 1483 2310 habet
1508 2282 1628 2311 contra
1653 2280 1756 2312 codd.
1792 2298 1826 2303 -—
1855 2282 1890 2313 in
1913 2292 2008 2322 quem

248 2333 355 2364 tecum
377 2333 414 2364 Β.
445 2350 479 2354 -
506 2332 537 2364 7.
562 2332 634 2363 vide
656 2332 771 2371 ecquid
794 2331 936 2372 scripsi:
961 2331 1033 2362 vide
1056 2334 1085 2362 et
1110 2331 1188 2370 quid
1210 2329 1327 2366 abis.
1354 2330 1412 2369 Lg.
1439 2330 1491 2361 50.
1517 2330 1557 2361 57
1584 2330 1658 2369 (sed
1682 2339 1701 2361 a
1725 2331 1808 2371 qui);
1833 2333 1907 2364 vide
1929 2334 2009 2372 quid

250 2382 308 2421 Lg.
336 2382 388 2412 16.
414 2381 468 2412 20.
494 2380 556 2419 »13ς
591 2385 619 2413 et
642 2382 714 2413 vide
738 2382 816 2420 quid
839 2382 863 2412 R
880 2381 956 2411 LO.
977 2398 1011 2401 —
1040 2380 1096 2411 tibi
1120 2381 1187 2410 ium
1211 2380 1274 2416 ai,
1302 2379 1358 2417 Lg.
1386 2378 1438 2410 ⁶20.
1465 2378 1517 2410 43.
1544 2379 1596 2410 50.
1623 2380 1687 2410 57:
1718 2381 1789 2412 iam
1811 2381 1868 2412 tibi
1891 2382 2004 2414 RLO.

253 2450 286 2454 —
313 2440 382 2463 nec.
407 2432 447 2462 sit
471 2430 526 2462 dl.
554 2449 588 2453 -
616 2435 645 2464 et
668 2441 750 2463 eura
774 2428 1158 2466 [manaath-stu,
1191 2428 1209 2460 >2
1234 2427 1288 2459 alii
1313 2429 1435 2467 Las-gs
1469 2432 1498 2460 et
1521 2437 1590 2460 om.
1617 2439 1638 2467 ς
1660 2430 1775 2461 RLO.
1802 2447 1837 2452 —
1864 2431 1896 2463 8.
1921 2440 2005 2463 auat.

248 2481 304 2512 tibi
327 2481 509 2521 coniunqas
532 2480 565 2512 d.
600 2498 636 2504 -
669 2482 876 2521 infirmorum
900 2480 980 2520 lqu
1007 2480 1069 2520 (pr.
1089 2480 1149 2517 m.)
1175 2488 1208 2515 z,
1242 2478 1261 2509 8
1285 2477 1339 2508 alii
1363 2478 1466 2518 Lagg.
1495 2496 1528 2499 —
1562 2479 1684 2520 deiude]
1717 2483 1827 2511 autem
1849 2479 1884 2511 d.
1911 2497 1945 2502 -
1973 2481 2005 2512 9.

245 2531 392 2569 primum
415 2532 438 2561 t.
472 2546 506 2551 —
538 2531 582 2562 act
605 2535 808 2571 postremum
831 2531 865 2563 k.
898 2549 930 2552 —
967 2531 1017 2561 10.
1052 2538 1093 2561 ιω
1123 2529 1172 2559 his
1201 2527 1266 2568 (vel
1297 2528 1368 2563 hiis)
1399 2528 1489 2565 n1e13
1527 2537 1640 2559 eorum
1675 2529 1830 2561 Donatus
1860 2529 1904 2561 ad
1927 2531 2005 2562 Ter.

251 2580 390 2611 Phorm.
416 2580 457 2610 11.
485 2580 523 2618 3,
558 2580 610 2611 42.
640 2598 675 2602 -
700 2581 744 2611 Ac
768 2580 856 2621 mihi]
882 2579 995 2611 deinde
1017 2588 1049 2619 g.
1078 2595 1112 2600 —
1140 2579 1191 2609 11,
1220 2577 1312 2617 Quir.
1339 2585 1408 2608 om.
1436 2586 1472 2614 s,
1499 2576 1517 2607 3
1541 2578 1644 2618 Lagg.
1673 2595 1709 2599 —
1733 2582 1808 2610 sunt
1828 2580 1900 2611 visa
1923 2579 2006 2612 Cdl
2044 2612 2046 2614 ,

246 2631 450 2669 qrtuwx,
477 2630 495 2660 6
519 2627 573 2659 alii
599 2629 720 2669 Lagg.,
747 2630 770 2659 L
786 2629 822 2660 O.
845 2647 879 2650 —
907 2629 959 2659 12.
986 2627 1115 2659 tabulae
1139 2635 1172 2665 Γ,
1198 2627 1216 2658 3
1241 2628 1343 2667 Lagg.
1364 2645 1398 2648 —
1425 2627 1483 2657 itta
1506 2627 1607 2658 mutto
1630 2628 1774 2660 certiora
1796 2630 1855 2669 Lg.
1873 2630 1926 2662 50.
1945 2631 2005 2667 57;

243 2678 302 2710 itta
326 2687 395 2710 orn.
421 2686 497 2715 wz3
523 2678 625 2709 multo
648 2679 706 2709 itta
728 2678 871 2710 certiora
896 2679 918 2708 L
933 2678 958 2709 O
984 2679 1105 2709 contra
1131 2676 1234 2709 codd.
1256 2695 1289 2698 -
1307 2677 1358 2709 13.
1379 2677 1462 2708 oculi
1487 2677 1577 2708 color
1593 2676 1672 2708 edd.
1693 2677 1869 2717 quaedam
1885 2680 2007 2711 contra

244 2727 368 2765 codd.·,
393 2726 484 2758 color
507 2736 577 2759 oni.
604 2737 650 2765 wss.
676 2729 765 2759 color
788 2728 872 2759 oculi
894 2728 982 2759 visus
1005 2738 1035 2767 g
1064 2746 1098 2749 —
1128 2728 1361 2767 obstupuerunt
1385 2726 1643 2765 Cbirsth,
1670 2727 1730 2766 Lg.
1757 2728 1789 2759 7.
1815 2729 1845 2760 9.
1871 2728 1924 2761 46.
1951 2728 2004 2759 53.

244 2777 404 2817 (sormam
428 2775 566 2817 obstipui·
590 2777 721 2809 habent
744 2777 766 2809 1)
780 2786 795 2808 5
810 2787 849 2815 x,
875 2778 933 2817 Lg.
954 2778 1006 2809 16.
1025 2777 1077 2810 11).
1098 2778 1163 2816 65.)
1184 2795 1217 2799 -
1240 2777 1293 2809 lli.
1312 2778 1396 2809 inter
1411 2786 1443 2808 se
1460 2777 1484 2807 C
1500 2776 1562 2807 Vb
1577 2785 1593 2807 s
1614 2778 1642 2815 t,
1669 2775 1801 2818 aliquot
1823 2776 1878 2809 alfi
1899 2778 2004 2817 Lagg.

242 2826 342 2866 dett.⁷
360 2828 384 2858 L
399 2826 435 2857 O.
459 2845 494 2849 —
513 2828 598 2859 inter
613 2837 678 2860 sese
694 2838 757 2859 non
775 2836 953 2866 numquam
972 2827 1004 2857 «1.
1026 2844 1059 2848 -—
1076 2827 1127 2858 15.
1149 2827 1228 2865 ἱαηι]
1245 2829 1314 2857 tarn
1333 2827 1369 2857 B.
1381 2843 1414 2847 —
1431 2826 1472 2856 ab
1488 2826 1552 2857 iltis
1567 2834 1602 2857 m
1616 2834 1638 2866 q
1652 2834 1680 2857 w
1693 2836 1731 2863 x,
1752 2827 1771 2858 6
1788 2825 1843 2858 alii
1859 2827 2002 2867 Lagg.—

243 2877 390 2908 indicare
411 2885 444 2908 se
468 2877 528 2917 ipsi
550 2879 616 2909 vid.
643 2888 661 2909 a
676 2878 698 2910 1)
714 2888 732 2910 c
747 2879 754 2909 i
769 2887 814 2909 sz
829 2888 863 2917 ς,
895 2879 951 2917 [g.
978 2877 996 2907 9
1021 2878 1055 2907 ct
1079 2875 1152 2907 alii:
1189 2876 1251 2916 ipsi
1273 2884 1305 2907 se
1328 2875 1395 2906 ind.
1420 2874 1485 2905 vid.
1512 2874 1593 2912 VL;
1630 2875 1692 2914 ipsi
1714 2876 1780 2908 vid.
1805 2884 1838 2908 se
1860 2876 2008 2907 indicare

242 2926 284 2958 ill
312 2925 385 2966 (sed
410 2926 433 2958 d
456 2936 489 2958 se
510 2928 611 2968 vid.);
642 2929 705 2969 ipsi
735 2938 755 2960 α
779 2938 811 2960 se
835 2928 1022 2959 riderentur
1047 2927 1127 2961 (0111.
1154 2926 1311 2965 indicare)
1338 2926 1363 2957 C
1380 2926 1614 2964 mqrtuwx
1638 2926 1696 2965 Lg.
1723 2926 1796 2962 53.;
1829 2934 1851 2956 a
1878 2933 1911 2957 se
1937 2925 2003 2956 vid.

242 2976 301 3015 ipsi
325 2986 366 3018 p,
391 2977 429 3008 ut
452 2976 601 3010 videtur.
624 2979 730 3009 -16,
757 2978 849 3010 edilis
872 2987 921 3008 az
946 2977 1003 3016 Lg.
1030 2977 1082 3007 16.
1109 2975 1161 3008 43.
1188 2976 1241 3008 46.
1268 2977 1327 3007 65:
1354 2975 1446 3006 editis
1471 2975 1612 3014 Quirites
1634 2976 1748 3007 RLO.
1776 2974 1850 3015 (sed
1874 2976 1883 3006 i
1908 2975 2003 3015 Quir.

242 3027 376 3057 tantum
400 3026 434 3057 in
458 3034 568 3068 marg.
596 3028 726 3067 habet.)
748 3046 783 3050 —
803 3028 840 3059 cle
863 3035 993 3058 summa
1015 3035 1052 3057 re
1072 3035 1107 3065 p.
1137 3035 1154 3057 a
1171 3025 1192 3057 b
1208 3027 1217 3057 i
1231 3035 1267 3057 s:
1293 3026 1331 3057 de
1353 3033 1481 3056 summa
1504 3024 1552 3056 rei
1572 3033 1607 3063 p.
1633 3024 1738 3056 salute
1753 3025 1789 3056 R.
1810 3041 1844 3046 —
1865 3024 1916 3056 17.
1931 3025 2006 3064 pta-

240 3074 335 3115 ceret]
361 3074 469 3106 liceret
491 3084 513 3116 q
527 3086 641 3116 uwx,
667 3078 685 3108 7
704 3076 759 3109 alii
775 3078 878 3117 Lagg.
895 3094 929 3098 —
945 3079 1019 3107 sunt
1043 3079 1154 3108 autem
1176 3085 1198 3107 a
1220 3074 1276 3107 dl.
1294 3092 1328 3096 -—
1355 3083 1377 3105 a
1395 3073 1539 3113 princip.
1559 3082 1576 3104 ι’
1599 3075 1678 3105 ante
1695 3073 1870 3106 sententiae
1885 3072 2003 3105 habet.

244 3141 277 3144 —
306 3124 357 3155 18.
383 3123 461 3165 sine]
486 3126 607 3165 absque
629 3135 713 3158 mu.
740 3144 774 3149 —
802 3125 972 3167 varietate]
996 3134 1092 3157 mora
1114 3126 1154 3157 V.
1177 3144 1210 3148 —
1230 3127 1356 3158 secutus
1377 3126 1422 3155 est
1446 3131 1499 3160 [ης
1525 3126 1714 3155 consecutus
1734 3125 1781 3154 est
1802 3123 1832 3160 t;
1858 3125 1903 3154 est
1925 3130 2005 3153 con-

241 3177 365 3204 secutus
386 3174 447 3206 Vc
470 3175 518 3214 Lg
541 3175 594 3206 20.
621 3175 655 3207 24
672 3201 681 3213 ‚
708 3176 746 3207 O.
776 3194 810 3198 —
837 3179 866 3207 et
896 3174 1063 3216 quoniam]
1094 3184 1137 3206 ex
1160 3183 1223 3214 quo
1247 3184 1275 3205 r.
1303 3191 1337 3195 —
1365 3173 1416 3204 19.
1438 3182 1565 3212 perscr.
1590 3173 1735 3204 nondum
1757 3174 1802 3204 est
1825 3180 1857 3211 g.
1886 3190 1921 3194 —
1947 3171 2000 3203 ⁶20.

242 3231 446 3262 asperamus
468 3224 490 3256 b
505 3233 533 3256 s.
552 3243 587 3247 —
611 3225 744 3265 ,qratiae
766 3225 845 3256 mihi
869 3224 902 3256 d.
920 3242 953 3246 -
974 3225 1028 3256 ⁶22.
1053 3233 1146 3256 mar.
1169 3223 1324 3264 periculis
1346 3223 1386 3254 sit
1409 3223 1433 3254 B
1448 3222 1502 3253 ab
1517 3232 1536 3255 c
1550 3222 1698 3261 dirsx,
1724 3222 1743 3254 8
1767 3221 1822 3253 alii
1839 3220 2001 3253 meliores

245 3273 366 3313 1.ugg.:
388 3274 492 3314 peric.
517 3274 558 3305 sit
579 3275 738 3306 mammis
760 3275 779 3306 5
804 3276 906 3315 Lagg.
933 3274 1038 3313 dett.,
1064 3275 1087 3305 L
1102 3275 1146 3312 O;
1175 3273 1279 3314 peric.
1304 3272 1462 3304 maoeimis
1484 3273 1525 3304 sit
1548 3273 1572 3304 R
1598 3273 1714 3312 (etiam
1739 3272 1775 3312 t).
1796 3287 1830 3292 —
1857 3271 2002 3312 Pompti-

242 3322 315 3363 nus]
340 3324 388 3355 sic
413 3324 447 3356 1ι.
473 3322 494 3356 1.
521 3323 638 3365 abps
663 3324 720 3364 Lg.
748 3325 779 3356 9.
809 3341 842 3346 —
870 3323 922 3356 ⁵23.
944 3327 1116 3364 praetores
1137 3324 1173 3355 R.
1200 3322 1286 3363 quod
1309 3320 1406 3354 luw.
1434 3339 1467 3346 —
1495 3322 1548 3355 23.
1574 3322 1646 3357 iure
1668 3329 1708 3355 ac
1729 3321 1845 3358 merito
1869 3319 1902 3353 d.
