2143 3713
266 183 346 225 552
782 180 978 222 ORATIO
1009 180 1110 221 PRO
1141 180 1188 220 A.
1221 179 1481 222 CLUENTIO

266 309 374 337 mam
405 300 466 335 est
493 294 714 347 profectus.
752 294 839 334 Hos
869 293 1055 346 vestigiis
1079 293 1331 346 Oppianicus
1363 297 1608 334 consecutus
1640 298 1714 333 est.
1754 294 1838 333 Iam
1859 299 1904 334 ut
1923 295 2002 334 Ro-

266 371 356 399 mae
384 357 584 404 vixerint,
616 357 766 410 quibus
797 355 1016 402 conviviis,
1059 355 1208 409 quibus
1238 356 1421 408 flagitiis,
1464 355 1629 409 quantis
1668 361 1709 395 et
1746 369 1869 409 quain
1910 371 2002 410 pro-

265 420 368 459 fusis
398 419 656 471 sumptibus,
686 431 770 457 non
801 417 924 457 modo
956 417 1143 464 conscio,
1175 417 1248 456 sed
1279 418 1400 457 etiam
1431 417 1604 458 conviva
1634 421 1674 456 et
1702 417 1890 457 adiutore
1921 419 2004 471 Op-

265 481 452 534 pianico,
483 481 653 532 longum
685 485 746 519 est
777 480 915 520 dicere
946 479 1066 525 mihi,
1098 479 1338 530 praesertim
1368 480 1418 519 ad
1451 479 1532 519 alia
1560 480 1809 532 properanti.
1840 481 2005 520 Exitum

236 543 387 583 5huius
427 542 690 582 assimulatae
725 542 1012 582 familiaritatis
1050 540 1300 592 cognoscite.
1367 539 1433 580 37.
1475 542 1577 580 Cum
1619 546 1728 580 esset
1764 540 2005 581 adolescens

266 604 375 658 apud
405 603 688 644 mulierculam
721 603 927 657 quandam
958 608 1106 656 atque,
1149 602 1219 640 ubi
1250 608 1528 654 pernoctaret,
1567 602 1623 641 ibi
1655 602 1763 642 diem
1794 608 2006 655 posterum

266 671 607 713 commoraretur,
637 666 833 712 Avillius,
864 671 909 704 ut
939 670 1024 704 erat
1055 664 1343 711 constitutum,
1375 664 1539 704 simulat
1570 678 1613 703 sc
1644 670 1855 716 aegrotare
1877 670 1918 704 et
1948 669 2009 704 te·-

266 732 513 768 stamentum
549 727 684 767 facere
722 727 841 766 velle.
902 726 1159 779 Oppianicus
1200 725 1482 776 obsignatores
1527 726 1577 765 ad
1609 739 1726 773 eum,
1769 726 1840 778 qui
1870 739 2006 779 neque

265 790 464 830 Asuvium
508 802 645 843 neque
686 789 881 828 Avillium
926 794 1117 834 nossent,
1164 786 1331 826 adducit
1368 792 1408 826 et
1447 788 1566 826 illum
1596 788 1795 827 Asuvium
1826 788 2008 841 appellat

221 852 378 904 ioipse:
410 855 654 890 testamento
685 851 829 890 Asuvii
860 851 1025 890 nomine
1058 849 1273 901 obsignato
1297 847 1536 888 disceditur.
1576 850 1749 889 Avillius
1782 849 1878 889 ilico
1909 863 2008 889 con-

264 913 445 953 valescit.
500 912 679 952 Asuvius
710 917 847 951 autem
876 912 990 951 brevi
1020 912 1091 951 illo
1124 917 1329 964 tempore,
1369 912 1486 964 quasi
1528 912 1570 951 in
1609 911 1796 951 hortulos
1827 912 1924 958 iret,
1964 911 2006 951 in

264 975 471 1015 arenarias
505 973 706 1027 quasdam
728 979 843 1012 extra
873 978 1033 1025 portam
1054 973 1311 1026 Esquilinam
1333 972 1554 1025 perductus
1577 973 1787 1013 occiditur.
1831 972 1896 1013 38.
1924 974 2006 1022 Qui

264 1051 355 1077 cum
395 1050 522 1076 unum
564 1037 646 1075 iam
684 1042 724 1075 et
761 1036 934 1075 alterum
976 1035 1083 1074 diem
1121 1034 1424 1074 desideraretur
1454 1025 1665 1088 neque'in
1697 1035 1745 1074 iis
1777 1035 1896 1082 locis,
1937 1035 2006 1074 ubi

264 1113 315 1138 ex
346 1098 644 1138 consuetudine
676 1097 971 1151 quaerebatur,
1002 1097 1257 1136 inveniretur
1289 1101 1328 1135 et
1358 1097 1612 1149 Oppianicus
1644 1097 1686 1135 in
1718 1096 1807 1136 foro
1838 1098 2007 1136 Larina-

215 1172 249 1201 ⁴5
263 1162 363 1200 tium
406 1160 635 1206 dictitaret,
677 1172 810 1212 nuper
851 1172 894 1198 se
926 1165 965 1199 et
995 1173 1090 1198 suos
1121 1159 1275 1198 amicos
1306 1164 1595 1199 testamentum
1628 1159 1717 1197 eins
1751 1159 2007 1211 obsignasse,

261 1222 397 1261 liberti
426 1221 571 1261 Asuvii
602 1226 643 1260 et
671 1234 754 1260 non
785 1220 888 1260 nulli
919 1221 1059 1268 amici,
1091 1221 1202 1275 quod
1233 1234 1280 1260 eo
1313 1221 1403 1268 die,
1437 1234 1518 1274 quo
1550 1225 1802 1273 postremum
1827 1222 2007 1260 Asuvius

260 1287 374 1326 visus
405 1291 512 1332 erat,
544 1285 739 1326 Avillium
768 1299 861 1325 cum
894 1298 941 1325 eo
972 1283 1099 1323 fuisse
1131 1289 1170 1322 et
1199 1296 1222 1321 a
1252 1283 1390 1322 multis
1412 1284 1544 1323 visum
1577 1296 1667 1322 esse
1698 1283 1933 1330 constabat,
1964 1283 2007 1322 in

262 1362 355 1388 eum
386 1348 588 1388 invadunt
617 1353 658 1388 et
688 1348 898 1388 hominem
928 1352 1022 1387 ante
1054 1344 1180 1398 pedes
1213 1344 1261 1393 Q.
1285 1345 1451 1392 Manlii,
1483 1346 1554 1398 qui
1586 1351 1669 1385 tum
1695 1350 1781 1384 erat
1805 1345 2006 1391 triumvir,

261 1411 539 1458 constituunt;
580 1416 702 1463 atque
734 1409 818 1448 illic
849 1409 1044 1448 continuo
1076 1406 1189 1446 nullo
1220 1412 1348 1454 teste,
1380 1408 1495 1447 nullo
1528 1408 1684 1454 indice,
1715 1407 1892 1447 recentis
1922 1421 2007 1447 ma-

213 1471 382 1514 2oleficii
428 1472 677 1513 conscientia
718 1472 957 1524 perterritus
1004 1470 1159 1515 omnia,
1198 1475 1242 1508 ut
1283 1482 1306 1508 a
1344 1482 1408 1508 me
1450 1470 1573 1521 paulo
1618 1476 1711 1509 ante
1753 1469 1861 1509 dicta
1891 1475 2005 1517 sunt,

260 1536 432 1589 exponit
451 1535 734 1586 Asuviumque
755 1547 778 1573 a
800 1546 889 1573 sese
912 1532 1084 1572 consilio
1107 1531 1327 1583 Oppianici
1355 1531 1614 1570 interfectum
1634 1531 1796 1571 fatetur.
1839 1530 1903 1570 39.
1926 1532 2007 1571 Ex-

258 1598 432 1638 trahitur
470 1597 590 1636 domo
631 1596 793 1636 latitans
838 1595 1090 1648 Oppianicus
1128 1606 1151 1631 a
1193 1592 1372 1631 Manlio:
1418 1593 1543 1632 index
1580 1593 1755 1632 Avillius
1796 1606 1848 1632 ex
1878 1593 2006 1632 altera

258 1666 374 1714 parte
405 1672 541 1699 coram
574 1664 747 1698 tenetur.
790 1659 866 1697 llic
899 1657 999 1711 quid
1029 1657 1109 1695 iam
1130 1654 1292 1707 reliqua
1315 1655 1546 1707 quaeritis?
1592 1654 1791 1694 Manlium
1812 1656 2005 1709 plerique

258 1722 427 1762 noratis.
485 1722 578 1760 Non
617 1721 687 1760 ille
725 1720 925 1760 honorem
968 1732 991 1759 a
1021 1717 1219 1771 pueritia,
1261 1729 1343 1755 non
1376 1716 1511 1756 studia
1542 1716 1731 1763 virtutis,
1762 1730 1846 1756 non
1876 1718 2004 1758 ullum

210 1783 578 1824 25existimati0nis
627 1782 761 1822 bonae
807 1781 984 1821 fructum
1028 1791 1223 1832 umquam
1273 1778 1491 1830 cogitarat:
1538 1791 1589 1817 ex
1633 1778 1835 1832 petulanti
1880 1785 2005 1832 atque

257 1845 447 1899 improbo
478 1858 617 1884 scurra
648 1844 690 1883 in
722 1844 937 1883 discordiis
970 1842 1146 1882 civitatis
1178 1840 1228 1880 ad
1261 1853 1349 1879 eam
1383 1840 1638 1887 columnam,
1669 1840 1719 1879 ad
1750 1854 1875 1894 quam
1903 1842 2006 1881 mul-

256 1914 392 1947 torum
424 1920 546 1960 saepe
578 1906 774 1946 conviciis
805 1905 1029 1958 perductus
1062 1908 1168 1950 erat,
1212 1907 1295 1942 tum
1337 1903 1539 1955 suffragiis
1571 1903 1716 1955 populi
1747 1909 2004 1955 pervenerat.

256 1971 400 2023 Itaque
431 1983 518 2009 rem
548 1983 639 2008 cum
663 1968 892 2024 Oppianico
923 1967 1133 2019 transigit,
1165 1966 1383 2018 pecuniam
1415 1965 1464 2004 ab
1496 1978 1545 2004 eo
1578 1965 1751 2017 accipit,
1783 1978 1946 2005 causam
1969 1972 2008 2005 et

257 2037 490 2085 susceptam
515 2036 555 2070 et
579 2030 835 2071 manifestam
856 2030 1067 2082 relinquit.
1098 2030 1154 2067 Ac
1184 2032 1271 2066 tum
1302 2028 1342 2066 in
1366 2026 1583 2080 Oppianici
1605 2039 1728 2066 causa
1749 2027 1902 2067 crimen
1926 2027 2003 2067 hoc

208 2095 511 2135 30Asuvianum
542 2107 634 2133 cum
665 2093 838 2133 testibus
870 2091 1032 2137 multis,
1065 2096 1148 2129 tum
1176 2103 1271 2129 vero
1303 2089 1456 2128 indicio
1478 2089 1615 2128 Avillii
1639 2089 2003 2143 comprobabatur:

256 2158 298 2196 in
330 2171 411 2210 quo
442 2156 652 2209 alligatum
684 2155 901 2208 Oppianici
934 2166 1086 2193 nomen
1117 2152 1292 2204 primum
1324 2164 1413 2190 esse
1449 2151 1683 2198 constabat,
1729 2151 1838 2198 eius,
1880 2165 2005 2204 quem

257 2231 330 2258 vos
369 2219 562 2258 miserum
594 2222 720 2270 atque
758 2218 1020 2256 innocentem
1049 2214 1153 2254 falso
1185 2213 1338 2252 iudicio
1371 2213 1695 2253 circumventum
1728 2227 1818 2253 esse
1850 2214 2002 2254 dicitis.

343 2355 374 2385 21.
400 2356 524 2384 secutus
547 2353 616 2383 ST.
645 2369 678 2374 —
706 2352 735 2382 ἱ).
763 2350 876 2390 quibus
899 2350 1053 2381 conviciis
1076 2359 1144 2381 om.
1172 2350 1281 2380 STA.
1312 2367 1343 2369 -—
1382 2347 1411 2379 Ji.
1439 2348 1544 2379 dicere
1566 2349 1642 2379 mihi
1667 2349 1826 2381 PSTM:
1852 2350 1930 2380 mihi
1954 2350 2005 2380 cli-

256 2411 326 2434 cere
351 2403 372 2433 F
386 2400 480 2433 ALQ
496 2402 532 2433 O.
561 2419 594 2422 —
629 2401 659 2432 6.
687 2401 741 2431 ubi
761 2404 969 2440 pernoctaret
992 2400 1034 2430 im
1060 2402 1101 2431 P:
1138 2399 1178 2430 ibi
1204 2402 1408 2438 pernoclarct
1432 2398 1474 2428 ibi
1499 2399 1518 2427 S
1533 2399 1576 2435 T;
1610 2399 1651 2429 ibi
1682 2403 1889 2438 pernoctaret
1912 2403 1939 2431 ec
1962 2400 2005 2430 ibe·

256 2454 279 2484 F
292 2453 323 2484 M
337 2450 415 2488 Assz,
448 2452 492 2482 ibi
517 2453 725 2491 pernoctaret
756 2453 784 2481 ct
812 2450 928 2481 ibidem
953 2450 1025 2481 LO.
1056 2468 1088 2471 —
1122 2449 1152 2480 8.
1179 2449 1395 2489 &signatores
1420 2448 1489 2479 ST.
1529 2465 1565 2470 -
1603 2449 1632 2479 9.
1659 2450 1808 2487 Asza'mn,
1839 2450 1900 2481 sed
1924 2458 2004 2481 mox

255 2503 428 2540 Asuvium,
456 2503 491 2532 P.
520 2519 554 2522 —
580 2500 720 2531 Avilium
744 2500 776 2530 h.
801 2499 821 2530 l.
850 2501 882 2530 P.
904 2517 937 2521 —
970 2500 1112 2539 appellat
1136 2500 1213 2538 ipse.
1251 2499 1446 2530 Teslamcnlo
1471 2500 1512 2529 P:
1539 2499 1702 2538 appellat:
1726 2500 1792 2538 ipse
1816 2502 2003 2530 testamento

256 2550 401 2584 ALsso.
430 2568 465 2573 —-
492 2551 544 2582 110.
568 2550 644 2581 Asai
669 2551 703 2581 P.
726 2568 760 2571 —
786 2550 960 2580 disceditur
984 2552 1006 2581 P
1023 2551 1103 2581 FM:
1130 2549 1261 2579 discedit
1285 2549 1304 2578 S
1319 2549 1342 2579 T
1357 2550 1382 2579 A
1397 2549 1419 2579 L
1434 2546 1452 2579 *3
1467 2550 1503 2578 ().
1526 2566 1560 2570 ——
1586 2548 1659 2579 ilico
1683 2550 1720 2579 S:
1748 2549 1832 2579 illico
1850 2551 1874 2580 A
1889 2549 1912 2580 L
1927 2547 1945 2581 53
1961 2549 1997 2580 Ο.

259 2620 293 2624 ——
314 2603 365 2633 Μ.
383 2600 499 2632 Αειιίαε
522 2602 556 2632 P.
571 2617 604 2622 —
633 2603 742 2631 autem
765 2599 804 2630 ab
827 2600 941 2631 Avillio
965 2609 1000 2631 eo
1024 2603 1164 2638 tempore
1189 2596 1340 2628 Halmius
1368 2596 1443 2628 coll.
1464 2606 1494 2628 r.
1516 2598 1564 2628 17.
1587 2615 1620 2618 —
1648 2599 1708 2629 iret
1733 2597 1843 2637 glossa
1868 2597 2004 2629 videtui·

257 2651 496 2683 Mommsenio.
518 2667 552 2672 -
581 2650 632 2681 42.
657 2650 855 2681 harenarias
878 2650 935 2680 ST
950 2650 991 2680 M.
1023 2667 1056 2671 —
1082 2647 1297 2686 E.1:quilinc12n
1320 2647 1355 2677 T.
1393 2664 1426 2667 κ
1457 2646 1512 2684 qui
1535 2655 1607 2677 cum
1630 2656 1698 2677 una
1721 2657 1756 2679 re
1790 2649 1902 2686 (imam
1925 2647 2000 2679 cod.

257 2701 438 2740 Garatonii)
463 2704 492 2732 et
515 2701 654 2731 alteram
677 2701 760 2731 diem
783 2701 1021 2731 desideraretur
1036 2699 1223 2730 Arusianus
1242 2697 1386 2727 Messius
1403 2705 1434 2727 v.
1455 2697 1624 2735 Requiesco
1646 2697 1725 2727 illud
1741 2700 1864 2736 tempus
1879 2705 1911 2737 p.
1927 2696 1999 2728 258.

258 2751 312 2782 ed.
340 2750 495 2782 Lindcm.
528 2750 678 2790 (uAptior
701 2752 775 2781 erat
799 2751 827 2782 ei
853 2750 1078 2790 grammatico
1103 2748 1198 2779 locus
1224 2747 1307 2777 intra
1325 2755 1355 2777 c.
1375 2745 1436 2777 64:
1463 2755 1579 2780 unum,
1608 2747 1762 2784 aMerum,
1788 2747 1919 2778 tertium
1940 2754 2002 2776 an-

256 2809 336 2831 num
358 2800 471 2830 Sassia
494 2798 706 2838 quiescebat.»
733 2801 810 2830 GAn.
829 2800 873 2838 2.)
895 2818 927 2821 ἡ
956 2800 1007 2830 13.
1034 2798 1081 2838 iis]
1107 2797 1154 2827 his
1177 2797 1234 2827 ST
1249 2797 1269 2827 F
1283 2797 1306 2827 Α
1323 2796 1358 2826 L.
1381 2813 1415 2817 —-
1441 2795 1505 2835 ubi]
1530 2797 1693 2835 inquibus
1716 2797 1738 2827 F
1755 2798 1791 2827 Α.
1814 2813 1848 2817 —
1875 2794 1925 2826 44.
1949 2795 2002 2834 so-

255 2858 331 2880 rum
356 2849 425 2880 ST.
446 2865 482 2871 —
509 2848 560 2879 46.
586 2848 686 2879 Asuui
710 2849 744 2879 P.
767 2867 800 2870 —
827 2857 862 2879 co
886 2849 945 2888 die]
971 2849 1078 2879 codem
1095 2848 1134 2878 1³:
1161 2846 1267 2877 eodem
1292 2845 1342 2875 die
1366 2845 1406 2875 M.
1433 2862 1475 2866 —
1497 2844 1613 2876 Asuius
1636 2847 1670 2876 P.
1694 2864 1726 2868 -—
1754 2846 1805 2876 47.
1824 2848 1894 2876 erat
1916 2844 2002 2874 visus

257 2901 281 2931 T
305 2908 355 2940 pr.
383 2908 429 2930 m.
457 2915 490 2919 —
526 2897 577 2928 48.
606 2899 642 2936 Q.
670 2907 738 2929 om.
768 2899 837 2929 ST.
860 2916 894 2920 —-
920 2898 1024 2929 Manli
1048 2899 1087 2934 P,
1112 2895 1230 2927 Manlii
1253 2894 1327 2925 ST:
1355 2893 1483 2924 Manilii
1509 2894 1528 2924 1³
1544 2895 1573 2925 M
1588 2897 1611 2925 A
1628 2894 1735 2927 LQO.
1758 2912 1792 2917 -·
1819 2894 1868 2925 119.
1894 2894 2001 2924 consi-

255 2952 342 2980 stunt
366 2949 438 2980 ΡΑ.
461 2966 494 2970 —-
521 2948 586 2978 illic
610 2948 686 2978 ST:
719 2948 771 2979 ille
794 2949 857 2979 ΒΑ
873 2949 895 2979 L
910 2948 928 2980 §s
944 2950 981 2979 Ο.
1002 2966 1036 2970 -
1062 2947 1197 2979 recentis
1221 2953 1289 2976 om.
1309 2945 1341 2974 S.
1369 2943 1418 2975 (Is.
1438 2944 1584 2984 Spengel
1609 2944 1629 2976 l.
1654 2944 1674 2976 l.
1702 2954 1734 2985 p.
1754 2944 1825 2976 468.
1848 2961 1881 2965 —
1908 2944 1960 2974 ⁵2⁷1.
1980 2952 2001 2974 a

255 3007 320 3030 sese
343 2999 364 3029 S
377 2999 416 3029 T:
443 2997 484 3028 ab
507 3005 538 3028 se
562 2998 582 3028 F
597 2998 665 3029 MA
678 2998 701 3028 L
716 2995 734 3029 Q
749 2998 785 3028 O.
804 3016 837 3019 —
858 2998 910 3029 ⁶22.
931 2998 1053 3029 Manlio
1069 2999 1089 3029 S
1103 2998 1144 3028 T:
1171 2994 1306 3027 Manilio
1324 2994 1344 3024 F
1358 2994 1389 3024 M
1404 2995 1426 3023 A
1444 2994 1465 3023 L
1480 2992 1498 3024 >3
1514 2996 1557 3029 0;
1584 2995 1666 3026 item
1682 3004 1713 3025 v.
1728 2993 1779 3026 23.
1803 3011 1836 3016 —
1853 2993 1904 3024 23.
1924 2993 2001 3032 quid

257 3049 324 3079 iam
348 3048 423 3079 ST:
449 3048 518 3078 iam
542 3047 618 3086 quid
641 3047 827 3079 RALQO.
856 3065 889 3068 —
927 3048 1046 3079 25.e.1;
1070 3047 1144 3077 ST:
1171 3046 1224 3075 sed
1247 3052 1288 3075 eas
1311 3044 1374 3073 ΚΑ
1391 3043 1412 3072 L
1429 3040 1497 3073 ΒΟ.
1527 3060 1560 3063 -
1588 3044 1640 3074 27.
1666 3043 1743 3084 tum]
1768 3051 1841 3073 cum
1864 3043 1933 3073 ST.
1962 3059 1997 3064 —-

256 3099 308 3130 ⁶28.
334 3098 413 3138 rem]
438 3101 506 3128 [um
529 3097 598 3128 ST.
625 3096 737 3128 Malim
761 3098 947 3137 utrumque
973 3097 1109 3128 abesse.
1146 3094 1195 3126 Cf.
1221 3094 1251 3134 g.
1277 3092 1329 3124 40.
1358 3110 1390 3113 —
1418 3092 1470 3123 ¹29.
1497 3095 1525 3123 et
1548 3096 1615 3123 tam
1637 3094 1842 3132 manifestam
1865 3093 1934 3123 ST.
1961 3109 1995 3113 —

258 3148 386 3186 reliquit
410 3148 480 3179 ST.
509 3165 543 3169 —
570 3146 621 3177 30.
646 3147 844 3178 Avillianum
867 3148 936 3178 ST.
964 3164 996 3167 —-
1034 3154 1110 3176 vero
1134 3153 1203 3175 orn.
1230 3144 1251 3173 1⁵
1265 3144 1303 3172 A.
1333 3160 1366 3163 --
1394 3141 1520 3181 indicio]
1546 3142 1667 3172 inditiis
1690 3142 1710 3172 S
1734 3151 1805 3173 sec.
1833 3151 1877 3173 ni.
1906 3141 1999 3182 (quid

258 3197 367 3236 prima
392 3197 553 3229 habuerit
577 3204 642 3227 non
666 3195 802 3236 liquet);
828 3196 913 3227 illius
936 3197 972 3227 T.
1001 3213 1034 3217 —
1061 3193 1334 3234 comprobabatur
1357 3192 1387 3222 M
1400 3193 1449 3222 A:
1482 3191 1712 3230 comprobatur
1735 3192 1842 3229 STF3
1873 3191 2000 3231 proba-

258 3244 355 3276 batur
379 3247 401 3277 L
416 3244 485 3278 ΕΟ.
507 3263 541 3267 —
568 3244 619 3276 31.
645 3245 679 3276 in
703 3254 764 3285 quo
788 3246 960 3286 alliqatam
983 3245 1058 3275 ST:
1086 3245 1119 3274 in
1143 3252 1204 3282 quo
1229 3243 1312 3273 inter
1331 3241 1487 3282 allegatos
1503 3242 1524 3272 1³
1537 3242 1569 3273 M
1582 3240 1639 3274 AX&
1654 3243 1695 3274 O:
1721 3241 1754 3272 in
1779 3251 1841 3281 quo
1866 3240 1998 3283 (deletis

260 3293 374 3325 verbis
397 3295 481 3327 inter
503 3295 667 3336 allegatos)
694 3296 728 3326 L.
757 3311 792 3318 —
818 3295 870 3326 32.
894 3303 951 3326 vos
974 3303 1042 3326 om.
1070 3294 1093 3324 T
1117 3302 1168 3334 pr.
1194 3300 1240 3323 m.
