2143 3713
488 239 575 280 Lm.
605 238 672 280 IV.
704 238 800 279 Cu».
831 239 1194 280 XXIII—XXIV.
1233 238 1306 293 §§.
1338 238 1529 284 49—53.
1811 243 1892 285 343

143 351 266 390 etiam
308 351 636 398 Corinthiorum,
680 355 725 389 ut
763 362 884 389 omne
927 351 1062 390 statim
1094 351 1145 390 ad
1176 363 1288 390 mare
1320 365 1372 391 ex
1403 353 1558 405 oppido
1590 354 1892 408 deportaretur.

141 412 370 453 Adscendit
398 415 440 453 in
471 411 671 465 oppidum
700 411 1001 464 Archagathus.
1047 413 1182 451 Homo
1213 413 1388 460 nobilis,
1420 415 1491 466 qui
1523 427 1546 454 a
1576 418 1661 456 suis
1693 420 1820 459 amari
1852 425 1894 460 et

142 474 258 527 diligi
295 476 438 523 vellet,
480 474 637 515 serebat
674 473 853 526 graviter
892 474 1003 513 illam
1044 474 1121 514 sibi
1152 474 1202 513 ab
1233 475 1312 513 isto
1344 475 1603 527 provinciam
1634 478 1771 519 datam
1802 494 1893 528 nec,

141 537 243 590 quid
287 537 459 585 faceret,
503 535 692 576 habebat.
751 536 1018 583 Pronuntiat,
1063 535 1163 589 quid
1202 536 1278 575 sibi
1322 536 1570 589 imperatum
1601 546 1731 580 esset:
1778 543 1895 583 iubet

142 612 285 639 omnes
316 599 525 652 proferre,
559 597 671 651 quod
701 597 914 637 haherent.
958 599 1092 638 Metus
1125 603 1212 637 erat
1242 611 1443 638 summus.
1488 599 1584 652 Ipse
1615 602 1725 641 enim
1756 608 1925 657 tyran-5

140 673 218 700 nus
249 674 332 700 non
364 660 604 700 discedebat
633 659 819 711 longius:
850 660 1157 713 Archagathum
1189 664 1230 699 et
1259 664 1475 712 argentum
1506 661 1549 700 in
1571 662 1716 703 lectica
1737 666 1892 706 cubans

139 722 191 761 ad
232 735 344 761 mare
380 722 486 761 infra
523 720 723 773 oppidum
765 723 1045 774 exspectabat.
1104 719 1170 760 52.
1210 722 1344 770 Quem
1384 735 1631 764 concursum
1661 725 1706 764 in
1737 727 1893 779 oppido

138 784 292 823 sactum
322 782 503 836 putatis?
536 795 661 835 quem
693 782 944 823 clamorem?
980 796 1103 838 quem
1136 797 1260 836 porro
1292 785 1434 824 ssetum
1457 785 1710 826 mulierum?
1741 789 1813 841 qui
1834 789 1894 828 vi-

139 846 275 892 deret,
307 857 460 898 equum
483 844 709 883 Troianum
732 845 1036 893 introductum,
1067 845 1212 885 urbem
1235 851 1396 899 captam
1420 846 1589 887 diceret.
1632 849 1780 889 Efferri
1802 850 1893 890 sine

138 906 269 947 thecis
308 919 426 953 vasa,
473 906 713 959 extorqueri
755 907 836 946 alia
878 907 929 947 de
959 908 1150 947 manibus
1181 908 1425 956 mulierum,
1473 909 1636 963 effringi
1667 911 1941 953 multorum«)

138 969 268 1015 fores,
298 967 442 1007 revelli
474 967 664 1007 claustra.
727 967 835 1016 Quid
868 970 977 1009 enim
1007 970 1191 1023 putatis?
1223 976 1342 1010 scuta
1372 971 1406 1010 si
1437 971 1605 1025 quando
1637 972 1894 1026 conquirun-

136 1036 203 1070 tur
233 1042 257 1068 a
286 1029 457 1082 privatis
489 1030 531 1068 in
560 1029 671 1069 bello
704 1043 750 1069 ac
783 1031 982 1079 tumultu,
1023 1037 1162 1072 tamen
1200 1032 1391 1073 homines
1422 1033 1540 1074 inviti
1572 1033 1692 1082 dant,
1733 1035 1809 1075 etsi
1840 1035 1893 1075 ad

135 1092 310 1132 salutem
342 1104 603 1132 communem
635 1092 723 1131 dari
754 1094 958 1133 sentiunt:
991 1107 1042 1133 ne
1074 1108 1198 1148 quem
1228 1095 1385 1147 putetis
1417 1096 1507 1136 sine
1533 1097 1714 1136 maximo
1747 1097 1892 1137 dolore

134 1160 350 1207 argentum
381 1154 583 1194 caelatum
615 1154 762 1202 dom0‚
795 1155 906 1208 quod
938 1156 1042 1196 alter
1072 1157 1269 1209 eriperet,
1301 1158 1541 1210 protulisse.
1600 1157 1751 1199 Omnia
1780 1159 1893 1200 defe-

134 1222 293 1257 runtur.
357 1216 573 1270 Cibyratae
603 1216 751 1257 fratres
781 1222 1006 1257 vocantur:
1050 1231 1184 1271 pauca
1214 1219 1473 1272 improbant:
1515 1233 1622 1274 quae
1652 1221 1941 1274 probarant,45

134 1280 185 1320 iis
216 1284 379 1319 crustae
410 1284 481 1319 aut
512 1279 758 1319 emblemata
791 1280 1124 1320 detrahebantur.
1173 1281 1240 1320 Sic
1262 1282 1479 1322 Haluntini
1512 1283 1699 1323 excussis
1730 1283 1892 1326 deliciis

137 1355 230 1382 cum
263 1347 433 1394 argento
465 1354 570 1394 puro
603 1341 772 1381 domum
807 1346 1084 1382 revertuntur.
1143 1343 1297 1383 XXIV.
1327 1341 1392 1383 53.
1425 1343 1549 1392 Quod
1578 1358 1799 1399 umquam,
1827 1347 1892 1387 iu-

133 1405 267 1452 dices,
310 1404 485 1443 huiusce
524 1404 637 1443 modi
677 1404 954 1444 everriculum
985 1404 1070 1444 ulla
1108 1405 1150 1444 in
1180 1405 1400 1458 provincia
1428 1405 1536 1446 fuit?
1587 1408 1785 1449 Avertere
1817 1409 1892 1449 ali-

134 1466 234 1521 quid
274 1466 325 1507 de
366 1466 533 1519 publico
576 1479 700 1519 quam
741 1466 1035 1506 obscurissime
1073 1480 1149 1521 per
1187 1469 1475 1521 magistratum
1507 1469 1720 1511 solebant:
1766 1473 1891 1512 etiam

132 1543 225 1569 cum
262 1528 423 1582 aliquid
464 1542 488 1568 a
523 1529 685 1581 privato
716 1542 1057 1582 nonnumquam,
1101 1530 1263 1570 occulte
1295 1530 1558 1571 auferebant:
1606 1537 1647 1572 et
1682 1533 1711 1573 ii
1751 1539 1940 1576 tamen20

132 1591 528 1632 condemnabantur.
587 1592 639 1632 Et
678 1591 712 1631 si
756 1592 978 1645 quaeritis,
1018 1597 1065 1632 ut
1102 1594 1192 1646 ipse
1232 1593 1283 1632 de
1313 1606 1378 1632 me
1411 1593 1646 1643 detraham,
1687 1596 1782 1636 illos
1813 1610 1890 1650 ego

131 1659 396 1695 accusatores
426 1659 528 1707 puto
558 1654 701 1702 fuisse,
734 1655 805 1708 qui
838 1654 927 1694 eius
952 1654 1065 1694 modi
1096 1654 1315 1695 hominum
1345 1655 1455 1696 furta
1485 1657 1614 1697 odore
1645 1662 1717 1698 aut
1746 1659 1889 1713 aliquo

130 1716 279 1758 leviter
317 1729 461 1769 presso
501 1716 675 1770 vestigio
710 1717 1081 1770 persequebantur.
1139 1719 1242 1757 ’Nam
1273 1731 1350 1758 nos
1384 1719 1553 1772 quidem
1584 1719 1686 1773 quid
1715 1720 1890 1762 facimus

131 1780 175 1819 in
204 1779 355 1826 Verre,
398 1792 522 1831 quem
563 1779 605 1818 in
646 1779 734 1819 luto
766 1779 997 1819 volutatum
1028 1779 1155 1820 totius
1187 1781 1373 1833 corporis
1403 1780 1588 1834 vestigiis
1619 1781 1890 1824 invenimus?

131 1841 406 1893 Permagnam
438 1845 500 1880 est
528 1841 571 1880 in
603 1854 698 1881 eum
730 1841 868 1882 dicere
899 1841 1081 1896 aliquid,
1114 1844 1186 1896 qui
1215 1842 1473 1895 praeteriens
1503 1843 1650 1884 lectica
1677 1845 1890 1900 paulisper
1903 1860 1939 1890 25

132 1902 324 1956 deposita
367 1916 451 1942 non
493 1916 568 1956 per
606 1904 875 1957 praestigias,
922 1904 995 1943 sed
1034 1904 1171 1957 palam
1211 1918 1287 1958 per
1315 1909 1566 1958 potestatem
1595 1919 1680 1947 uno
1710 1907 1888 1961 imperio

132 1965 314 2005 ostiatim
354 1969 487 2005 totum
517 1966 717 2019 oppidum
751 1966 1069 2019 compilaverit?
1125 1968 1184 2006 Ac
1215 1971 1375 2015 tamen,
1415 1971 1461 2007 ut
1490 1973 1635 2021 posset
1665 1970 1802 2010 dicere
1843 1983 1888 2011 se

131 2027 303 2074 emisse,
343 2027 609 2081 Archagatho
640 2028 836 2081 imperat,
875 2034 921 2069 ut
950 2028 1034 2068 illis
1069 2028 1253 2083 aliquid,
1283 2042 1462 2082 quorum
1492 2034 1710 2083 argentum
1738 2030 1888 2081 fuerat,

220 2243 252 2275 2.
277 2208 418 2275 ‘ezscendit
447 2243 496 2275 sic
527 2244 570 2282 R,
605 2252 621 2275 e
650 2245 778 2284 puncto
809 2245 945 2283 notata,
980 2244 1075 2285 quod
1100 2253 1241 2286 semper
1258 2243 1296 2286 [2]
1323 2245 1357 2276 in
1380 2245 1448 2276 hoc
1472 2245 1551 2277 cod.
1578 2254 1736 2280 errorem
1759 2246 1888 2281 librarii

128 2306 172 2338 ab
202 2306 278 2348 ipso
308 2304 535 2336 emendatum
565 2304 745 2345 significat.
782 2307 902 2346 Itaque
934 2315 1001 2338 non
1033 2306 1187 2338 debebat
1213 2305 1369 2338 Halmius
1405 2306 1511 2339 edere
1535 2308 1683 2340 escendit.
1725 2310 1889 2352 [Diligen-

127 2359 181 2388 ter
218 2355 349 2387 notavit
382 2356 571 2386 Bursianus
606 2364 628 2386 a
661 2354 704 2386 ab
737 2363 843 2386 manu
873 2356 1028 2388 secunda
1061 2365 1158 2394 esse,
1194 2364 1283 2396 quae
1314 2358 1348 2387 et
1378 2355 1444 2388 alio
1468 2358 1663 2390 atramento
1687 2361 1721 2391 et
1750 2360 1886 2394 diversa

127 2405 261 2438 litterae
290 2413 313 2436 a
343 2404 454 2436 forma
485 2405 662 2446 proditur;
703 2404 907 2437 iudicabunt
942 2406 1043 2446 igitur
1079 2404 1149 2444 alii,
1183 2407 1260 2436 utra
1296 2406 1339 2436 sit
1371 2413 1455 2436 vera
1485 2404 1599 2438 lectio.
1633 2408 1754 2451 Hauc]
1787 2429 1823 2434 —
1860 2415 1890 2444 et

127 2455 238 2487 amari
263 2454 347 2486 dett.
373 2456 474 2495 Lagg.
502 2455 538 2486 O.
575 2456 618 2486 At
642 2455 684 2487 cf.
711 2455 823 2486 Madv.
856 2465 890 2496 p.
917 2457 968 2487 67.
1007 2474 1040 2479 —
1074 2465 1113 2487 ac
1137 2456 1228 2496 diligi
1252 2455 1361 2496 Lg29,
1400 2456 1459 2496 qui
1488 2456 1584 2497 prius
1612 2461 1642 2489 et
1672 2468 1742 2492 non
1766 2460 1884 2494 habet.

129 2523 164 2529 —-
202 2507 232 2538 5.
259 2506 363 2537 omnis
389 2506 428 2537 R.
463 2523 496 2528 —
531 2505 626 2546 quod]
663 2515 747 2546 quae
776 2506 858 2538 dett.
890 2507 964 2537 LO.
999 2524 1030 2529 ——
1072 2507 1102 2537 7.
1134 2507 1178 2537 ad
1210 2514 1303 2537 mare
1336 2506 1428 2545 infra
1462 2506 1592 2537 moenia
1624 2512 1700 2540 ante
1732 2511 1888 2550 oppidum

126 2556 223 2587 SerV.
250 2555 293 2587 ad
321 2558 406 2587 Aen.
433 2557 487 2587 111.
514 2556 589 2587 703.
624 2574 659 2578 —
693 2556 884 2596 expectabat
916 2557 954 2588 R.
988 2574 1022 2578 ——
1054 2557 1179 2597 factum
1207 2557 1243 2586 in
1266 2556 1384 2595 oppido
1417 2557 1520 2596 Lagg.
1545 2559 1687 2597 praeter
1709 2558 1763 2591 42.
1791 2578 1826 2583 —-
1852 2561 1883 2593 8.

124 2605 253 2646 fletum]
284 2605 418 2637 electum
441 2606 478 2637 R.
515 2624 548 2628 —
581 2606 757 2637 viderent-
777 2623 794 2628 -
818 2609 951 2645 captam
974 2615 1039 2637 esse
1061 2607 1203 2638 dicerent
1226 2605 1310 2637 dett.
1337 2606 1374 2637 Ο.
1404 2623 1438 2628 —-
1471 2605 1502 2637 9.
1527 2607 1642 2646 efferre
1665 2607 1723 2638 R3,
1753 2626 1788 2630 —
1819 2610 1888 2642 sino

125 2655 219 2686 thesis
248 2653 328 2692 Ld.;
360 2654 451 2686 thetis
482 2656 561 2693 (om.
585 2655 663 2693 sine)
696 2656 798 2695 Lagg.
830 2657 971 2696 praeter
992 2656 1045 2687 29.
1072 2673 1108 2678 —
1145 2657 1196 2688 40.
1223 2665 1239 2687 e
1266 2655 1417 2687 manibus
1436 2656 1473 2687 R.
1501 2673 1537 2677 —
1562 2656 1695 2698 elfrinyi
1720 2657 1756 2697 (i.
1777 2667 1807 2690 e.
1833 2668 1888 2691 ec-

126 2704 239 2745 fringi)
265 2705 301 2735 R.
328 2721 363 2726 —
389 2705 442 2736 Μ.
463 2706 606 2744 putastis
629 2706 665 2737 R.
695 2724 730 2728 —
766 2704 816 2737 44.
843 2706 982 2736 celatum
1005 2706 1042 2737 R.
1072 2723 1107 2729 —
1134 2707 1186 2738 45.
1211 2705 1388 2746 inprobant
1411 2706 1449 2737 R.
1476 2722 1514 2728 —
1535 2705 1715 2746 probarent
1738 2708 1785 2739 G2
1808 2708 1885 2748 Ld.;

130 2753 273 2794 proba-nt
297 2753 382 2785 dett.
409 2753 436 2794 [⁵3
460 2753 583 2786 saltem
607 2754 720 2787 nullus
736 2755 831 2796 Lag]
853 2773 887 2777 —
907 2755 958 2786 116.
984 2756 1045 2786 hiis
1067 2756 1093 2787 R
1117 2756 1152 2788 h.
1177 2754 1213 2795 1.‚
1240 2755 1370 2796 ubique
1395 2755 1454 2787 G3.
1475 2773 1510 2778 —
1536 2756 1761 2789 emblematum
1782 2759 1820 2790 R.
1849 2777 1885 2782 —

125 2803 392 2844 detrahuntuno
417 2806 537 2835 contra
567 2805 668 2836 codd.
701 2823 736 2827 —
768 2805 938 2843 Halyntini
966 2805 1003 2836 R.
1030 2822 1065 2828 —-
1100 2806 1152 2837 Π.
1177 2809 1381 2838 reverterunt
1409 2805 1493 2837 dett.
1519 2806 1557 2837 O.
1586 2824 1620 2828 —
1653 2807 1706 2839 48.
1737 2808 1888 2840 verricu-

125 2854 193 2885 lum
223 2853 325 2892 Lagg.
361 2869 396 2874 —-
433 2852 503 2883 ulta
524 2854 559 2884 in
581 2854 640 2892 R3,
676 2854 762 2885 Non.
789 2862 822 2894 p.
849 2853 900 2885 34.
930 2853 1015 2894 (coll.
1042 2855 1081 2886 II.
1108 2854 1138 2896 S.
1164 2856 1216 2886 411.
1245 2855 1339 2886 «ulta
1361 2856 1396 2886 in
1420 2855 1620 2895 provincia»
1645 2855 1746 2897 prob.
1771 2857 1884 2890 Madv.

125 2912 160 2945 p.
187 2903 274 2942 68.):
311 2901 370 2933 illa
392 2901 427 2932 in
450 2902 559 2942 Lg29;
596 2903 630 2934 in
652 2903 711 2934 itta
735 2903 818 2934 dett.
846 2903 882 2934 O.
904 2921 939 2925 —-
967 2904 1018 2934 49.
1039 2913 1101 2943 per
1123 2905 1321 2946 magistrum
1342 2905 1365 2937 C
1384 2905 1443 2936 (322.
1469 2922 1504 2927 -—
1530 2905 1583 2936 20.
1602 2914 1676 2936 cum
1698 2907 1724 2938 R
1740 2904 1760 2936 λ
1777 2907 1818 2938 Gl
1840 2908 1883 2939 2:

126 2956 195 2984 tum
216 2951 296 2988 Ld.;
329 2959 398 2983 om.
425 2950 510 2983 dett.
537 2953 573 2984 Ο.
601 2970 638 2976 -
672 2962 693 2984 α
723 2953 854 2992 privato
878 2953 943 2991 R3,
970 2955 1082 2994 Lg29:
1114 2956 1152 2986 de
1170 2956 1304 2995 privato
1329 2955 1412 2987 dett.
1439 2955 1476 2987 O.
1506 2973 1541 2978 —
1571 2956 1594 2987 ii
1618 2953 1696 2986 Ra:
1727 2955 1776 2986 itti
1799 2956 1883 2988 dett.

127 3002 163 3033 O.
201 3000 251 3033 Cf.
277 3000 320 3032 de
349 3002 420 3032 toto
451 3000 518 3032 hoc
542 3000 618 3034 loco
641 3002 755 3034 Madv.
787 3003 885 3043 epist.
915 3011 949 3043 p.
977 3003 1028 3034 69.
1056 3004 1117 3044 Op.
1144 3005 1168 3036 Ι.
1195 3014 1230 3046 p.
1257 3005 1331 3037 359.
1359 3023 1394 3027 —-
1421 3005 1474 3037 2⁴.
1499 3005 1822 3045 condempnabantur
1844 3007 1882 3039 R.

131 3067 164 3073 -
195 3049 232 3081 de
258 3058 310 3081 me
333 3050 414 3081 decr.
439 3050 489 3082 sic
513 3051 615 3083 codd.
642 3055 676 3084 et
698 3053 783 3084 Non.
811 3061 845 3093 p.
872 3053 945 3085 287.
985 3070 1020 3075 —
1055 3062 1113 3094 eqo
1135 3054 1207 3085 illos
1230 3055 1332 3094 Lg29.
1361 3070 1396 3076 —
1423 3055 1476 3086 22.
1503 3055 1657 3086 eiusmodi
1679 3055 1746 3087 R3:
1771 3055 1886 3088 huius-

125 3099 214 3130 modi
239 3099 323 3131 dett.
354 3100 391 3131 Ο.
427 3117 458 3123 -
498 3099 549 3132 24.
580 3101 615 3132 in
647 3103 742 3134 Verre
766 3102 850 3134 dett.
890 3104 1001 3143 (Lagg.
1029 3104 1184 3142 omnes)z
1221 3104 1255 3134 in
1282 3104 1413 3135 Verrem
1450 3103 1510 3136 R3.
1550 3105 1592 3135 At
1615 3103 1805 3136 ablativum
1826 3114 1885 3137 re-

127 3149 232 3188 quirit
259 3150 431 3181 sermonis
456 3151 563 3181 Latini
587 3152 673 3183 ratio
697 3155 733 3184 et
755 3152 984 3183 consuetudo.
1022 3152 1065 3183 cf.
1091 3152 1196 3192 Seyff.
1223 3152 1266 3184 ad
1290 3152 1381 3184 Lael.
1407 3161 1441 3194 p.
1465 3152 1517 3185 43.
1543 3153 1618 3185 273.
1644 3152 1755 3184 Hand.
1782 3154 1882 3187 Turs.

127 3198 181 3228 111.
206 3206 241 3238 p.
266 3198 340 3229 292.
377 3199 538 3231 Similiter
561 3199 640 3232 alibi
664 3201 842 3233 turbatum
868 3204 920 3234 est
944 3211 1010 3233 non
1036 3210 1134 3239 raro;
1171 3202 1251 3233 vide
1276 3202 1320 3233 ad
1343 3203 1368 3233 I.
1395 3202 1427 3243 5.
1452 3201 1505 3234 42.
1541 3220 1576 3224 —
1610 3203 1664 3234 26.
1685 3205 1884 3246 praestiqlas

128 3247 174 3284 R3
195 3249 379 3289 praestiyia
402 3251 502 3290 Lagg.
532 3268 567 3273 —
594 3251 646 3283 27.
672 3252 885 3292 compilaverit
908 3252 950 3286 R3
976 3251 1163 3291 compilarit
1186 3251 1271 3283 dett.
1291 3252 1327 3283 Ο.
1349 3269 1384 3274 —-
1410 3261 1450 3284 ac
1473 3256 1582 3285 tamen
1599 3253 1646 3284 R3
1662 3251 1698 3283 λς
1724 3257 1760 3284 at
1774 3257 1883 3287 tamen

129 3295 214 3328 dett.
239 3297 276 3329 O.
304 3316 339 3321 —
358 3303 465 3339 posset
488 3299 534 3331 R3
559 3301 666 3341 Lg29:
688 3302 789 3342 possit
812 3299 848 3340 λ,
880 3299 982 3331 codd.
1008 3298 1081 3332 rell.
1109 3306 1145 3324 —·-
1171 3309 1204 3333 se
1226 3301 1332 3333 dicere
1354 3302 1380 3333 O
1404 3304 1524 3334 contra
1549 3301 1650 3334 codd.
1680 3320 1716 3326 —
1741 3303 1795 3335 28.
1821 3305 1882 3337 ali-

129 3346 207 3386 quid
228 3346 292 3379 iuis
314 3347 397 3382 dett.
423 3349 459 3381 O.
