2127 3708
879 228 953 282 §§·
983 225 1148 269 5-42.
1844 220 1890 266 91

154 344 293 384 dinem
323 344 577 397 nimiamque
606 341 818 381 licentiam
850 341 1121 380 constitutum
1153 344 1228 380 est.
1275 340 1378 379 Nam
1409 353 1502 379 cum
1532 340 1685 380 multae
1714 339 1898 380 familiae

155 408 392 447 dicerentur
420 407 463 446 in
493 405 600 458 agris
629 404 869 458 longinquis
901 409 941 444 et
969 403 1136 457 pascuis
1167 408 1346 442 armatae
1378 415 1469 441 esse
1494 403 1726 456 caedesque
1746 403 1898 449 facere,

154 483 333 523 cumque
368 482 417 509 ea
445 468 704 508 consuetudo
734 480 821 506 non
850 466 986 507 solum
1015 466 1067 506 ad
1096 478 1161 506 res
1191 465 1472 518 privatorum,
1512 464 1585 504 sed
1616 465 1666 504 ad
1697 478 1897 504 summam

154 546 241 572 rem
276 531 484 585 publicam
520 530 730 583 pertinere
775 528 1008 575 videretur,
1052 529 1106 567 M.
1137 527 1356 574 Lucullus,
1397 527 1468 580 qui
1498 540 1658 566 summa
1687 528 1899 581 aequitate

155 599 195 633 et
225 592 428 647 sapientia
457 592 523 631 ius
553 591 680 637 dixit,
721 591 879 644 primus
909 590 989 630 hoc
1019 589 1220 630 iudicium
1253 589 1489 642 composuit
1530 593 1571 628 et
1606 588 1647 627 id
1685 590 1899 641 spectavit,
1931 598 1949 628 5

153 661 200 695 ut
226 655 417 695 homines
447 653 504 693 ita
532 653 710 693 familias
740 666 835 692 suas
868 653 1152 700 continerent,
1182 659 1229 692 ut
1258 666 1343 692 non
1373 652 1496 691 modo
1528 650 1674 691 armati
1705 651 1900 690 damnum

154 717 308 757 nemini
340 716 506 763 darent,
537 729 680 755 verum
711 715 835 755 etiam
865 714 1046 755 lacessiti
1076 715 1166 755 iure
1198 729 1241 755 se
1276 714 1417 767 potius
1449 726 1573 767 quam
1604 713 1728 753 armis
1760 712 1903 752 defen-

154 779 322 825 derent;
354 776 391 817 9.
424 783 464 817 et
494 791 587 817 cum
618 778 743 817 sciret
774 778 823 817 de
855 779 1006 817 damno
1038 777 1172 829 legem
1204 790 1294 816 esse
1315 776 1548 830 Aquiliam,
1579 781 1718 815 tamen
1744 774 1823 814 hoc
1847 774 1902 813 ita

153 840 428 887 existimavit,
473 840 585 892 apud
624 841 802 880 maiores
843 845 1031 886 nostros,
1078 853 1171 879 cum
1202 845 1243 879 et
1271 853 1337 879 res
1369 844 1409 879 et
1439 839 1689 892 cupiditates
1720 837 1902 876 minores

153 907 294 943 essent
331 907 372 941 et
409 902 590 942 familiae
628 916 712 941 non
751 915 923 955 magnae
954 913 1103 953 magno
1136 907 1249 940 metu
1280 901 1614 947 continerentur,
1656 904 1703 939 ut
1732 911 1900 952 perraro
1918 910 1952 939 to

152 962 287 1012 fieret,
324 969 371 1004 ut
399 964 524 1004 homo
557 965 837 1010 occideretur,
878 963 1004 1016 idque
1035 962 1240 1002 nefarium
1272 976 1319 1003 ac
1350 963 1560 1015 singulare
1591 961 1752 1001 facinus
1783 966 1904 1014 puta-

151 1032 287 1074 retur,
317 1026 423 1066 nihil
454 1040 560 1079 opus
590 1026 719 1065 fuisse
750 1025 905 1065 iudicio
928 1025 979 1064 de
1000 1025 1040 1064 vi
1064 1025 1219 1065 coactis
1240 1025 1492 1078 armatisque
1513 1024 1753 1064 hominihus
1775 1025 1903 1078 (quod

153 1089 263 1129 enim
292 1102 372 1128 usu
402 1101 487 1128 non
517 1089 733 1134 veniebat,
765 1088 815 1127 de
847 1101 896 1126 eo
929 1088 963 1126 si
995 1088 1089 1141 quis
1120 1087 1255 1140 legem
1287 1093 1358 1127 aut
1387 1087 1589 1127 iudicium
1618 1087 1903 1133 constitueret,

152 1164 237 1191 non
268 1155 351 1190 tam
380 1150 601 1204 prohibere
623 1151 833 1189 videretur
863 1163 989 1203 quam
1017 1150 1277 1201 admone1·e);
1317 1147 1374 1190 l().
1405 1150 1470 1189 his
1501 1150 1778 1203 temporibus,
1810 1163 1903 1189 cum

154 1227 207 1254 ex
244 1213 353 1253 bello
385 1214 582 1252 diuturno
613 1218 738 1266 atque
770 1212 999 1251 domestico
1032 1225 1097 1251 res
1136 1212 1177 1250 in
1211 1225 1301 1252 eam
1332 1212 1678 1251 consuetudinem
1709 1213 1954 1258 venisset,t5

153 1282 200 1316 ut
227 1276 418 1315 homines
448 1276 609 1315 minore
639 1275 842 1327 religione
874 1274 997 1313 armis
1027 1279 1266 1321 uterentur,
1298 1288 1467 1314 necesse
1498 1275 1659 1326 putavit
1680 1287 1770 1313 esse
1792 1278 1833 1313 et
1862 1273 1904 1313 in

153 1338 390 1378 universam
418 1337 619 1377 familiam
649 1336 851 1376 iudicium
883 1336 1001 1382 dare,
1035 1336 1148 1389 quod
1179 1349 1203 1375 a
1231 1336 1390 1376 familia
1420 1335 1576 1376 factum
1607 1337 1833 1383 diceretur,
1865 1340 1906 1375 et

154 1400 451 1452 reciperatores
490 1399 611 1447 dare,
650 1404 697 1438 ut
736 1412 861 1452 quam
896 1398 1077 1451 primum
1114 1412 1180 1438 res
1212 1398 1488 1447 iudicaretur,
1535 1403 1576 1438 et
1604 1411 1785 1451 poenam
1816 1411 1907 1451 gra—

153 1462 311 1501 viorem
350 1462 624 1509 constituere,
663 1465 710 1500 ut
738 1467 852 1500 metu
883 1462 1227 1514 comprimeretur
1256 1462 1452 1509 audacia,
1491 1467 1532 1502 et
1561 1462 1677 1502 illam
1707 1461 1906 1501 latebram

154 1525 301 1565 tollere
339 1537 512 1564 nnmvsr
543 1536 715 1564 ixivnu.
785 1519 842 1562 ll.
876 1523 1000 1572 Quod
1036 1524 1080 1563 in
1117 1523 1209 1564 aliis
1241 1525 1377 1564 causis
1409 1525 1532 1565 debet
1559 1525 1697 1564 valere
1729 1529 1769 1563 et
1798 1524 1908 1565 valet
1921 1532 1956 1563 ΞΟ

154 1590 245 1642 lege
275 1588 465 1642 Aquilia,
497 1588 539 1628 id
571 1602 624 1628 ex
654 1587 894 1627 huiusmodi
926 1586 1100 1633 damno,
1135 1587 1249 1640 quod
1279 1587 1319 1627 vi
1350 1600 1425 1640 per
1455 1600 1597 1627 servos
1625 1592 1805 1626 armatos
1836 1586 1908 1627 da-

156 1651 242 1686 tum
280 1650 388 1685 esset
422 1672 1905 1684 ..............................................

157 1735 1399 1748 .......................................
1462 1703 1520 1746 12.
1551 1705 1633 1759 ipsi
1664 1710 1907 1753 statuerent,

158 1783 241 1824 quo
281 1776 469 1822 tempore
508 1775 679 1822 possent
719 1781 793 1808 suo
825 1769 914 1808 iure
945 1781 1060 1808 arma
1090 1782 1259 1822 capere,
1306 1783 1474 1809 manum
1506 1782 1674 1821 cogere,
1716 1768 1908 1809 homines

159 1832 362 1884 occidere.
419 1832 520 1871 Cum
560 1831 760 1871 iudicium
799 1831 855 1870 ita
896 1831 1031 1879 daret,
1076 1838 1123 1872 ut
1151 1833 1230 1872 hoc
1262 1833 1396 1872 solum
1427 1833 1470 1872 in
1501 1833 1704 1872 iudicium
1733 1831 1908 1878 veniret,
1923 1846 1959 1876 25

159 1894 423 1933 videreturne
455 1894 495 1932 vi
526 1893 763 1933 hominibus
796 1894 949 1933 coactis
980 1895 1200 1934 armatisve
1230 1895 1427 1934 damnum
1458 1895 1555 1934 dolo
1586 1894 1695 1934 malo
1726 1893 1909 1933 familiae

160 1957 319 2003 datum,
364 1969 500 2009 neque
540 1955 643 1994 illud
683 1955 853 1995 adderet
886 1967 1065 2003 lxlvnu,
1104 1956 1266 2008 putavit
1306 1970 1348 1995 se
1379 1954 1596 1995 audaciam
1625 1955 1911 2009 improborum

160 2019 398 2066 sustulisse,
431 2032 523 2057 cum
554 2030 670 2070 spem
701 2017 956 2057 defensionis
986 2018 1143 2058 nullam
1174 2019 1426 2072 reliquisset.

245 2104 274 2134 t.
301 2111 401 2135 coxsr
422 2106 426 2140 Ι
447 2112 585 2134 uri-Tri!
609 2103 743 2134 Kellero
768 2106 855 2135 teste
880 2106 961 2135 A.—
987 2104 1042 2144 est]
1070 2105 1169 2135 «Post
1193 2104 1260 2135 hoc
1285 2103 1496 2135 vocabulum
1520 2106 1602 2145 puto
1624 2104 1656 2135 in
1681 2103 1911 2134 Ambrosiano

157 2154 326 2194 scriptum
350 2153 455 2184 fuisse
478 2162 538 2190 NA,
564 2153 584 2183 i.
605 2162 635 2184 e.
655 2162 739 2191 sam,
766 2154 839 2183 tum
864 2154 897 2183 in
921 2154 1081 2192 sequenti
1102 2162 1205 2184 versu
1224 2154 1445 2193 repetitum.»
1470 2154 1569 2184 Rem..
1591 2171 1626 2176 —
1654 2153 1684 2184 Ξ.
1703 2161 1913 2190 εΑΕοεεριιιΕ

157 2203 192 2234 T.
222 2219 256 2223 -—
283 2201 313 2232 3.
340 2201 389 2241 ea]
414 2201 465 2233 Ab
491 2202 557 2233 hac
580 2211 667 2233 voce
693 2203 811 2243 incipit
836 2202 952 2233 solium
978 2202 1249 2234 Ambrosianum
1274 2202 1434 2234 alterum.
1456 2221 1488 2226 —
1517 2204 1570 2234 sed
1594 2203 1692 2234 etiam
1715 2203 1758 2233 ad
1780 2205 1808 2234 A
1819 2204 1853 2233 P.
1874 2220 1906 2225 -

156 2252 200 2283 ad
215 2259 377 2281 summam
394 2260 420 2282 r.
436 2260 471 2290 p.
488 2252 651 2290 pertinere
667 2252 747 2283 hinc
765 2252 958 2284 Victorinus
974 2261 1008 2293 p.
1028 2253 1080 2283 51.
1099 2262 1130 2283 V.
1151 2252 1203 2284 45.
1224 2253 1278 2284 ed.
1299 2262 1332 2284 n.
1353 2270 1390 2276 —
1411 2254 1441 2284 5.
1461 2257 1490 2284 et
1506 2252 1680 2294 sapientia]
1696 2261 1914 2285 ADRAPIESTJA

158 2301 278 2340 (littera
303 2301 327 2331 R
352 2309 502 2341 superne
527 2303 656 2341 puncto
681 2300 811 2338 deleta,
845 2300 957 2332 littera
981 2303 1005 2333 S
1028 2302 1173 2341 adiecta)
1198 2304 1245 2342 A,
1275 2307 1373 2343 atque
1395 2304 1557 2343 sapientia
1574 2305 1608 2334 P.
1631 2321 1665 2325 -
1690 2312 1805 2334 ntum
1821 2304 1857 2335 T.
1875 2322 1910 2327 —

157 2351 187 2382 6.
205 2350 356 2391 hanzines]
373 2358 472 2382 omis
489 2353 527 2387 A.
547 2359 654 2381 omnes
671 2360 752 2382 cum
769 2351 855 2382 Maio
873 2351 910 2382 O.
933 2367 966 2373 —
987 2352 1017 2383 8.
1035 2361 1175 2384 scmexr
1189 2355 1228 2384 A.
1251 2370 1286 2375 —
1304 2362 1370 2384 esse
1393 2353 1493 2393 legem
1510 2361 1628 2384 errore
1646 2353 1799 2393 quodam
1816 2354 1855 2385 H.
1875 2370 1910 2377 ...

157 2401 187 2432 9.
214 2401 423 2432 existumavit
445 2401 469 2432 T
484 2401 589 2432 PBH.
612 2419 646 2423 -
672 2409 754 2431 APVT
773 2403 812 2432 A.
835 2417 868 2422 —
898 2401 948 2432 Δ10.
968 2404 1002 2432 ut
1019 2403 1098 2432 ante
1115 2410 1147 2432 v,
1162 2411 1305 2441 perraro
1323 2411 1392 2434 om.
1412 2403 1447 2441 T,
1466 2406 1495 2433 et
1511 2403 1600 2433 coni.
1619 2403 1731 2434 Beieri
1747 2402 1911 2442 Schulzly.

158 2451 250 2482 4827.
277 2459 310 2492 p.
337 2451 388 2482 67.
417 2466 452 2471 —
480 2451 530 2481 Η.
557 2459 676 2482 οεσιοε
696 2454 701 2488 Ι
720 2459 913 2488 izermano.
940 2450 1050 2482 littera
1066 2452 1092 2482 A
1116 2460 1268 2492 superne
1294 2454 1424 2493 puncto
1441 2451 1555 2483 deleta
1572 2454 1611 2484 A.
1632 2470 1668 2475 -
1694 2451 1744 2493 ac]
1761 2460 1804 2483 ET
1818 2455 1857 2484 A.
1875 2471 1910 2476 —

158 2499 209 2532 114.
228 2510 291 2531 non
308 2503 375 2531 tarn
391 2502 458 2532 cet.
486 2500 534 2531 Cs.
554 2509 588 2541 p.
604 2502 704 2532 Rosc.
723 2503 800 2532 Am.
819 2500 850 2541 ἓ.
865 2501 916 2532 70.
935 2519 969 2523 —
988 2509 1196 2532 PROHIBERET
1211 2501 1322 2533 littera
1340 2511 1359 2532 T
1374 2511 1527 2543 superne
1544 2503 1674 2543 puncto
1691 2501 1804 2533 deleta
1821 2502 1858 2533 T.
1877 2519 1910 2525 —

158 2557 294 2580 merra
310 2551 348 2581 A.
371 2567 405 2571 —
432 2559 640 2582 CUIETBELLO
657 2552 692 2582 T.
713 2569 750 2574 —
777 2551 829 2582 46.
855 2551 901 2590 at]
925 2560 962 2582 υ-
977 2552 1012 2582 Τ.
1035 2570 1069 2573 -
1096 2555 1124 2583 et
1141 2560 1210 2583 om.
1230 2553 1268 2582 A.
1291 2570 1326 2574 —-
1353 2552 1404 2583 47.
1424 2561 1528 2589 Qrom
1547 2576 1553 2582 .
1576 2560 1691 2582 ..ium
1707 2554 1752 2589 A,
1778 2552 1804 2582 si
1829 2552 1914 2590 quod

157 2608 180 2630 a
205 2599 334 2639 familia
358 2600 482 2639 Maius,
517 2601 543 2631 si
573 2601 651 2640 qaid
674 2610 695 2631 a
717 2601 844 2641 familia
863 2601 1092 2634 Heinrichius.
1120 2603 1221 2633 «Post
1244 2601 1409 2633 iudicium
1427 2601 1624 2641 intelligitur
1640 2601 1678 2632 de
1693 2610 1740 2632 eo.
1768 2600 1816 2632 Cf.
1836 2601 1911 2632 53.»

156 2649 270 2680 Bmssn.
289 2668 323 2672 —
343 2650 395 2681 ΞΟ.
412 2659 547 2682 mirum.
574 2651 666 2690 Quod
685 2651 763 2682 BO:
789 2659 932 2690 numi,
951 2652 1036 2690 quod
1052 2652 1166 2689 PHK,
1192 2661 1334 2691 lxmam,
1352 2655 1387 2683 ut
1404 2653 1489 2691 quod
1506 2653 1533 2683 H
1550 2652 1584 2683 in
1601 2650 1834 2682 adnotatione.
1861 2651 1910 2682 Cf.

157 2698 400 2740 supplementa
423 2708 456 2731 V.
482 2701 535 2731 ⁶22.
557 2718 592 2722 —
613 2700 698 2741 aliis]
720 2709 803 2733 ltms
820 2703 857 2731 A.
880 2719 915 2722 —
938 2700 990 2732 ⁶21.
1010 2701 1077 2741 le9e
1091 2702 1240 2741 Aquilia,
1266 2702 1309 2743 id]
1330 2702 1436 2733 Huius
1453 2699 1616 2732 versiculi
1636 2702 1798 2741 quattuor
1815 2699 1913 2731 dum-

156 2749 249 2780 taxat
277 2747 407 2781 litteras
430 2750 464 2780 in
486 2750 514 2781 A
538 2750 744 2790 investigare
768 2750 878 2791 potuit
901 2751 1053 2790 Peyron,
1090 2744 1294 2787 stLEGffln
1331 2751 1366 2782 in
1391 2759 1539 2790 quarum
1567 2752 1743 2791 postrema
1775 2758 1910 2782 errasse

155 2797 316 2836 videtur-3
352 2807 395 2830 ne
424 2807 530 2831 unam
563 2799 706 2840 quidem
730 2800 927 2840 expiscatus
952 2802 1005 2832 est
1028 2802 1147 2833 Maius.
1180 2820 1215 2824 —
1250 2802 1283 2831 ri
1301 2810 1364 2840 per
1385 2810 1493 2832 servos
1516 2804 1662 2832 armatos
1686 2798 1767 2839 cet]
1800 2807 1912 2831 tacens

160 2872 277 2879 .....
302 2857 341 2879 AR
362 2850 366 2885 Ι
386 2856 512 2881 mrrsn
531 2874 537 2881 .
559 2875 566 2881 .
587 2875 593 2881 .
615 2876 621 2881 .
644 2875 649 2881 .
677 2852 714 2881 A.
749 2868 783 2872 —
821 2851 935 2880 datum
964 2851 1051 2892 esset]
1083 2852 1121 2883 In
1152 2852 1204 2883 his
1228 2851 1375 2883 vocibus
1400 2851 1525 2883 desinit
1556 2850 1675 2882 folium
1698 2850 1909 2881 Taurinense

157 2897 316 2930 alterum.
364 2899 435 2930 Hae
470 2899 565 2939 ipsae
597 2901 630 2931 et
660 2899 825 2941 deinceps
854 2901 991 2940 septem
1020 2900 1182 2933 versiculi
1211 2904 1391 2932 ternarum
1423 2901 1593 2933 denarum
1621 2900 1692 2932 fere
1716 2899 1910 2932 litterarum

156 2949 297 2989 praeter
327 2956 456 2989 paucas
486 2957 527 2980 ac
560 2949 728 2981 distantes
752 2950 842 2981 inter
865 2958 902 2980 se
927 2948 1057 2982 litteras
1081 2951 1114 2982 in
1138 2954 1165 2982 A
1188 2949 1252 2990 legi
1279 2953 1470 2991 nequeunt.
1509 2952 1622 2982 datam
1645 2954 1723 2982 esset
1744 2951 1764 2969 *
1780 2950 1799 2969 *
1815 2949 1835 2970 *
1859 2947 1910 2988 [ne

152 2996 290 3038 privati]
316 2997 377 3035 ipsi
399 3001 578 3030 statuerent
602 3001 645 3036 P,
671 3000 784 3031 datum
808 3002 886 3030 esset
908 3000 1090 3040 [manifesto
1114 3001 1344 3040 deprehensum
1368 3010 1531 3040 apparere
1554 3001 1709 3039 iudicavit
1723 3004 1822 3040 atque
1839 3001 1910 3032 ideo

157 3047 194 3078 de
216 3055 340 3078 lxm-nm
363 3057 426 3079 non
450 3049 591 3087 addidit,
628 3059 684 3088 ne,
721 3051 775 3089 qni
798 3049 951 3081 haberent
973 3050 1258 3091 controversiam,]
1296 3051 1355 3090 ipsi
1378 3054 1556 3082 statuerent
1579 3052 1602 3082 B
1617 3051 1659 3087 O,
1696 3051 1809 3081 datum
1831 3053 1910 3081 esset

159 3096 318 3137 [quodque
340 3098 411 3129 iure
427 3108 585 3138 umquam
600 3100 675 3131 dari
693 3108 786 3140 posse
803 3109 841 3130 ne
862 3100 975 3139 putari
991 3100 1119 3139 quidem
1135 3100 1277 3139 deberet,
1304 3101 1422 3132 iudicio
1438 3101 1653 3138 animm-etur,
1678 3108 1717 3131 ne
1730 3100 1910 3139 facinorosi

157 3146 309 3188 homines]
335 3147 394 3186 ipsi
417 3151 594 3180 statuerent
617 3150 643 3180 H
668 3150 701 3180 in
718 3149 951 3180 adnotatione.
983 3149 1032 3181 Cf.
1058 3158 1131 3181 var.
1155 3149 1235 3182 lect.
1257 3149 1300 3181 ad
1323 3159 1356 3181 Υ.
1376 3151 1428 3181 20.
1450 3168 1485 3172 —-
1512 3151 1563 3181 25.
1587 3150 1682 3181 daret
1703 3153 1738 3180 ut
1761 3149 1805 3180 de
1822 3150 1909 3189 Pey-

158 3197 235 3227 roni
259 3197 457 3228 coniectura
481 3198 505 3229 B
520 3198 547 3229 H
562 3198 611 3229 K:
637 3199 774 3229 daretur
796 3201 829 3229 ut
845 3199 958 3230 APO.
991 3198 1040 3230 Cf.
1065 3208 1137 3231 var.
1162 3198 1241 3230 lect.
1267 3199 1312 3231 ad
1335 3208 1367 3231 v.
1387 3199 1453 3237 40„
1479 3199 1539 3230 ubi
1559 3198 1670 3231 habes
1695 3199 1908 3231 contrarium

159 3246 328 3278 mendum
351 3247 385 3279 in
408 3248 444 3279 T.
474 3265 509 3270 —
533 3249 672 3287 veniret,
697 3249 902 3280 videreturne
924 3249 948 3280 B
963 3248 988 3279 O
1002 3249 1089 3280 HK:
1118 3258 1271 3281 VEXJREI‘I
1291 3253 1295 3287 Ι
1315 3258 1508 3281 ΒΕΒΕΤΠυΈ
1530 3251 1575 3287 A,
1600 3249 1710 3280 venire
1730 3250 1906 3288 videretur,

160 3304 200 3326 ne
222 3296 338 3328 addito
361 3296 470 3328 verbo
494 3301 571 3329 esset
593 3300 672 3339 post
693 3307 724 3329 v.
751 3299 863 3329 datum
888 3299 922 3329 P.
955 3297 1003 3329 Cf.
1022 3306 1054 3329 V.
1075 3298 1125 3330 44.
1145 3298 1197 3339 gg.
1218 3298 1269 3330 39.
1287 3298 1340 3331 53.
1367 3298 1586 3344 Wesenberg
1610 3297 1653 3329 ad
1677 3307 1726 3330 or.
1743 3307 1778 3342 p.
1796 3299 1906 3331 Sestio

161 3352 197 3385 p.
214 3345 246 3377 2.
273 3362 308 3367 —
333 3346 386 3378 27.
409 3354 539 3379 annam·
559 3349 598 3379 A.
627 3365 662 3370 —
687 3347 741 3379 ⁶28.
764 3347 966 3388 relinquisset
986 3348 1141 3382 APBH.
