2175 3718
224 241 302 283 438
701 247 752 285 IN
786 247 1002 287 VERREM
1032 246 1193 287 ACTIO
1226 247 1467 288 SECUNDA

221 357 263 396 in
295 369 344 395 eo
375 360 515 397 vestra
545 357 725 410 dignitas
757 358 856 397 mihi
888 358 1066 398 fructum
1099 358 1339 410 diligentiae
1371 361 1562 406 referret,
1603 359 1644 398 id
1685 373 1774 399 sum
1805 374 1971 402 assecu-

221 424 309 465 tus,
349 423 396 458 ut
424 432 509 458 una
537 418 661 466 hora,
706 433 785 473 qua
827 421 945 472 coepi
983 420 1140 465 dicere,
1179 434 1250 459 reo
1282 422 1450 468 audaci,
1493 421 1745 474 pecunioso,
1788 422 1971 473 proquO,

220 480 386 533 perdito
427 495 543 534 spem
583 482 726 522 iudicii
766 483 1059 535 corrumpendi
1103 483 1407 535 praeciderem3
1447 489 1493 522 ut
1532 483 1665 535 primo
1707 482 1773 521 die
1806 484 1972 522 testium

220 546 335 581 tanto
368 556 540 584 numero
575 545 699 584 citato
732 545 913 597 populus
944 546 1153 584 Romanus
1187 545 1388 585 iudicaret
1410 546 1489 585 isto
1511 544 1702 584 absoluto
1726 557 1813 583 rem
1835 545 1973 597 publi-

190 616 310 645 5cam
353 610 462 646 stare
500 620 584 646 non
625 620 769 660 posse,
810 611 857 645 ut
894 607 998 646 alter
1037 608 1125 646 dies
1166 607 1310 646 amicis
1341 607 1460 646 istius
1492 620 1538 646 ac
1569 605 1859 645 defensoribus
1890 619 1974 644 non

220 667 344 707 modo
377 681 491 720 spem
522 669 744 715 victoriae,
777 669 847 707 sed
881 669 1004 707 etiam
1037 668 1293 707 voluntatem
1317 668 1573 707 defensionis
1595 668 1795 714 auserret;
1828 672 1873 706 ut
1895 672 1975 706 ter-

220 728 301 768 tius
344 730 432 769 dies
474 731 532 769 sic
563 730 774 769 hominem
808 735 1112 781 prosterneret,
1156 736 1199 769 ut
1231 730 1374 769 morbo
1406 730 1600 769 simulato
1632 743 1739 776 non,
1781 728 1883 782 qnid
1912 741 1976 767 re-

219 791 465 843 sponderet,
497 793 568 831 sed
602 792 952 845 quemadmodum
986 805 1069 830 non
1099 792 1393 844 responderet,
1426 792 1695 830 deliberaret:
1729 791 1880 830 deinde
1912 804 1975 829 re-

219 853 346 906 liquis
378 854 524 893 diebus
556 854 619 892 liis
651 854 917 899 criminibus,
947 854 1012 892 his
1046 854 1220 892 testibus
1253 859 1293 892 et
1315 854 1483 893 urbanis
1506 859 1545 892 et
1568 853 1894 905 provincialibus
1917 853 1975 891 sic

171 926 205 955 1¹0
220 915 392 954 obrutus
430 921 556 969 atque
597 929 820 968 oppressus
863 920 945 958 est,
989 921 1033 954 ut
1062 916 1126 954 ln‘s
1158 916 1353 954 ludorum
1385 916 1531 954 diebus
1563 915 1819 967 interpositis
1852 927 1973 953 nemo

218 976 341 1015 istum
382 977 812 1030 comperendinatum,
855 977 927 1015 sed
968 978 1289 1016 condemmitum
1329 977 1545 1016 indicaret.
1617 978 1722 1016 vlit.
1754 974 1820 1015 ¹21.
1863 976 1975 1024 Qua-

217 1042 391 1090 propter
421 1051 519 1090 ego,
553 1039 664 1091 quod
697 1038 747 1077 ad
781 1052 844 1077 ine
866 1038 1037 1085 attinet,
1070 1039 1249 1085 iudices,
1282 1039 1381 1085 viei3
1413 1052 1495 1077 non
1519 1039 1628 1078 enim
1651 1039 1784 1091 spolia
1809 1038 1851 1077 C.
1873 1039 1975 1077 Ver-

217 1098 294 1146 ris,
326 1100 398 1138 sed
431 1099 785 1139 existimationem
817 1100 963 1152 populi
986 1101 1161 1139 Romani
1195 1101 1429 1153 concupivi.
1480 1103 1615 1140 Meum
1637 1102 1715 1140 fuit.
1736 1115 1828 1139 cuin
1851 1113 1975 1139 causa

218 1160 415 1199 accedere
447 1161 498 1200 ad
529 1161 831 1201 accusandum:
864 1175 970 1215 qnae
1003 1176 1127 1201 cansa
1159 1163 1237 1202 fuit
1258 1163 1496 1209 honestior,
1529 1177 1652 1216 qnam
1676 1176 1699 1202 a
1721 1169 1802 1202 tam
1824 1162 1973 1202 illustri

170 1237 203 1266 ⁴5
218 1223 435 1276 provincia
465 1222 727 1262 defensorem
759 1225 957 1264 constitui
990 1230 1029 1264 et
1061 1225 1222 1276 deligi?
1266 1226 1322 1265 rei
1365 1225 1557 1278 publicae
1591 1226 1832 1265 consulere:
1873 1224 1975 1277 quid

218 1291 301 1325 tam
322 1300 343 1325 e
375 1299 418 1325 re
450 1285 638 1338 publica,
671 1299 796 1339 quam
827 1287 867 1325 in
901 1292 1013 1326 tanta
1040 1287 1199 1326 invidia
1230 1288 1481 1327 iudiciorum
1513 1287 1719 1326 adducere
1750 1287 1975 1333 hominem,

219 1349 336 1388 cuius
381 1348 646 1388 danmatione
693 1353 804 1387 totus
850 1349 952 1388 ordo
997 1363 1088 1388 cnm
1128 1350 1286 1402 populo
1328 1350 1514 1388 Romano
1557 1354 1595 1388 et
1637 1348 1677 1387 in
1710 1348 1831 1387 laude
1863 1349 1976 1388 etin

219 1411 349 1464 gratia
389 1416 532 1463 posset
570 1412 697 1449 esse?
741 1412 960 1451 ostendere
993 1424 1038 1450 ac
1070 1413 1323 1464 persuadere
1355 1412 1565 1450 bominem
1597 1416 1814 1450 nocentem
1846 1409 1977 1449 addu-

219 1479 329 1513 ctum
362 1487 474 1513 esse:
507 1473 600 1527 quis
632 1478 694 1513 est
724 1474 765 1511 in
797 1474 954 1526 populo
986 1476 1197 1520 Romano,
1231 1475 1301 1527 qni
1333 1473 1412 1512 hoc
1444 1486 1527 1512 non
1560 1486 1611 1511 ex
1643 1473 1781 1525 priore
1812 1473 1975 1512 actione

169 1547 204 1576 20
219 1534 458 1582 abstulerit,
491 1535 677 1574 omnium
709 1540 804 1575 ante
837 1536 1126 1575 damnatorum
1158 1536 1337 1581 scelera,
1369 1535 1500 1581 furta,
1532 1533 1686 1586 flagitia
1718 1535 1751 1573 si
1782 1549 1911 1574 unum
1933 1535 1975 1574 in

218 1598 357 1638 locum
380 1597 668 1644 conferantur,
701 1598 771 1636 vix
794 1611 886 1637 cum
907 1598 1032 1637 huius
1056 1612 1181 1651 parva
1207 1604 1322 1650 parte
1345 1597 1513 1650 aequari
1537 1596 1801 1650 conferrique
1824 1600 1975 1650 posse?

217 1657 284 1699 ⁶2¹2.
316 1660 423 1707 Vos,
466 1660 579 1713 quod
611 1660 662 1699 ad
694 1665 871 1699 vestram
903 1660 1078 1707 samam,
1114 1661 1466 1700 existimationem
1499 1660 1759 1712 salutemque
1792 1674 1976 1699 commu-

218 1735 312 1762 nem
343 1723 548 1775 pertinet,
582 1722 761 1769 iudices,
794 1723 1021 1775 prospicite
1053 1728 1179 1776 atque
1211 1723 1430 1762 consulite.
1472 1722 1680 1775 Splendor
1700 1727 1835 1761 vester
1864 1722 1975 1770 facit,

217 1790 264 1824 nt
294 1798 467 1837 peccare
500 1784 589 1824 sine
621 1798 782 1824 summo
816 1785 874 1824 rei
906 1785 1100 1837 publicae
1123 1786 1373 1824 detrimento
1396 1798 1441 1823 ac
1474 1784 1663 1837 periculo
1686 1797 1769 1822 non
1793 1785 1974 1837 possitis.

167 1848 311 1887 25Non
352 1847 462 1887 enim
504 1852 643 1900 potest
682 1860 849 1900 sperare
891 1847 1072 1900 populus
1114 1848 1324 1886 Romanus
1358 1860 1448 1885 esse
1480 1846 1584 1885 alios
1616 1846 1658 1884 in
1690 1852 1858 1893 senatu,
1904 1848 1977 1900 qui

218 1915 328 1950 reete
360 1910 524 1963 possint
554 1909 762 1956 iudicare,
794 1923 867 1949 vos
899 1910 932 1949 si
964 1922 1048 1948 non
1080 1910 1315 1962 potueritis.
1362 1911 1540 1949 Necesse
1572 1914 1656 1955 est,
1689 1922 1781 1948 cum
1807 1909 1857 1948 de
1886 1914 1975 1948 toto

220 1973 364 2011 ordine
397 1973 648 2024 desperarit,
689 1971 802 2011 aliud
845 1986 975 2021 genus
1005 1971 1222 2010 hominum
1254 1978 1380 2025 atque
1411 1972 1532 2011 aliam
1564 1971 1769 2010 rationem
1800 1972 1978 2011 iudicio-

218 2048 309 2084 rum
340 2034 539 2087 requirat.
599 2034 688 2072 lloe
721 2034 755 2072 si
787 2034 905 2073 vobis
937 2034 1031 2073 ideo
1064 2034 1196 2072 levius
1228 2034 1412 2081 videtur,
1445 2033 1555 2086 quod
1580 2034 1734 2085 putatis
1757 2047 1863 2073 onus
1886 2047 1976 2073 esse

219 2109 342 2148 grave
389 2102 429 2135 et
468 2096 779 2135 incommodum
822 2096 1026 2135 iudicare:
1072 2096 1306 2148 intelligere
1348 2096 1508 2135 debetis
1549 2096 1729 2147 primum
1762 2096 1975 2140 interesse,

168 2168 204 2198 3ο
219 2163 357 2197 utrum
389 2158 429 2197 id
463 2172 569 2197 onus
590 2164 752 2197 vosmet
782 2159 861 2211 ipsi
889 2158 1138 2204 reieceritis,
1170 2172 1243 2204 an,
1277 2158 1388 2210 quod
1411 2158 1586 2210 probare
1609 2157 1765 2208 populo
1788 2158 1974 2196 Romano

220 2218 342 2259 fidem
373 2225 551 2260 vestram
585 2226 625 2259 et
654 2221 898 2272 religionem
931 2234 1014 2259 non
1047 2220 1289 2272 potueritis,
1323 2232 1370 2258 eo
1394 2219 1512 2258 vobis
1546 2218 1757 2256 iudicandi
1789 2224 1974 2271 potestas

219 2288 361 2335 erepta
402 2283 474 2329 sit3
515 2282 666 2321 deinde
707 2282 829 2321 etiam
862 2282 965 2321 illud
997 2282 1201 2333 cogitare,
1245 2286 1401 2333 quanto
1434 2280 1619 2333 periculo
1651 2281 1812 2319 venturi
1846 2281 1973 2319 simus

219 2344 270 2384 ad
303 2358 374 2383 eos
406 2345 589 2391 iudices,
634 2357 739 2397 quos
780 2349 950 2396 propter
981 2343 1122 2383 odium
1154 2343 1283 2382 nostri
1317 2343 1497 2395 populus
1530 2343 1740 2381 Romanus
1771 2341 1821 2380 de
1852 2342 1974 2381 nobis

218 2407 398 2446 voluerit
428 2407 627 2446 iudicare.
687 2404 752 2444 ²23.
784 2407 936 2445 Verum
969 2406 1086 2445 vobis
1119 2407 1252 2445 dicam
1283 2405 1350 2452 id,
1395 2405 1507 2458 quod
1553 2404 1763 2450 intellexi,
1802 2404 1974 2442 iudices.

168 2478 204 2507 35
220 2469 421 2509 Homines
453 2470 600 2508 scitote
631 2482 721 2508 esse
747 2468 972 2521 quosdam,
1005 2482 1110 2521 quos
1139 2474 1297 2508 tantum
1322 2468 1464 2507 odium
1487 2466 1617 2506 nostri
1641 2465 1800 2505 ordinis
1823 2470 1974 2512 teneat,

221 2536 266 2570 ut
295 2531 375 2571 hoc
407 2531 543 2584 palam
577 2531 657 2570 iam
690 2531 904 2577 dictitent,
945 2544 988 2569 se
1020 2531 1167 2577 istum,
1209 2543 1334 2583 quein
1374 2529 1505 2568 sciant
1536 2541 1626 2567 esse
1656 2527 1870 2566 hominem
1901 2527 1976 2565 im-

221 2593 539 2645 probissimum,
581 2593 661 2632 hoc
699 2606 782 2631 uno
822 2593 991 2632 nomine
1022 2593 1182 2632 absolvi
1213 2592 1345 2638 velle,
1386 2596 1430 2630 ut
1459 2591 1510 2630 ab
1542 2595 1687 2630 senatu
1718 2590 1873 2629 iudicia
1902 2603 1977 2642 per

220 2655 492 2708 ignominiam
524 2656 911 2708 turpitudinemque
943 2655 1195 2695 auferantur.
1255 2656 1366 2694 Haec
1398 2669 1462 2694 me
1493 2655 1682 2707 pluribus
1713 2653 1871 2700 verbis,
1913 2653 1976 2692 iu-

223 2718 359 2764 dices,
400 2718 615 2757 vobiscum
646 2730 768 2770 agere
800 2718 933 2769 coegit
966 2731 1049 2756 non
1081 2718 1206 2757 timor
1235 2732 1351 2757 meus
1383 2718 1434 2757 de
1466 2723 1601 2756 vestra
1633 2714 1732 2762 lide,
1775 2716 1848 2755 sed
1881 2728 1975 2768 spes

169 2788 205 2818 40
222 2780 389 2819 illorum
419 2792 541 2826 nova,
574 2792 681 2832 quae
712 2793 805 2819 cum
837 2780 1007 2819 Verrem
1039 2793 1061 2818 a
1087 2785 1207 2832 porta
1238 2780 1374 2818 subito
1407 2780 1457 2818 ad
1488 2778 1689 2817 indicium
1720 2777 1975 2824 retraxisset,

221 3007 314 3039 Solet
343 3009 461 3038 autem
493 3007 614 3038 Cicero
647 3006 753 3037 verba
786 3005 829 3037 ab
861 3006 982 3037 iisdem
1013 3006 1154 3046 syllabis
1185 3006 1379 3047 incipientia
1405 3014 1630 3045 componere.
1660 3023 1692 3027 —
1727 3006 1756 3035 4,
1782 3005 1860 3035 mihi
1884 3005 1972 3044 (Ιίῃη.

222 3057 283 3088 dtt.
311 3057 348 3087 O.
379 3075 412 3079 -
439 3056 469 3088 4.
495 3057 554 3087 isto
580 3057 846 3097 eoni.Zu1npt.:
875 3056 941 3095 ipso
966 3057 1068 3087 codd.
1096 3060 1132 3088 Ο.
1155 3051 1190 3079 -’
1220 3057 1269 3088 Η.
1295 3057 1456 3087 lzonesliffl·
1480 3056 1582 3093 (ὶ3ςῑ
1611 3056 1724 3085 iustior
1748 3054 1808 3085 dtt.
1835 3055 1878 3091 Ο,-
1905 3054 1976 3084 illu-

220 3108 319 3138 strior
342 3106 384 3138 al.
413 3125 448 3129 —
476 3107 527 3137 ⁴5.
555 3106 631 3145 quid
655 3109 722 3136 lam
746 3114 762 3136 e
784 3115 819 3136 re
838 3115 873 3145 p.
900 3106 988 3136 coni.
1010 3106 1120 3137 Madv.
1139 3108 1161 3138 1.
1189 3116 1221 3147 p.
1241 3106 1324 3137 347:
1351 3107 1436 3145 quod
1460 3102 1493 3136 ffi
1514 3115 1548 3136 re
1569 3115 1602 3144 p.
1620 3105 1780 3135 honestius
1797 3105 1863 3136 (³122
1891 3103 1976 3142 quod

223 3160 330 3188 utinen
347 3155 557 3195 respublicas
572 3154 645 3184 hon.
666 3155 724 3189 ‹';t;
744 3155 828 3192 qnod
844 3157 912 3184 Iam
928 3155 1008 3193 reip.
1027 3156 1100 3187 hon.
1119 3166 1150 3193 ςς
1178 3156 1254 3194 quid
1270 3157 1333 3185 iam
1352 3156 1431 3193 reip.
1451 3156 1611 3186 honestius
1626 3154 1687 3185 dtt.
1708 3155 1744 3185 Ο.
1760 3171 1783 3175 —-
1810 3153 1858 3183 18.
1876 3153 1977 3191 possit

223 3206 284 3237 dtt.
312 3208 348 3236 ().
378 3224 412 3227 —
446 3206 497 3236 ΞΟ.
524 3205 556 3235 in
586 3213 687 3234 unmn
719 3204 824 3234 locum
849 3204 910 3234 (itt.
937 3205 973 3235 Ο.
1003 3221 1037 3226 -
1076 3205 1128 3236 il.
1152 3206 1287 3244 possetis
1311 3206 1351 3235 (tt
1375 3206 1434 3242 25.
1465 3222 1499 3225 ——
1538 3204 1589 3234 34).
1616 3204 1792 3242 releyeritis
1817 3203 1862 3233 (33
1876 3213 1908 3240 ς.
1937 3218 1971 3224 -—

224 3255 275 3286 32.
301 3255 447 3293 cwitare
470 3255 510 3285 Gt
529 3255 547 3285 Ξ
568 3255 699 3285 Franc.:
726 3255 776 3285 sit.
803 3255 925 3285 Deinde
941 3271 989 3277 --
1005 3256 1144 3295 cogitate
1167 3256 1228 3286 (itt.
1257 3257 1292 3285 t).
1322 3272 1356 3276 —
1383 3263 1492 3284 smnus
1515 3255 1555 3285 ot
1578 3255 1638 3291 '2³'-
1670 3270 1703 3275 —
1731 3254 1782 3284 38.
1808 3253 1911 3283 nostri
1927 3269 1975 3274 —-

225 3306 262 3335 cle
285 3305 374 3335 nobis
397 3305 437 3335 Gt
458 3305 474 3335 2
499 3303 563 3334 aL:
588 3304 686 3334 vestri
702 3321 748 3326 --
766 3305 802 3335 de
824 3304 911 3335 vobis
935 3304 996 3335 dtt.
1024 3304 1060 3334 Ο.
1092 3323 1123 3325 Q
1152 3305 1203 3335 353.
1229 3304 1326 3335 ¹reslri
1351 3303 1412 3333 (itt.
1439 3304 1476 3333 t).
1506 3321 1540 3325 —-
1568 3303 1619 3333 36.
1645 3302 1803 3332 hominem
1827 3310 1890 3332 esse
1914 3302 1972 3332 (32.

229 3370 262 3377 ·-
290 3353 341 3386 38.
360 3354 438 3386 haec
460 3363 511 3387 me
532 3362 584 3387 res
607 3353 709 3387 codd.
729 3354 811 3386 noti.
836 3353 971 3386 Delevit
993 3363 1044 3386 res
1059 3354 1251 3396 Naugerius
1269 3354 1300 3385 in
1318 3352 1449 3385 Aldina.
1471 3371 1505 3376 --
1531 3353 1650 3384 iudices
1669 3352 1715 3392 pl.
1734 3351 1838 3383 verbis
1854 3350 1916 3382 dtt.
1935 3351 1973 3382 Ο.
