2127 3708
209 224 263 267 40
593 225 790 269 ORATIO
820 226 923 270 PRO
955 227 1071 268 SEX.
1100 225 1293 269 ROSCIO
1322 226 1562 268 AMERINO

209 338 323 392 quod
366 339 500 392 prima
543 340 615 380 illa
648 354 715 380 res
757 340 807 381 ad
839 354 974 379 meum
1007 338 1189 379 officium
1220 340 1419 392 pertinet,
1462 339 1566 379 duas
1595 342 1732 379 autem
1762 338 1946 392 reliquas

207 401 325 440 vobis
355 401 538 453 populus
569 403 779 442 Romanus
810 402 1021 454 imposuit.
1079 401 1166 453 Ego
1197 402 1351 440 crimen
1383 408 1546 453 oportet
1576 401 1756 440 diluam:
1802 413 1875 440 vos
1906 405 1947 441 et

207 462 405 501 audaciae
430 463 623 503 resistere
656 469 695 503 et
726 464 943 503 hominum
973 463 1175 501 eiusmodi
1198 463 1474 514 perniciosam
1495 469 1622 517 atque
1643 461 1946 503 intolerandam

208 523 435 574 potentiam
475 524 609 576 primo
641 538 808 578 quoque
841 530 1026 576 tempore
1058 524 1322 576 exstinguere
1352 529 1475 577 atque
1507 525 1742 577 opprimere
1773 523 1946 565 debetis.

173 586 192 615 ὅ
317 582 383 624 37.
415 585 627 625 Occidisse
657 591 815 638 patrem
847 587 941 624 Sex.
973 586 1147 625 Roscius
1179 587 1380 638 arguitur.
1423 587 1674 633 Scelestum,
1707 586 1749 625 di
1778 586 1946 626 immor-

205 646 332 693 tales,
377 659 423 686 ac
462 647 665 687 nefarium
704 648 864 687 facinus
896 652 1020 700 atque
1053 648 1281 695 eiusmodi,
1326 661 1410 701 quo
1441 662 1526 687 uno
1558 646 1759 688 maleficio
1791 648 1947 688 scelera

205 708 346 748 omnia
376 710 592 762 complexa
625 723 714 749 esse
744 710 976 749 videantur.
1016 710 1178 749 Etenim
1211 711 1266 757 si,
1298 710 1340 748 id
1363 710 1475 763 quod
1508 711 1717 763 praeclare
1738 724 1761 750 a
1783 711 1947 763 sapien-

204 769 315 809 tibus
355 769 529 817 dicitur,
570 771 686 810 vultu
725 784 848 823 saepe
888 771 1068 810 laeditur
1098 772 1250 823 pietas,
1292 772 1406 825 quod
1435 773 1690 825 supplicium
1721 774 1821 813 satis
1853 786 1945 812 acre

203 832 435 885 reperietur
464 832 505 871 in
536 846 652 880 eum,
686 834 756 886 qui
788 838 962 873 mortem
993 835 1192 873 obtulerit
1221 834 1404 885 parenti,
1435 848 1509 886 pro
1543 848 1625 888 quo
1658 836 1763 875 mori
1793 836 1945 888 ipsum,

154 900 190 930 4ο
204 894 238 933 si
268 907 334 933 res
365 894 615 946 postularet,
648 895 738 934 iura
769 895 908 934 divina
929 900 1056 948 atque
1077 896 1258 935 humana
1280 896 1507 948 cogebant?
1554 896 1619 936 38.
1648 898 1694 937 In
1715 898 1794 937 hoc
1817 903 1945 946 tanto,

203 961 285 995 tam
316 956 465 1002 atroci,
497 962 578 996 tam
601 957 799 1009 singulari
823 955 1048 1005 maleficio,
1080 958 1194 1011 quod
1216 959 1272 997 ita
1295 972 1386 997 raro
1410 959 1588 1005 exstitit,
1621 965 1688 1006 ut,
1720 960 1753 998 si
1776 960 1944 1012 quando

202 1017 391 1057 auditum
421 1019 497 1065 sit,
526 1020 709 1071 portenti
740 1032 786 1058 ac
818 1019 997 1072 prodigii
1030 1021 1163 1059 simile
1195 1026 1457 1067 numeretur,
1497 1021 1650 1074 quibus
1682 1021 1868 1069 tandem,
1902 1022 1944 1062 C.

201 1079 347 1126 Eruci,
379 1080 633 1132 argumentis
664 1086 948 1120 accusatorem
980 1096 1124 1121 censes
1148 1083 1206 1121 uti
1230 1084 1454 1135 oportere?
1500 1084 1646 1122 Nonne
1668 1089 1708 1122 et
1728 1083 1944 1123 audaciam

202 1141 315 1188 eius,
356 1142 427 1194 qui
459 1142 502 1180 in
534 1142 688 1181 crimen
719 1148 916 1190 vocetur,
960 1144 1210 1195 singularem
1244 1144 1461 1184 ostendere
1493 1150 1534 1184 et
1563 1158 1698 1185 mores
1728 1145 1838 1185 feros
1869 1146 1945 1184 im·-

152 1210 188 1240 45
202 1216 450 1257 manemque
487 1210 677 1244 naturam
715 1211 755 1245 et
784 1206 908 1245 vitam
941 1207 1052 1245 vitiis
1085 1208 1336 1260 flagitiisque
1368 1208 1561 1247 omnibus
1592 1208 1773 1248 deditam
1804 1213 1845 1246 et
1874 1207 1945 1247 de-

201 1264 328 1317 nique
360 1266 500 1306 omnia
529 1266 580 1306 ad
610 1268 836 1319 perniciem
867 1269 1085 1321 profligata
1117 1275 1242 1322 atque
1272 1269 1462 1321 perdita?
1495 1283 1674 1322 quorum
1704 1274 1749 1309 tu
1770 1268 1875 1309 nihil
1901 1270 1944 1309 in

201 1328 296 1366 Sex.
327 1328 523 1368 Roscium
553 1343 605 1369 ne
637 1330 864 1369 obiiciendi
895 1330 1064 1384 quidem
1098 1345 1220 1370 causa
1253 1332 1480 1371 contulisti.

311 1389 420 1428 XIV.
451 1388 518 1430 39.
557 1392 719 1431 Patrem
750 1392 903 1431 occidit
942 1394 1036 1431 Sex.
1064 1393 1254 1433 Roscius.
1307 1394 1389 1441 Qui
1420 1394 1576 1434 homo?
1607 1394 1945 1434 adolescentulus

201 1456 421 1504 corruptus
454 1458 494 1492 et
522 1453 573 1492 ab
602 1454 842 1494 hominibus
873 1468 1053 1508 nequam
1085 1456 1313 1495 inductus?
1359 1459 1501 1497 Annos
1531 1463 1652 1496 natus
1683 1457 1814 1496 maior
1843 1469 1946 1510 qua-

150 1528 186 1556 20
201 1515 404 1567 draginta.
449 1515 579 1555 Vetus
609 1516 804 1556 videlicet
834 1517 1032 1564 sicarius,
1078 1518 1202 1557 honio
1235 1518 1372 1558 audax
1403 1525 1443 1558 et
1473 1533 1596 1572 saepe
1628 1520 1669 1558 in
1700 1519 1825 1559 caede
1855 1533 1946 1559 ver-

201 1582 327 1616 satus.
372 1577 425 1616 At
463 1576 542 1616 hoc
583 1577 634 1617 ab
665 1584 906 1618 accusatore
938 1592 989 1618 nc
1021 1580 1101 1618 dici
1135 1581 1303 1632 quidem
1335 1583 1522 1621 audistis.
1583 1583 1789 1622 Luxuries
1820 1582 1947 1635 igitur

199 1639 411 1678 hominem
443 1639 638 1679 nimirum
670 1646 710 1680 et
739 1642 845 1680 acris
876 1641 1001 1680 alieni
1025 1643 1265 1692 magnitudo
1298 1649 1337 1682 et
1368 1644 1595 1683 indomitae
1626 1644 1753 1683 animi
1785 1644 1946 1696 cupidi-

202 1705 305 1740 tates
336 1700 388 1740 ad
419 1701 498 1740 hoc
529 1702 665 1741 scelus
697 1703 966 1755 impulerunt.
1012 1705 1071 1743 De
1096 1705 1258 1744 luxuria
1280 1707 1473 1757 purgavit
1493 1706 1692 1752 Erucius,
1725 1719 1817 1745 cum
1841 1706 1946 1746 dixit

199 1763 312 1803 hunc
342 1777 394 1804 ne
425 1764 467 1804 in
499 1763 690 1804 convivio
723 1764 895 1818 quidem
925 1766 1013 1805 ullo
1045 1766 1130 1805 fere
1152 1767 1402 1807 interfuisse.
1448 1769 1559 1807 Nihil
1582 1773 1720 1808 autem
1743 1781 1943 1821 umquam

151 1837 188 1866 25
201 1826 360 1866 debuit.
419 1825 677 1878 Cupiditates
708 1840 833 1878 porro
866 1840 973 1880 quae
1004 1834 1181 1880 possunt
1212 1842 1301 1868 esse
1332 1830 1373 1868 in
1407 1844 1477 1877 eo,
1509 1831 1600 1883 qui,
1634 1836 1680 1870 ut
1709 1831 1796 1882 ipse
1823 1844 1945 1870 accu-

200 1893 313 1928 sator
350 1888 522 1935 obiecit,
565 1889 651 1927 ruri
691 1902 855 1941 semper
893 1889 1090 1929 habitarit
1121 1897 1161 1929 et
1200 1891 1241 1929 in
1273 1904 1372 1943 agro
1405 1893 1580 1932 colendo
1611 1893 1790 1932 vixerit?
1836 1906 1943 1946 quae

199 1950 284 1990 vita
312 1951 490 1990 maxime
513 1950 723 1990 disiuncta
744 1964 768 1990 a
789 1952 1015 2004 cupiditate
1038 1957 1100 1991 est
1121 1957 1160 1991 et
1182 1966 1274 1992 cum
1297 1952 1435 1993 officio
1458 1954 1692 1993 coniuncta.
1738 1952 1803 1993 40.
1825 1955 1944 2002 Quae

200 2025 264 2051 res
294 2012 421 2064 igitur
450 2017 611 2052 tantum
638 2013 765 2052 istum
784 2013 967 2052 furorem
990 2014 1084 2054 Sex.
1108 2015 1257 2054 Roscio
1280 2016 1464 2055 obiecit?
1510 2016 1641 2063 Patri,
1672 2016 1829 2069 inquit,
1859 2029 1944 2055 non

198 2075 401 2127 placebat.
461 2075 594 2122 Quam
635 2076 687 2114 ob
719 2078 916 2115 causam?
959 2090 1129 2115 necesse
1161 2082 1223 2116 est
1253 2078 1363 2116 enim
1395 2092 1484 2117 eam
1516 2092 1689 2131 quoque
1722 2079 1873 2118 iustam
1905 2084 1946 2118 et

150 2149 389 2188 30magna1n
429 2142 469 2176 et
507 2137 770 2189 perspicuam
809 2137 952 2177 fuisse.
1011 2140 1113 2177 Nam
1154 2144 1198 2177 ut
1234 2139 1337 2178 illud
1369 2140 1621 2190 incredibile
1645 2145 1727 2187 est,
1771 2146 1945 2180 mortem

201 2199 381 2237 oblatam
411 2212 501 2237 esse
532 2199 637 2251 patri
668 2212 691 2237 a
722 2198 806 2238 lilio
839 2200 927 2239 sine
959 2201 1149 2252 plurimis
1182 2207 1222 2241 ct
1253 2202 1443 2240 maximis
1475 2203 1629 2249 causis,
1662 2203 1721 2242 sic
1752 2203 1832 2242 hoe
1857 2203 1943 2242 veri

201 2260 337 2299 simile
367 2274 451 2300 non
483 2266 566 2308 est,
607 2261 703 2300 odio
734 2262 863 2301 fuisse,
902 2262 1060 2313 parenti
1092 2262 1222 2302 lilium
1253 2264 1342 2303 sine
1374 2265 1509 2303 causis
1541 2265 1681 2304 multis
1713 2270 1754 2305 et
1783 2266 1943 2318 magnis

201 2328 241 2361 et.
270 2323 531 2362 necessariis.
578 2319 644 2361 41.
677 2323 832 2363 Rursus
864 2324 989 2376 igitur
1020 2325 1166 2364 eodem
1198 2332 1452 2365 revertamur
1474 2332 1514 2366 et
1535 2340 1804 2380 quaeramus,
1836 2341 1943 2380 quae

199 2439 237 2470 de
259 2439 306 2469 his
329 2439 438 2476 rebus,
463 2440 516 2470 sed
539 2449 602 2470 non
625 2440 733 2470 eodem
758 2441 850 2470 modo
874 2441 911 2471 de
934 2441 1089 2472 omnibus.
1128 2442 1302 2474 simillima
1328 2446 1377 2474 est
1399 2444 1648 2483 argumentatio
1667 2444 1699 2475 in
1715 2452 1765 2475 or.
1784 2453 1816 2485 p.
1836 2443 1942 2475 Tullio

200 2488 230 2527 g.
255 2488 286 2518 5.
315 2506 349 2509 —
385 2489 456 2519 ideo
486 2487 580 2527 quod]
615 2488 746 2527 ideoque
768 2489 832 2519 ΜΖ.
863 2505 896 2510 -
926 2491 954 2521 4.
982 2491 1039 2521 illa
1058 2492 1169 2530 prima
1193 2501 1243 2523 res
1266 2494 1329 2523 Mi.
1353 2511 1386 2514 ν-
1413 2494 1442 2523 3.
1468 2494 1650 2524 huiusmodi
1675 2496 1745 2525 Gv.
1766 2511 1801 2514 -
1827 2493 1858 2525 4.
1885 2502 1942 2524 ex-

199 2539 345 2578 tinguere
369 2540 507 2577 Gvac,
538 2539 576 2568 ut
599 2546 750 2578 semper.
780 2556 814 2560 —
849 2539 878 2569 6.
907 2543 1003 2578 atquc
1028 2542 1088 2581 nef.
1116 2545 1151 2572 (ἱ.
1182 2561 1215 2564 »ἡ
1248 2543 1408 2582 maleficiar
1432 2545 1467 2573 (j.
1499 2560 1534 2565 —
1568 2544 1598 2574 7.
1633 2543 1719 2581 quod
1742 2551 1810 2573 om.
1837 2543 1874 2574 G.
1905 2560 1938 2565 —

200 2589 230 2619 8.
256 2588 343 2619 volnt
366 2589 430 2619 Mi.
459 2605 493 2609 -—
521 2588 572 2618 Μ.
599 2587 732 2627 nstitit]
764 2587 838 2619 sort.
865 2591 1000 2620 crstskit.
1030 2610 1064 2613 —
1092 2593 1141 2623 Ἰ12.
1169 2593 1317 2622 audilam
1340 2593 1389 2632 sil]
1419 2591 1534 2623 malini
1560 2593 1708 2623 auditum
1731 2595 1786 2623 est.
1807 2608 1843 2614 —
1870 2595 1942 2623 tan-

199 2639 269 2668 dem
292 2638 426 2675 Madvig
451 2638 522 2678 (Op.
550 2638 589 2669 ll.
614 2646 647 2678 p.
673 2638 783 2676 ⁵227.):
817 2640 946 2670 tandem
971 2644 999 2670 te
1023 2641 1123 2672 codd.
1164 2642 1325 2672 Dissentit
1349 2642 1470 2673 Iordan
1496 2651 1527 2683 p.
1555 2643 1648 2678 6012,
1675 2644 1709 2673 at
1732 2643 1938 2674 sententiam

199 2686 397 2727 generalem
422 2696 514 2725 esse,
540 2696 582 2718 ex
606 2687 825 2718 coniunctim
851 2689 904 2727 qui
930 2682 1104 2721 ini-rimmz
1130 2694 1278 2729 vocetur,
1304 2692 1471 2731 sequitur.
1501 2709 1536 2714 —-
1564 2692 1596 2722 C.
1623 2692 1734 2732 Eruci]
1758 2692 1876 2732 qur-uei
1902 2694 1938 2723 G.

201 2755 235 2759 -
263 2736 313 2768 44.
340 2741 477 2768 vocatur
500 2738 537 2768 C.
566 2755 600 2759 —-
628 2738 678 2768 15,
704 2737 839 2778 (laqiliis
862 2747 893 2769 v.
923 2756 954 2761 —
983 2743 1012 2770 cl.
1035 2741 1180 2781 denique]
1205 2744 1300 2780 alque
1324 2744 1348 2770 t}
1373 2740 1485 2771 solus:
1520 2745 1548 2771 cl
1579 2741 1723 2781 Madvig.
1750 2742 1886 2782 (Opusc.
1915 2743 1939 2773 1.

199 2795 231 2826 p.
260 2786 343 2825 179.)
369 2795 448 2818 cum
479 2786 499 2820 Ε
530 2786 717 2818 delendum
749 2789 886 2823 censct;
923 2788 984 2819 sed
1010 2789 1192 2822 serendum
1214 2791 1364 2827 ridetur,
1404 2800 1482 2821 eum
1509 2792 1540 2821 in
1565 2792 1676 2832 primo
1702 2800 1840 2831 quoque
1866 2790 1941 2822 colo

198 2835 390 2875 partitionis
415 2839 442 2867 et
465 2835 614 2877 legatum
640 2845 672 2867 v.
700 2845 792 2867 nunc
817 2837 917 2877 impr.
944 2838 1047 2869 Klotz.
1074 2839 1127 2870 ed.
1155 2842 1193 2871 ll.
1220 2849 1252 2880 p.
1272 2841 1341 2871 xm
1359 2849 1411 2880 sq.
1437 2857 1472 2862 —
1502 2841 1550 2871 18.
1577 2841 1833 2871 adulescentulus
1849 2842 1885 2871 G.
1903 2858 1938 2863 —-

200 2885 250 2915 49.
276 2893 379 2916 annos
406 2889 503 2917 natus
529 2885 648 2926 maior]
684 2886 732 2917 sic
763 2888 786 2916 G
806 2886 835 2917 M
853 2895 871 2916 v
889 2896 923 2925 a,
962 2889 1069 2925 paru,
1109 2890 1127 2919 6
1152 2891 1248 2928 Oxx.,
1284 2890 1329 2920 St.
1356 2890 1455 2927 vict,
1494 2889 1560 2921 Pal.
1588 2890 1617 2921 53.
1645 2890 1674 2921 8.
1712 2891 1810 2921 Avus.
1837 2890 1938 2921 Mess.

199 2943 230 2974 p.
257 2934 319 2966 (249
344 2936 380 2966 L.
408 2935 473 2974 (hic
497 2938 614 2967 tamen
638 2943 824 2966 numerum
848 2936 1006 2968 vitiosum
1026 2939 1079 2968 LX
1100 2939 1237 2978 habet):
1265 2948 1367 2969 annos
1390 2943 1486 2970 malus
1502 2940 1606 2978 mauis
1624 2939 1689 2970 Pal.
1711 2940 1754 2977 4.,
1781 2947 1818 2975 c3
1847 2939 1942 2970 annis

197 2985 304 3014 maior
327 2986 363 3016 O.
391 2986 440 3016 (tf.
464 2985 609 3023 Madvig.
639 2984 882 3025 Bemerkzmqen
905 2986 1056 3018 iiberlat.
1076 2989 1224 3027 Sprachl.
1251 2998 1282 3029 p.
1302 2988 1353 3020 84.
1382 3006 1416 3010 Η
1446 2989 1494 3019 20.
1521 2989 1676 3030 videlicel]
1699 2989 1827 3020 videtur
1845 2990 1881 3019 G.
1904 3005 1938 3010 -—

198 3034 251 3064 ³23.
278 3034 377 3065 scelus
399 3035 457 3065 hoc
479 3043 511 3065 v.
534 3053 568 3056 —-
589 3034 722 3065 luxurie
739 3035 782 3064 G:
810 3042 840 3064 v.
861 3035 994 3075 Zumpt,
1013 3037 1055 3068 ad
1073 3038 1169 3068 Yerr.
1196 3047 1229 3078 p.
1255 3037 1327 3068 896.
1358 3056 1391 3060 —
1418 3037 1469 3069 24.
1497 3039 1575 3068 nihil
1590 3056 1636 3060 --
1653 3047 1717 3069 esse
1740 3046 1808 3068 om.
1836 3040 1872 3069 G.
1902 3055 1934 3061 —

198 3083 248 3113 ³26.
277 3083 370 3113 obicit
394 3085 436 3121 (ῖς
462 3083 577 3114 abiecit
600 3086 636 3114 G.
665 3101 700 3105 -—
728 3083 777 3114 27.
806 3092 827 3113 α
850 3092 922 3123 cup.
948 3094 1021 3116 ac:
1051 3095 1119 3118 oni.
1145 3098 1165 3118 a
1190 3090 1215 3117 G
1229 3088 1309 3125 Mv,
1335 3087 1352 3117 G
1377 3088 1458 3118 Oxx.
1489 3106 1521 3109 —
1559 3091 1602 3118 esc
1627 3088 1746 3125 llRL,
1777 3087 1863 3117 Gud.
1891 3095 1936 3117 m.

198 3140 284 3169 secu,
318 3132 394 3163 cod.
428 3134 555 3166 Ursini:
587 3142 654 3164 oni.
688 3136 731 3163 est
756 3135 780 3162 G
795 3133 930 3164 Mvac.
961 3152 994 3156 —
1024 3145 1096 3166 cum
1128 3139 1182 3177 off.
1208 3137 1289 3167 coni.
1316 3145 1385 3167 om.
1413 3138 1455 3168 R:
1491 3138 1664 3168 eonimzvla
1687 3144 1756 3167 om.
1783 3137 1936 3173 GTxv;

197 3182 369 3212 conimzcla
392 3186 435 3214 es!
458 3184 505 3214 Mi
535 3181 644 3219 solus,
676 3182 751 3213 fort.
778 3184 891 3213 rcctc:
926 3192 1004 3215 nam
1030 3189 1073 3216 es!
1098 3189 1173 3226 post
1197 3186 1372 3225 cupidilale
1396 3188 1508 3217 minus
1533 3186 1655 3227 placet.
1685 3204 1719 3208 —
1752 3186 1803 3216 28.
1829 3186 1936 3219 Patri,

197 3232 319 3271 inquil,
356 3242 419 3263 non
446 3232 605 3273 placebat]
640 3232 689 3262 sie
713 3234 784 3270 tiu)
798 3241 817 3261 v
850 3234 892 3270 (v.
918 3234 1028 3264 Madv.
1057 3236 1117 3275 Op.
1144 3237 1167 3266 I.
1199 3245 1230 3276 p.
1261 3236 1362 3274 ⁴20.):
1394 3236 1501 3271 l’atri,
1537 3237 1656 3274 inquit,
1693 3235 1935 3274 nonplacebat.

197 3281 286 3312 Patri
311 3291 371 3311 non
394 3281 572 3321 placebat?
595 3281 696 3313 codd.
723 3280 795 3312 rell.
822 3282 892 3312 noti
917 3284 948 3313 et
974 3286 1009 3314 t).
1047 3284 1162 3316 Simile
1188 3287 1240 3316 est
1262 3283 1432 3324 glossema
1458 3285 1543 3316 infra
1568 3285 1598 3325 S.
1617 3284 1668 3316 54
1698 3303 1732 3307 -
1770 3285 1822 3316 31.
1848 3284 1939 3316 abla-

196 3334 264 3362 tam
288 3331 395 3369 GM¹;
431 3332 567 3364 allatam
590 3333 637 3365 Mt
667 3340 712 3363 m.
732 3339 803 3363 sec.
825 3350 858 3354 —
885 3332 936 3364 32.
963 3333 1035 3363 oclio
1053 3334 1187 3374 parenti
1207 3334 1303 3377 fuisse
1325 3343 1357 3366 v.
