2127 3708
206 200 287 242 [144
692 201 747 241 ΙΝ
778 201 829 250 Q.
861 200 1147 243 CAECILIUM
1175 201 1451 243 DIVINATIO

207 312 437 353 cundarum
475 315 547 351 aut
584 312 799 353 tertiarum
834 314 1034 366 partium,
1081 328 1173 353 cum
1214 314 1346 367 possit
1385 314 1600 367 aliquanto
1633 312 1783 353 clarius
1813 313 1950 355 dicere

207 388 333 429 quam
352 374 443 427 ipse
463 374 710 427 primarum,
741 375 916 414 multum
937 375 1213 422 summittere,
1244 382 1290 415 ut
1310 376 1379 414 ille
1402 375 1596 428 princeps
1619 386 1743 427 quam
1768 376 1947 416 maxime

206 437 404 478 excellat:
446 436 505 476 sic
534 436 658 477 faciet
685 437 880 476 Alienus:
919 438 993 476 tibi
1025 437 1200 484 serviet,
1239 438 1313 477 tibi
1344 437 1671 483 lenocinabitur,
1711 436 1847 476 minus
1879 438 1953 476 ali-

206 504 363 552 quanto
408 498 633 539 contendet
675 512 799 552 quam
838 504 988 550 potest.
1049 497 1113 537 4-9.
1155 500 1239 538 Iam
1280 500 1360 538 1100
1391 499 1671 544 considerate,
1717 497 1952 537 cuiusmodi

173 564 467 601 5accusatores
498 561 540 599 in
570 566 684 600 tanto
716 559 870 600 iudicio
902 561 1031 600 simus
1061 560 1263 607 habituri,
1305 574 1398 600 cum
1429 565 1469 600 ct
1500 561 1589 613 ipse
1619 560 1792 599 Alienus
1824 573 1877 599 ex
1907 572 1955 599 ea

204 622 420 670 facultate,
461 623 495 662 si
537 636 659 676 quam
692 622 836 668 habet,
878 622 1137 675 aliquantum
1169 622 1427 661 detracturus
1459 623 1512 662 sit
1559 627 1600 661 et
1631 621 1836 661 Caecilius
1868 625 1954 660 tum

204 685 386 738 denique
418 698 462 723 se
492 683 653 737 aliquid
682 682 868 722 futurum
900 688 1038 735 putet,
1071 684 1105 723 si
1134 684 1306 723 Alienus
1338 685 1474 724 minus
1505 684 1729 723 vehemens
1759 682 1885 722 fuerit
1915 687 1956 722 et

203 747 284 786 sibi
314 747 467 799 primas
498 746 540 784 in
572 745 749 784 dicendo
782 750 919 796 partes
951 746 1216 784 concesserit.
1263 746 1466 793 Quartum
1488 759 1611 799 quem
1643 745 1696 785 sit
1724 745 1955 791 habiturus,

203 821 288 847 non
318 808 464 854 video,
496 807 576 846 nisi
608 820 732 860 quem
758 806 864 846 forte
889 821 940 846 ex
962 807 1034 846 illo
1057 820 1178 859 grege
1200 813 1477 855 moratorum,
1510 808 1582 861 qui
1604 807 1955 859 subscriptionem

155 877 190 906 40
204 870 283 910 sibi
313 869 598 922 postularunt,
640 868 888 921 cuicumque
932 883 1005 908 vos
1036 869 1287 908 delationem
1319 869 1552 909 dedissetis.
1612 868 1677 908 50.
1708 870 1771 908 Ex
1802 869 1954 922 quibus

204 930 470 972 alienissimis
501 930 743 970 hominibus
774 930 831 969 ita
862 936 1030 983 paratus
1061 931 1199 978 venis,
1230 936 1276 970 ut
1306 932 1378 970 tibi
1409 932 1563 984 hospes
1584 932 1737 983 aliquis
1769 932 1822 970 sit
1851 930 1955 970 reci-

203 992 396 1046 piendus.
443 992 605 1040 Quibus
636 1005 712 1045 ego
744 1005 829 1031 non
851 1006 942 1032 sum
965 998 1125 1032 tantum
1146 992 1349 1032 honorem
1368 993 1606 1039 habiturus,
1637 998 1683 1032 ut
1703 993 1756 1033 ad
1777 1006 1826 1033 ea
1846 1006 1955 1046 quae

204 1055 389 1094 dixerint
418 1058 530 1094 certo
562 1054 655 1094 loco
686 1059 758 1094 aut
788 1054 1028 1106 singillatim
1060 1055 1290 1108 unicuique
1321 1054 1624 1107 respondeam:
1666 1055 1725 1094 sic
1762 1055 1954 1101 breviter,

205 1117 405 1169 quoniam
434 1129 519 1155 non
541 1115 757 1163 consulto,
788 1116 861 1156 scd
883 1129 981 1156 casu
1008 1117 1048 1155 in
1071 1130 1216 1155 eorum
1237 1117 1491 1156 mentionem
1513 1117 1664 1164 incidi,
1695 1118 1817 1170 quasi
1836 1130 1956 1170 prae-

155 1189 190 1218 45
205 1178 359 1218 teriens
398 1177 499 1218 satis
531 1177 680 1217 faciam
710 1178 931 1218 universis.
990 1179 1099 1217 XVI.
1132 1180 1317 1218 Tantane
1357 1179 1476 1219 vobis
1516 1179 1660 1232 inopia
1689 1178 1835 1218 videor
1865 1192 1955 1218 esse

203 1240 454 1288 amicorum,
484 1245 532 1280 ut
560 1240 662 1279 mihi
692 1254 777 1280 non
809 1254 861 1280 ex
891 1241 962 1288 iis,
994 1255 1101 1294 quos
1132 1254 1295 1280 mecum
1327 1240 1596 1288 adduxerim,
1627 1240 1700 1281 sed
1722 1240 1772 1280 de
1798 1240 1955 1294 populo

204 1303 465 1356 subscriptor
493 1302 697 1342 addatur?
727 1303 846 1343 vobis
876 1309 1016 1343 autem
1047 1308 1160 1343 tanta
1190 1303 1334 1356 inopia
1362 1316 1528 1343 reorum
1556 1308 1641 1351 est,
1671 1306 1718 1342 ut
1739 1302 1840 1342 mihi
1861 1315 1958 1342 cau-

204 1378 291 1404 sam
321 1365 561 1418 praeripere
592 1365 802 1405 conemini
831 1366 993 1418 potius,
1033 1378 1159 1419 quam
1200 1366 1365 1419 aliquos
1401 1366 1453 1406 ad
1485 1366 1721 1405 columnam
1751 1364 1955 1406 Maeniam

202 1427 331 1468 vestri
370 1427 529 1467 ordinis
567 1440 662 1467 reos
701 1428 952 1481 reperiatis?
1016 1425 1082 1467 51.
1121 1428 1364 1475 Custodem,
1404 1428 1564 1481 inquit,
1608 1427 1745 1467 Tullio
1785 1440 1850 1467 me
1884 1440 1956 1479 ap-

154 1490 362 1543 roponite.
431 1490 577 1538 Quid?
616 1490 718 1530 mihi
760 1503 885 1544 quam
921 1489 1061 1529 multis
1108 1490 1351 1530 custodibus
1393 1504 1497 1542 opus
1537 1490 1637 1537 erit,
1677 1490 1711 1529 si
1751 1494 1790 1529 te
1828 1488 1955 1529 semel

204 1552 257 1592 ad
287 1565 400 1591 meas
430 1565 576 1605 capsas
607 1553 841 1593 admisero?
885 1553 957 1606 qui
987 1565 1072 1591 non
1103 1553 1238 1592 solum
1268 1566 1320 1592 ne
1351 1552 1451 1606 quid
1484 1553 1697 1599 enunties,
1729 1551 1801 1591 sed
1832 1551 1955 1591 etiam

204 1628 257 1654 ne
288 1613 390 1667 quid
420 1614 607 1663 auferas,
646 1615 947 1655 custodiendus
988 1615 1057 1654 sis.
1118 1615 1199 1654 Sed
1231 1615 1280 1654 de
1312 1615 1392 1654 isto
1425 1614 1596 1654 custode
1631 1619 1717 1653 toto
1749 1614 1808 1653 sic
1837 1612 1955 1653 vobis

203 1675 448 1717 brevissime
492 1677 779 1730 respondebo:
824 1690 909 1716 11011
950 1690 1040 1716 0550
1080 1676 1156 1716 1105
1195 1677 1295 1716 tales
1325 1677 1437 1716 viros
1469 1677 1784 1723 commissuros,
1828 1679 1876 1715 ut
1905 1675 1955 1714 ad

205 1752 372 1779 causam
402 1743 578 1787 tantam,
610 1753 634 1779 a
664 1753 728 1778 me
760 1744 1018 1791 susceptam,
1059 1738 1158 1777 mihi
1192 1739 1413 1786 creditam,
1445 1739 1668 1792 quisquam
1699 1737 1958 1789 subscriptor

154 1811 270 1843 25me
300 1800 431 1840 invito
462 1801 677 1854 adspirare
707 1802 853 1854 possit.
912 1801 1077 1840 Etenim
1106 1798 1207 1840 fides
1239 1814 1330 1840 mea
1360 1800 1577 1840 custodem
1606 1799 1822 1853 repudiat,
1864 1798 1958 1838 dili-

205 1863 347 1916 gentia
377 1863 683 1915 speculatorem
712 1863 968 1903 reformidat.

316 1923 382 1965 52.
421 1926 598 1973 Verum,
635 1929 682 1965 ut
720 1926 771 1964 ad
811 1930 872 1973 te,
915 1925 1092 1973 Caecili,
1137 1925 1325 1973 redeam,
1366 1939 1490 1979 quam
1520 1925 1650 1965 multa
1680 1929 1720 1964 te
1751 1921 1957 1972 deficiant,

206 1988 344 2029 vides:
377 2001 503 2041 quam
533 1987 665 2027 multa
695 1987 778 2026 sint
807 1987 851 2026 in
872 1991 933 2034 te,
965 2001 1073 2040 quae
1094 2001 1189 2027 reus
1211 2001 1367 2027 nocens
1389 1988 1431 2027 111
1453 1992 1695 2027 accusatore
1717 1999 1794 2026 suo
1816 1987 1958 2040 cupiat

206 2064 320 2097 esse,
348 2048 536 2103 profecto
558 2049 641 2089 iam
661 2048 874 2101 intelligis.
908 2049 1019 2097 Quid
1041 2051 1092 2090 ad
1113 2050 1216 2090 haec
1239 2050 1321 2089 dici
1342 2051 1509 2103 potest?
1539 2051 1632 2089 Non
1653 2050 1763 2090 enim
1785 2063 1956 2104 quaero,

156 2123 193 2154 30
207 2113 310 2166 quid
340 2117 384 2152 tu
415 2112 602 2152 dicturus
634 2112 718 2151 sis:
749 2112 872 2151 video
904 2112 1004 2151 mihi
1036 2125 1121 2151 non
1152 2118 1213 2160 te,
1245 2112 1317 2151 sed
1347 2112 1457 2151 1111110
1488 2112 1639 2151 librum
1670 2125 1759 2152 esse
1783 2125 1957 2164 respon-

205 2188 369 2222 surum,
409 2187 535 2227 quem
571 2174 754 2213 monitor
791 2178 888 2213 tuus
926 2174 994 2213 hic
1032 2179 1164 2221 tenet,
1203 2174 1297 2227 qui,
1339 2174 1373 2213 si
1412 2180 1451 2213 te
1492 2178 1602 2213 recte
1633 2187 1802 2214 monere
1831 2174 1956 2219 volet,

206 2237 400 2277 suadebit
443 2235 541 2283 tibi,
584 2239 631 2274 ut
669 2235 768 2275 hinc
799 2235 988 2275 discedas
1023 2250 1160 2289 neque
1192 2236 1292 2275 mihi
1323 2236 1494 2276 verbum
1525 2235 1657 2275 ullum
1688 2236 1956 2290 respondeas.

208 2299 320 2347 Quid
358 2298 469 2338 enim
506 2297 649 2337 dices?
704 2298 768 2336 An
799 2298 841 2337 id
872 2298 987 2351 quod
1019 2299 1203 2346 dictitas,
1250 2298 1443 2337 iniuriam
1477 2298 1548 2337 tibi
1579 2297 1728 2338 secisse
1758 2299 1955 2339 Verrem?

206 2360 409 2399 Arbitror.
466 2361 613 2413 Neque
653 2359 763 2399 enim
804 2366 913 2400 esset
942 2361 1028 2400 veri
1067 2361 1225 2407 simile,
1270 2374 1363 2400 cum
1395 2360 1587 2399 omnibus
1620 2361 1773 2401 Siculis
1802 2361 1958 2402 faceret

155 2421 399 2469 35iniurias,
430 2425 470 2461 te
500 2421 562 2460 illi
592 2435 723 2461 unum
753 2422 954 2462 eximium
985 2423 1051 2462 cui
1083 2423 1320 2462 consuleret
1348 2421 1491 2462 fuisse.
1543 2420 1609 2461 53.
1642 2422 1723 2462 Sed
1745 2423 1872 2463 ceteri
1894 2423 1957 2462 Si-

207 2484 289 2524 culi
320 2484 500 2523 ultorem
529 2496 697 2523 suarum
729 2484 976 2523 iniuriarum
1006 2486 1278 2532 invenerunt;
1320 2489 1382 2531 tu,
1422 2485 1520 2524 dum
1556 2488 1647 2524 tuas
1676 2484 1853 2526 iniurias
1882 2497 1959 2538 per

206 2551 267 2594 te,
298 2545 341 2585 id
373 2546 487 2598 quod
516 2558 601 2584 non
630 2551 775 2598 potes,
806 2547 1003 2599 persequi
1034 2547 1222 2595 conaris,
1251 2546 1294 2586 id
1324 2546 1435 2598 agis,
1465 2551 1511 2585 ut
1532 2551 1764 2586 ceterorum
1785 2559 1958 2601 quoque

206 2607 384 2647 iniuriae
414 2607 498 2647 sint
525 2607 754 2661 impunitae
786 2614 911 2662 atque
942 2609 1126 2649 inultae:
1158 2614 1198 2649 et
1227 2608 1305 2648 hoc
1336 2613 1376 2647 te
1398 2608 1617 2660 praeterit,
1649 2622 1734 2649 non
1756 2609 1798 2649 id
1821 2608 1958 2650 solum

205 2669 384 2724 spectari
413 2669 571 2717 solere,
603 2670 674 2724 qui
707 2670 875 2718 debeat,
907 2670 980 2711 sed
1011 2672 1135 2712 etiam
1165 2670 1291 2718 illud,
1322 2671 1395 2724 qui
1428 2672 1562 2724 possit
1589 2671 1758 2722 ulcisci;
1796 2672 1842 2712 in
1871 2683 1956 2726 quo

291 2816 323 2848 7.
347 2815 497 2856 futurum
521 2816 566 2847 ΟΞ
580 2816 794 2857 LdDLgQO:
827 2818 994 2858 facturum
1018 2819 1059 2850 Gi
1089 2817 1132 2850 al.
1161 2837 1195 2841 -—
1226 2821 1255 2850 et
1286 2818 1345 2849 sibi
1375 2819 1415 2849 Gi
1435 2819 1461 2849 D
1487 2828 1520 2859 p.
1539 2827 1607 2851 m.:
1644 2822 1674 2851 et
1696 2819 1753 2852 tibi
1775 2819 1823 2852 (32
1845 2817 1888 2851 al.
1917 2834 1952 2841 —

205 2865 236 2897 9.
261 2868 468 2896 moratorum
491 2865 580 2897 coni.
601 2866 716 2897 Cuiac.
736 2866 862 2898 Obsvv.
882 2868 935 2899 IV.
955 2868 1006 2899 39.
1027 2877 1067 2899 ex
1083 2869 1177 2907 Asc.‚
1203 2869 1236 2900 in
1261 2869 1358 2900 cuius
1383 2868 1460 2899 cod.
1481 2868 1574 2900 Leid.
1593 2877 1635 2900 av
1650 2869 1705 2900 illo
1727 2877 1859 2910 qreyem
1881 2876 1957 2899 ora-

204 2918 313 2946 torum
335 2914 402 2955 legi
424 2916 542 2946 narrat
565 2916 636 2946 Rau
662 2916 687 2946 1.
713 2924 745 2956 p.
769 2916 847 2947 1176:
872 2921 1055 2948 meatorum
1078 2919 1105 2949 D
1120 2918 1185 2954 623
1211 2921 1432 2949 mercatorum
1455 2927 1483 2949 5.
1509 2921 1733 2950 morcalorum
1759 2917 1819 2956 al.;
1846 2920 1957 2949 orato-

203 2973 279 2996 rum
303 2965 342 2996 Gi
362 2964 424 2996 dtt.
452 2980 489 2987 —
517 2963 568 2995 113.
593 2965 784 3005 singillatim
807 2967 908 3006 Lgsst).
935 2968 976 2998 cf.
1003 2968 1033 3008 g.
1060 2968 1113 2999 72.
1139 2968 1193 2999 111.
1219 2968 1249 3007 ἓ.
1277 2968 1348 2999 1100.
1375 2967 1414 2998 V.
1441 2969 1471 3005 ς’.
1499 2967 1571 2999 443.
1598 2968 1761 2999 Kuehner
1783 2966 1829 2998 ad
1852 2967 1952 2999 Tusc.

204 3014 244 3045 V.
270 3014 300 3054 ἓ.
327 3012 390 3046 94:
423 3013 591 3054 sigillatim
614 3015 678 3053 (1'23
712 3015 901 3056 sinyulatim
924 3018 964 3048 Gt
984 3018 1019 3049 O.
1049 3035 1086 3040 -
1119 3018 1171 3049 48.
1203 3018 1246 3048 ad
1272 3017 1457 3047 columnam
1481 3017 1648 3048 Maeniam
1669 3018 1708 3049 A.
1735 3018 1830 3048 Parr.
1856 3015 1953 3056 Lall.‚

205 3063 307 3095 codd.
335 3064 372 3104 (7)
390 3064 463 3096 Urs.
489 3063 656 3095 Wesenb.
683 3064 727 3096 ad
751 3066 837 3097 Sest.
864 3075 898 3107 p.
925 3067 992 3098 67.:
1017 3076 1039 3098 a
1060 3067 1212 3099 columna
1232 3067 1367 3098 Maenia
1390 3067 1509 3097 anc.
1535 3075 1605 3107 pr.;
1631 3075 1654 3097 a
1677 3066 1829 3097 columna
1851 3074 1956 3097 aenea

205 3122 233 3145 s.
259 3122 358 3145 aerea
381 3113 462 3145 cett.
489 3112 591 3145 codd.
618 3114 705 3153 noti,
737 3116 841 3148 etiam
865 3125 897 3154 ς.
933 3134 968 3139 —
1004 3118 1057 3149 21.
1091 3118 1134 3148 ad
1163 3125 1251 3148 meas
1278 3125 1306 3147 c.
1340 3116 1501 3148 admisero
1526 3115 1647 3148 Claud.
1673 3116 1748 3147 Sac.
1773 3124 1808 3156 p.
1835 3115 1888 3146 74.
1916 3132 1951 3136 —

203 3162 257 3193 23.
283 3171 464 3202 numquam
485 3162 565 3193 tales
586 3163 675 3194 viros
697 3165 922 3197 commissuros
944 3167 981 3197 Α.
1004 3184 1039 3188 1-
1064 3167 1116 3198 29.
1142 3166 1281 3206 itztelliqc
1305 3166 1363 3197 GR.
1395 3166 1432 3197 In
1459 3166 1500 3196 Gi
1519 3166 1538 3197 2
1562 3165 1765 3206 saepissime
1789 3165 1956 3205 peccatur

204 3211 238 3243 in
262 3211 562 3244 terminationibus
585 3212 776 3245 verborum
799 3223 879 3254 -νε,
905 3224 1020 3255 -rem,
1046 3219 1141 3255 -ret,
1165 3218 1284 3253 —rent,
1310 3214 1382 3247 aliis
1407 3216 1481 3247 eius
1505 3215 1654 3255 generis.
1683 3232 1718 3236 —
1743 3213 1796 3245 30.
1823 3217 1859 3245 tu
1882 3222 1953 3247 om.

206 3261 252 3292 G2
266 3262 306 3293 D.
335 3279 369 3283 m
394 3271 460 3294 uon
483 3265 512 3294 te
527 3279 546 3285 -
561 3279 580 3285 -
595 3265 678 3294 cenet
700 3263 786 3295 Non.
813 3274 847 3306 p.
865 3264 939 3298 1112.
961 3284 996 3288 -
1022 3266 1075 3299 37.
1099 3276 1166 3299 non
1182 3268 1287 3306 potest
1309 3266 1357 3297 St.
1382 3265 1469 3297 Don.
1496 3264 1541 3297 ad
1564 3265 1640 3299 Ter.
1656 3263 1804 3307 Adelph.
1822 3264 1854 3306 2,
1873 3265 1905 3306 11,
1920 3264 1951 3297 9.

205 3308 281 3342 coll.
307 3309 417 3344 Bentl.
442 3311 487 3344 ad
508 3311 615 3345 Andr.
641 3312 673 3353 2,
699 3313 730 3353 4,
755 3314 807 3346 29.
