2143 3713
1749 224 1830 268 323

780 437 1140 476 ACCUSATIONIS

946 545 987 576 ΙΝ

373 642 1566 700 &VERREM

760 780 906 812 LIBER
941 780 1172 818 QUARTUS.

710 899 812 939 DE
880 898 1229 940 SIGNIS.

229 1142 408 1175 CODICES
431 1142 639 1175 MELIORES
662 1140 739 1173 libri
764 1141 817 1173 lV.
845 1142 878 1173 et
900 1141 957 1172 V.:

183 1205 208 1237 R
234 1215 265 1225 =
289 1205 406 1246 Κυρίας
428 1204 629 1236 parisiensis
655 1212 706 1235 nr.
733 1202 828 1234 7774.
854 1205 898 1241 Α,
926 1203 1023 1234 cuius
1041 1201 1242 1241 collatione,
1268 1200 1331 1234 sed
1347 1209 1470 1242 parum
1487 1204 1667 1241 accurata,
1693 1211 1778 1236 usus
1795 1206 1848 1237 est

101 1255 284 1293 Graevius;
311 1254 454 1286 alteram
478 1264 519 1286 ex
544 1254 699 1293 margine
724 1252 883 1284 editionis
907 1253 1089 1290 Brutinae,
1116 1260 1205 1292 quae
1231 1251 1263 1282 in
1287 1250 1496 1283 bibliotheca
1523 1252 1708 1285 Havniensi
1731 1262 1849 1285 asser-

99 1306 215 1343 vatur,
248 1305 281 1336 in
314 1304 428 1336 lucem
460 1303 598 1345 protulit
622 1302 818 1343 multosque
843 1301 921 1333 inde
945 1300 1041 1333 locos
1066 1301 1264 1333 emendavit
1286 1301 1477 1341 Madvigius
1501 1302 1534 1333 in
1559 1302 1707 1343 Epistola
1732 1304 1849 1335 critica

99 1353 142 1385 ad
167 1353 342 1392 Orellium,
369 1354 518 1385 Havniae
538 1353 630 1384 4828.
657 1354 749 1384 Duas
774 1353 955 1392 praetcrea
979 1350 1081 1382 huius
1105 1350 1233 1382 codicis
1258 1349 1458 1382 collationes
1483 1360 1524 1382 ex
1549 1353 1655 1393 copiis
1672 1351 1850 1385 Orellianis

101 1404 328 1444 depromptas
352 1402 501 1442 benigne
523 1411 663 1434 mecum
689 1402 959 1433 communicavit
975 1401 1146 1439 Baiterus‚
1174 1409 1323 1441 quarum
1341 1410 1445 1433 unam
1464 1402 1679 1441 Hanhartus,
1705 1401 1850 1434 alteram

98 1455 166 1485 Iac.
182 1454 354 1485 Escherus
371 1452 630 1492 diligentissime
645 1452 802 1483 coniecit.
820 1452 867 1482 Ex
884 1451 949 1482 hoc
968 1450 1129 1482 cod.sine
1146 1450 1252 1482 dubio
1267 1450 1463 1492 descriptae
1477 1454 1557 1483 sunt
1573 1450 1752 1490 lectiones,
1765 1461 1852 1493 quas

99 1504 132 1534 in
150 1502 338 1543 exemplari
364 1502 522 1533 editionis
542 1501 799 1538 Lambinianae,
826 1500 919 1541 quod
945 1501 1077 1531 Bernae
1099 1502 1310 1539 asservatur,
1336 1500 1467 1532 invenit
1484 1500 1640 1534 Orellius.
1675 1502 1852 1534 Pertinent

99 1561 161 1584 eae
185 1553 229 1584 ad
254 1552 330 1584 libr.
356 1552 410 1584 lV.
438 1552 468 1592 g.
496 1552 611 1583 4-80.
648 1551 733 1582 Vide
765 1550 878 1582 Orellii
909 1551 1015 1591 Epist.
1044 1551 1118 1581 crit.
1145 1550 1187 1582 ad
1212 1550 1358 1590 Madvig.
1386 1559 1420 1592 p.
1446 1551 1587 1583 Vl—XI.
1637 1552 1731 1590 Quae
1756 1550 1852 1583 Mad-

97 1603 209 1643 vigius
239 1604 355 1644 (Epist.
382 1603 456 1633 crit.
489 1601 533 1633 ad
562 1600 661 1633 Orell.
689 1610 721 1642 p.
750 1602 789 1633 45
813 1610 890 1642 sqq.
923 1602 984 1642 Op.
1010 1602 1034 1632 I.
1060 1610 1093 1642 p.
1120 1600 1180 1632 355
1205 1602 1295 1642 sqq.)
1328 1601 1371 1633 de
1397 1601 1575 1634 codicibus
1600 1601 1852 1634 Parisiensibus

100 1653 134 1683 et
157 1651 200 1684 de
224 1654 342 1683 vetere
367 1650 590 1683 Lambiniano
616 1650 820 1691 disputavit,
854 1660 923 1682 non
954 1651 1047 1682 omni
1072 1660 1113 1682 ex
1143 1654 1241 1692 parte
1265 1660 1348 1682 vera
1373 1660 1451 1684 esse
1476 1652 1795 1684 demonstravimus
1819 1652 1853 1683 in

101 1701 418 1739 Commentatione‚
455 1710 560 1741 quam
591 1700 633 1732 de
670 1700 957 1739 codicibunlibr.
984 1700 1038 1732 IV.
1066 1702 1100 1731 et
1122 1701 1160 1732 V.
1188 1702 1287 1733 oratt.
1314 1701 1450 1733 Verrin.
1478 1701 1719 1743 (Halberstadii
1744 1703 1852 1743 4850.)

101 1751 313 1791 scripsimus.
351 1752 470 1791 Neque
497 1751 589 1782 enim
614 1750 758 1782 dubium
784 1759 862 1782 esse
886 1752 1020 1792 potest,
1047 1750 1128 1791 quin
1154 1749 1288 1781 collatio
1314 1751 1518 1784 Havniensis
1543 1761 1585 1784 ex
1609 1752 1729 1784 codice
1748 1754 1852 1793 Regio

101 1800 195 1832 7774.
221 1802 260 1832 A.
286 1800 443 1841 profecta
467 1801 526 1839 sit,
552 1801 708 1832 Lambini
733 1802 850 1832 autem
866 1803 966 1832 vetus
991 1800 1101 1832 codex
1125 1809 1144 1831 a
1168 1801 1272 1840 Regio
1297 1800 1467 1833 diversus.
1506 1803 1616 1842 Atque
1641 1802 1723 1835 illud
1748 1803 1853 1835 etiam

102 1851 239 1882 certum
263 1851 316 1882 est
338 1851 452 1881 varias
476 1849 660 1887 lectiones,
687 1859 773 1890 quas
799 1850 877 1882 Car.
904 1850 1100 1890 Stephanus
1125 1851 1312 1891 congessit,
1339 1861 1380 1883 ex
1404 1852 1472 1884 hoc
1496 1853 1622 1885 eodem
1646 1855 1750 1895 Regio
1775 1862 1853 1886 esse

103 1900 315 1941 descriptas;
348 1908 429 1931 nam
453 1899 512 1931 ubi
545 1900 743 1940 discrepare
768 1900 930 1930 videntur
954 1908 972 1930 a
997 1901 1118 1940 Regio,
1151 1899 1280 1932 librarii
1305 1910 1462 1933 errorem
1487 1911 1527 1934 ac
1552 1902 1795 1943 negligentiam
1820 1903 1854 1935 in

103 1949 202 1991 culpa
227 1959 305 1982 esse
330 1949 553 1981 manifestum
577 1951 639 1980 est.
690 1948 788 1990 [Cum
813 1948 976 1987 lordan0,
1004 1958 1217 1989 quamquam
1242 1951 1291 1981 tot
1314 1950 1443 1983 codicis
1468 1952 1587 1992 optimi
1605 1951 1806 1985 collationes
1823 1953 1855 1984 ei

102 1998 145 2030 ad
169 2008 294 2031 manus
319 2000 432 2038 erant,
458 2001 573 2030 tamen
598 1998 691 2029 haud
715 1999 834 2039 paucis
859 1998 942 2030 locis
967 1998 1134 2030 dubitatio
1159 2000 1202 2031 de
1219 2009 1302 2032 vera
1329 2001 1459 2033 codicis
1483 2000 1629 2033 lectione
1646 2000 1765 2033 relicta
1784 2001 1856 2034 sue-

101 2049 162 2086 rit,
189 2057 208 2080 a
232 2048 388 2081 familiari
412 2056 510 2087 meo,
542 2049 621 2079 CAR.
647 2048 826 2087 Bunsmso,
859 2050 980 2089 petivi,
1013 2052 1050 2081 ut
1074 2049 1232 2083 codicem
1256 2051 1371 2083 denuo
1397 2053 1589 2089 excuteret;
1624 2051 1722 2083 cuius
1747 2059 1855 2092 opera

102 2099 363 2140 diligentissima
394 2098 537 2130 tandem
566 2097 696 2129 factum
725 2099 798 2137 est,
836 2101 873 2130 ut
900 2107 1022 2131 veram
1052 2099 1182 2132 codicis
1211 2099 1398 2133 lectionem
1427 2100 1557 2142 ubique
1587 2101 1854 2142 repraesentare

100 2158 299 2190 possemus.
333 2148 456 2187 HALnn]

188 2201 230 2231 Gi
250 2199 270 2231 2
296 2210 328 2221 =
354 2196 598 2238 Guelferbytani
621 2196 706 2236 duo,
733 2196 776 2229 de
802 2197 928 2238 quibus
952 2198 1031 2230 vide
1056 2198 1099 2230 ad
1123 2200 1269 2232 Divinat.

188 2248 238 2281 Ld
262 2265 295 2276 =
318 2248 480 2280 Leidensis
504 2247 536 2286 (i.
563 2255 592 2278 e.
619 2248 655 2278 P.
682 2248 812 2279 Francii
837 2249 870 2280 in
895 2249 1127 2280 Perizonianis
1150 2258 1202 2281 nr.
1229 2250 1281 2281 42.
1308 2251 1397 2282 teste
1420 2249 1557 2290 Bakio),
1584 2250 1681 2283 cuius
1705 2249 1856 2283 collatio-

102 2308 183 2332 nem
207 2308 227 2331 a
251 2299 354 2331 Bakio
379 2296 639 2338 diligentissime
665 2297 858 2329 consectam
882 2297 926 2329 ad
950 2306 1006 2329 me
1031 2298 1124 2330 misit
1146 2299 1314 2332 Baiterus.

186 2350 234 2383 R3
258 2348 426 2390 significat
450 2355 662 2379 consensum
685 2346 847 2379 codicum
870 2348 896 2380 R
920 2348 960 2379 Gl
982 2349 1001 2381 2
1027 2347 1088 2380 Ld.

189 2399 236 2432 G3
262 2405 473 2431 consensum
498 2396 660 2429 codicum
685 2397 725 2428 Gt
748 2398 767 2429 2
791 2397 852 2429 Ld.

187 2447 209 2481 λ
233 2460 266 2473 =
289 2450 379 2480 vetus
401 2448 504 2479 codex
526 2446 675 2478 Lambini
698 2447 731 2478 in
755 2456 864 2488 marg.
892 2447 987 2480 4584.

190 2500 214 2532 C
241 2507 274 2519 =
299 2498 497 2531 Cuiacianus
519 2495 698 2528 Guilielmii
721 2497 813 2538 apud
835 2499 1030 2530 Gruterum.

187 2549 217 2581 V
241 2560 275 2573 =
302 2548 496 2584 Vaticanus,
521 2546 580 2586 qui
604 2545 691 2578 haec
707 2546 814 2578 habet
830 2547 1043 2587 fragmenta:
1072 2548 1100 2588 4)
1126 2549 1156 2590 g.
1174 2550 1204 2581 6.
1223 2549 1335 2589 hospes
1348 2553 1426 2581 esset
1440 2550 1595 2581 Heiorum
1613 2567 1648 2573 --
1675 2551 1706 2592 ἓ.
1725 2551 1757 2583 9.
1774 2551 1855 2583 nihil

103 2599 180 2632 dum
203 2599 302 2631 etiam
346 2598 376 2637 2)
402 2596 432 2637 S.
459 2597 510 2628 46.
537 2596 623 2627 domi
645 2605 723 2628 suae
746 2606 811 2628 uon
833 2606 898 2629 esse
922 2614 958 2620 -
986 2597 1017 2638 ἓ.
1045 2597 1096 2630 49.
1120 2602 1236 2639 neyent
1258 2599 1311 2630 isti
1333 2600 1536 2631 onerariam.

188 2648 215 2681 E
239 2666 273 2679 =
296 2646 513 2688 Erfurtensis,
551 2654 593 2677 ex
627 2654 696 2686 quo
731 2646 853 2679 Melch.
886 2647 1044 2688 Hittorpii
1078 2648 1231 2681 schedae
1263 2652 1447 2691 excerptae
1481 2651 1572 2682 sunt.
1621 2651 1700 2683 Eius
1736 2653 1854 2683 autem

103 2697 296 2739 fragmenta
330 2697 520 2737 supersunt
542 2695 641 2727 haec.
691 2696 719 2735 4)
745 2696 774 2737 5.
803 2697 833 2728 4.
861 2713 897 2719 -
924 2696 954 2737 g.
981 2697 1012 2728 2.
1037 2697 1214 2736 reliquisse.
1268 2699 1298 2739 uZ)
1325 2698 1356 2740 5.
1383 2699 1434 2731 38.
1460 2699 1618 2739 Accipite,
1647 2700 1675 2731 si
1696 2700 1793 2732 vultis
1818 2718 1853 2724 -

104 2746 135 2788 S.
154 2747 207 2780 42.
229 2745 574 2787 promptissimumque
596 2749 675 2777 esset
720 2746 748 2786 3)
776 2746 805 2786 ἓ.
825 2745 878 2778 47.
906 2746 990 2786 Quid
1012 2746 1070 2778 hoc
1087 2747 1159 2779 est?
1185 2766 1220 2771 -
1248 2748 1278 2789 ἓ.
1298 2748 1350 2781 49.
1367 2749 1515 2781 vellenda
1529 2750 1660 2781 curavit
1695 2749 1725 2789 4)
1752 2750 1783 2791 S.
1801 2749 1853 2783 54.

103 2797 146 2829 Et
167 2805 207 2830 ne
228 2797 312 2838 forte
335 2795 494 2827 hominem
518 2812 554 2817 —
580 2795 700 2827 solebat
722 2798 750 2827 et
771 2796 887 2834 pallio,
936 2796 965 2835 5)
992 2794 1023 2835 ἓ.
1050 2796 1102 2828 58.
1129 2797 1189 2829 Illa
1209 2806 1286 2829 vero
1310 2798 1378 2829 eius
1399 2799 1561 2839 cupiditas
1586 2816 1619 2822 -
1656 2798 1686 2839 g.
1712 2800 1764 2831 59.
1790 2800 1858 2831 tin-

103 2849 201 2879 ctam.
249 2845 279 2886 6)
304 2845 335 2887 5.
362 2845 415 2877 60.
444 2844 540 2876 Venio
561 2853 648 2876 nunc
670 2854 736 2876 non
758 2845 828 2876 iam
854 2863 888 2867 —
915 2844 946 2885 g.
973 2845 1025 2876 68.
1051 2845 1215 2884 impunita
1245 2848 1434 2880 discesserit.
1481 2848 1510 2887 7)
1537 2848 1568 2889 g.
1594 2848 1646 2880 72.
1672 2849 1747 2880 Fuit
1769 2849 1859 2889 apud

104 2895 296 2937 Segestanos
321 2912 356 2917 —
384 2894 415 2935 ξ.
441 2894 493 2926 77.
515 2898 706 2934 prosecutus
729 2904 803 2927 esse.
851 2895 881 2935 8)
907 2894 937 2935 S.
955 2894 1007 2926 78.
1035 2895 1104 2934 Quo
1127 2897 1258 2936 quidem
1278 2898 1395 2930 scelere
1419 2916 1455 2921 ——
1481 2898 1512 2939 ἓ.
1531 2898 1583 2930 79.
1608 2898 1745 2938 imperio
1767 2899 1858 2931 loca-

103 2948 231 2978 verunt.
279 2946 308 2986 9)
334 2944 365 2986 ἓ.
391 2943 444 2977 94.
475 2945 623 2976 Herculis
651 2945 804 2985 templum
830 2962 865 2967 —
899 2943 929 2984 S.
956 2944 1008 2974 97.
1033 2945 1299 2979 nominabuntur.
1348 2947 1399 2987 40)
1425 2947 1455 2988 5.
1481 2947 1534 2979 99.
1558 2948 1675 2980 Audite
1696 2949 1795 2981 etiam
1820 2966 1856 2972 —-

105 2993 137 3034 S.
155 2995 230 3028 404.
248 2994 448 3027 existimatio
471 2995 659 3028 contineret.
697 2997 747 3037 44)
774 2996 804 3036 S.
824 2995 896 3026 440.
925 2995 986 3034 Qui
1002 2995 1131 3027 tandem
1146 2996 1239 3028 istius
1257 3014 1292 3019 —-
1311 2997 1441 3029 versari
1455 2997 1631 3029 videretur.
1669 2999 1718 3039 42)
1737 2998 1768 3039 5.
1783 2998 1857 3030 447.

109 3043 224 3076 Urbem
245 3044 431 3085 Syracusas
458 3062 493 3067 —
518 3043 549 3085 ἓ.
568 3045 643 3077 449.
667 3054 733 3077 uon
749 3044 923 3076 dubitasset
945 3044 1077 3085 auferre
1121 3044 1171 3085 43)
1196 3046 1227 3087 ἓ.
1247 3045 1321 3078 422.
1345 3046 1446 3078 Aedes
1466 3046 1638 3079 Minervae
1663 3064 1698 3070 —
1724 3046 1754 3087 ἓ.
1782 3047 1856 3080 424.

105 3092 215 3133 factae
235 3103 301 3127 esse
321 3094 508 3127 videantur.

194 3143 284 3184 Lg29
309 3162 342 3174 =
366 3144 683 3185 Layomarsinianus
698 3154 750 3178 nr.
768 3145 837 3185 29„
863 3144 922 3185 qui
945 3151 1159 3184 quamquam
1180 3143 1384 3177 melioribus
1408 3146 1461 3178 est
1484 3144 1781 3186 annumerandus,
1806 3147 1861 3178 ta-

109 3198 191 3224 men
214 3193 353 3233 optimis
377 3192 480 3235 paulo
504 3193 644 3226 inferior
668 3196 731 3227 est.

195 3239 249 3272 Ad
275 3241 536 3275 DETERIORES
565 3243 744 3276 CODICES
775 3243 950 3276 referendi
979 3244 1059 3275 sunt
1088 3244 1195 3276 ceteri
1224 3245 1361 3285 septem
1391 3244 1682 3287 Layomarsiniani
1712 3245 1804 3286 (nam
1827 3244 1862 3276 in

110 3285 188 3320 libr.
205 3289 261 3322 IV.
280 3292 316 3323 et
329 3291 370 3323 V.
388 3291 479 3333 Lgtz
503 3292 536 3324 in
552 3292 765 3325 deteriorum
790 3302 938 3326 numero
963 3294 1045 3334 est),
1070 3293 1231 3332 Palatini,
1256 3295 1482 3334 Francianus,
1510 3295 1744 3332 Gruterianus,
1771 3293 1864 3325 Oxo-

110 3336 230 3370 m'ensis
250 3344 303 3381 ψ,
334 3340 649 3383 Havdecoperanus,
682 3342 904 3384 Sanqaltensis
927 3342 992 3384 (S.)
1021 3342 1114 3384 apud
1143 3342 1306 3378 Orellium
1336 3344 1372 3377 in
1395 3344 1478 3377 edit.
1504 3346 1605 3377 oratt.
1631 3343 1765 3377 selectt.
1790 3343 1860 3376 XV.
