2143 3713
1799 235 1880 278 443

471 490 915 552 SUPPLEMENTUM
954 487 1300 550 APPARATUS
1341 486 1554 547 CRITICI

988 605 1037 634 AD

284 694 560 760 QUATTUOR
590 692 779 735 LIBROS
810 691 1034 735 PRIORES
1066 687 1375 734 ORATIONUM
1405 684 1751 729 VERRINARUM.

902 798 1129 830 CONGESSIT

655 890 977 931 GARoLus
1020 889 1374 930 :atu-mms-

787 1091 936 1128 DlVIN.
966 1091 1016 1127 IN
1048 1089 1242 1127 CAECIL.

232 1190 310 1223 pag.
338 1181 410 1213 403.
438 1181 474 1212 Ιι]
497 1180 538 1212 29
550 1179 579 1219 *)
605 1180 658 1211 est
680 1179 768 1211 haec
792 1179 992 1219 inscriptio:
1018 1178 1054 1209 In
1079 1178 1112 1210 C.
1134 1178 1265 1209 Verrem
1286 1176 1381 1209 Liber
1401 1176 1539 1216 primus.

233 1246 310 1278 pag.
336 1235 410 1268 404.
442 1245 475 1269 v.
499 1236 530 1267 2.
555 1236 616 1266 sim
640 1235 687 1266 ita
709 1235 760 1266 29.
797 1252 832 1257 —-
864 1233 895 1266 4.
922 1234 1139 1266 descenderim
1161 1235 1192 1265 5.
1218 1233 1271 1265 27.
1298 1232 1350 1264 29.
1390 1232 1480 1271 (Orta
1508 1231 1646 1263 videtur
1677 1230 1766 1262 haec
1788 1229 1888 1262 lectio

149 1302 189 1325 ex
213 1294 383 1335 sequente
406 1293 450 1331 is,
474 1292 512 1322 ut
534 1290 641 1322 habet
664 1291 744 1331 Lag.
771 1291 802 1321 4.
829 1290 1052 1328 descenderis.)
1079 1307 1114 1312 —
1147 1290 1178 1321 5.
1203 1289 1238 1319 in
1259 1288 1346 1319 hauc
1366 1296 1504 1319 causam
1526 1287 1579 1318 29.
1607 1304 1642 1309 —-
1669 1286 1700 1318 6.
1724 1285 1804 1317 mihi
1826 1293 1891 1316 esse

142 1348 408 1388 praeponendum
430 1350 573 1378 actorem
596 1347 614 1378 6
639 1346 722 1377 dett.
751 1363 785 1367 —
813 1345 865 1377 40.
890 1346 971 1385 tum]
995 1349 1104 1377 tamen
1127 1346 1229 1385 Lagg.
1249 1345 1390 1385 praeter
1405 1343 1458 1375 29.
1478 1361 1513 1364 —
1540 1342 1593 1374 23.
1619 1342 1738 1373 adduci
1760 1340 1892 1373 habent

147 1405 250 1436 etiam
273 1403 325 1435 29.
352 1402 405 1435 42.
434 1421 469 1425 -
494 1402 547 1434 27.
573 1405 726 1442 quaestor
748 1402 781 1432 in
804 1402 917 1433 eadem
936 1401 1111 1441 provincia
1130 1404 1203 1440 post
1225 1409 1276 1431 me
1299 1402 1503 1438 quaestorem
1523 1398 1635 1439 suisset
1657 1398 1760 1437 Lagg.

231 1468 309 1501 pag.
335 1459 408 1490 405.
433 1467 466 1489 v.
487 1459 516 1489 4.
537 1467 631 1498 posse
652 1458 834 1489 molestiam
857 1458 962 1489 etiam
985 1457 1038 1488 29.
1066 1474 1100 1478 —
1129 1456 1285 1487 dimoveri
1307 1456 1339 1487 5.
1365 1454 1418 1486 29.
1437 1453 1490 1487 42.
1512 1472 1546 1476 -
1575 1454 1606 1486 8.
1632 1462 1682 1485 me
1703 1461 1756 1484 res
1778 1461 1892 1484 conso-

146 1516 235 1546 latur
258 1515 377 1546 iudices
399 1514 452 1545 29.
482 1531 516 1536 —
542 1514 594 1544 44.
620 1513 647 1544 si
669 1513 748 1544 mihi
769 1522 855 1544 unus
878 1513 981 1553 Lagg.
1001 1529 1035 1533 —
1064 1512 1116 1543 42.
1141 1511 1399 1549 sullevandisque
1421 1510 1474 1542 29.
1494 1527 1528 1532 -—-
1557 1510 1608 1541 47.
1633 1509 1802 1550 praeditus
1823 1517 1892 1540 sce-

147 1571 210 1602 tere
232 1570 285 1602 29.
313 1589 348 1592 —
373 1570 427 1601 20.
451 1569 576 1609 factum
598 1572 657 1600 aut
678 1569 848 1600 consilium
872 1570 974 1609 Lagg.
1001 1585 1036 1591 —
1063 1567 1116 1599 22.
1143 1571 1202 1598 aut
1225 1569 1304 1598 ante
1323 1566 1446 1606 populo
1471 1574 1540 1597 om.
1560 1566 1662 1605 Lagg.
1681 1566 1821 1606 praeter
1836 1564 1890 1596 29.

150 1644 183 1648 ——
209 1627 261 1659 25.
285 1626 494 1667 funditusque
523 1626 564 1656 29
597 1634 687 1656 corr.
719 1626 753 1656 et
777 1624 828 1656 42.
863 1643 896 1645 —
932 1624 985 1656 27.
1020 1624 1082 1663 Qui
1104 1641 1123 1645 —
1141 1641 1159 1645 -
1183 1623 1366 1654 desiderant
1399 1622 1500 1653 affert
1526 1622 1656 1652 Auctor
1683 1620 1836 1654 incertus
1859 1620 1892 1650 in

148 1682 280 1714 Anecd.
305 1682 411 1713 Paris.
431 1681 486 1712 ed.
506 1681 666 1712 Eckstein
685 1689 718 1721 p.
738 1681 788 1711 44.
811 1698 845 1702 -—
872 1679 923 1711 32.
942 1679 1113 1711 tribunitia
1129 1680 1170 1711 29
1188 1682 1222 1710 et
1238 1679 1255 1709 7
1274 1678 1358 1710 dett.
1379 1696 1412 1700 -
1433 1677 1485 1709 33.
1502 1677 1660 1708 iudicium
1674 1676 1772 1715 culpa
1789 1675 1820 1706 6.
1837 1674 1890 1706 29.

234 1746 311 1779 pag.
338 1738 411 1769 406.
437 1745 469 1767 v.
495 1737 526 1768 8.
551 1737 682 1768 minime
705 1735 837 1767 habent
860 1736 959 1776 Lagg.
989 1752 1024 1758 -
1053 1735 1103 1767 49.
1129 1744 1195 1766 esse
1218 1743 1285 1766 om.
1304 1735 1345 1767 29
1370 1743 1403 1776 p.
1424 1750 1460 1756 —
1487 1734 1539 1765 25.
1560 1731 1767 1773 percrebruit
1788 1731 1819 1763 6.
1837 1729 1890 1763 48.

153 1812 187 1817 —
213 1793 338 1825 Siculos
360 1793 502 1824 homines
524 1792 564 1823 29
588 1800 622 1832 p.
651 1809 685 1814 —
712 1791 765 1823 34.
791 1792 919 1823 nomine
941 1791 982 1823 29
1006 1792 1040 1823 et
1063 1792 1081 1822 7
1107 1790 1190 1822 dett.

235 1858 313 1890 pag.
340 1849 414 1880 407.
443 1857 476 1879 V.
503 1847 533 1879 4.
565 1856 638 1878 cum
662 1855 730 1878 om.
756 1847 809 1878 29.
840 1865 875 1869 —
911 1848 962 1878 40.
988 1847 1066 1879 haec
1089 1855 1158 1879 om.
1185 1847 1203 1878 6
1228 1847 1262 1877 et
1284 1846 1324 1878 29
1350 1854 1382 1887 p.
1411 1862 1443 1869 —
1480 1845 1534 1876 24.
1558 1846 1772 1876 veruntamen
1794 1842 1835 1874 29
1860 1842 1895 1873 et

150 1906 200 1937 sic
224 1905 375 1946 saepius.
403 1921 437 1925 —
464 1903 516 1935 24.
543 1904 614 1942 quis
638 1903 738 1943 iqitur
760 1905 805 1933 est
829 1903 929 1943 Lagg.
959 1920 994 1924 —
1019 1903 1072 1935 25.
1099 1903 1200 1943 legem
1222 1902 1279 1942 aqi
1302 1902 1353 1932 29.
1381 1900 1448 1939 42.,
1473 1900 1492 1931 3
1517 1899 1583 1932 aiii.
1611 1917 1645 1922 —
1671 1899 1698 1930 si
1719 1899 1798 1929 viva
1819 1905 1896 1929 voce

152 1960 203 1993 42.
224 1978 257 1982 —
285 1960 336 1991 27.
363 1959 502 1990 delubris
522 1959 585 1999 fuit
609 1959 694 1998 quod
717 1967 857 1997 omnes,
883 1960 921 1990 ut
937 1958 1083 1990 videtur.
1100 1976 1135 1981 —
1162 1958 1215 1990 28.
1241 1958 1326 1989 mille
1342 1957 1383 1988 29
1399 1965 1432 1998 p.
1454 1975 1489 1980 »-
1516 1956 1568 1988 32.
1595 1955 1749 1988 eiusmodi
1773 1962 1895 1986 omnes

151 2017 253 2056 Lagg.
281 2033 316 2036 —
343 2015 394 2046 37.
416 2014 556 2054 probari
578 2014 618 2046 29
643 2023 676 2055 p.
704 2031 738 2035 —
766 2014 818 2045 39.
844 2017 973 2045 taceant
996 2015 1100 2045 etiam
1123 2014 1176 2045 29.

237 2079 314 2112 pag.
341 2070 413 2102 408.
439 2079 472 2101 v.
490 2070 521 2102 4.
548 2069 754 2101 arbitramur
775 2070 828 2101 29.
846 2069 899 2101 42.
918 2072 952 2101 et
975 2069 993 2102 4
1011 2069 1094 2101 dett.
1117 2087 1151 2091 —
1178 2069 1208 2101 6.
1227 2069 1261 2100 in
1284 2069 1395 2100 iudicii
1418 2068 1521 2100 etiam
1538 2067 1590 2099 29.
1611 2066 1663 2099 42.
1685 2084 1720 2088 —
1747 2066 1798 2097 40.
1818 2074 1896 2096 nam

152 2126 183 2159 6.
208 2126 260 2158 29.
286 2126 359 2163 42.;
390 2136 469 2158 num
499 2125 572 2157 rell.
602 2143 635 2147 —
669 2126 719 2156 47.
748 2126 784 2164 O.
812 2134 880 2157 om.
907 2126 948 2156 29
972 2134 1006 2166 p.
1033 2127 1067 2157 et
1091 2126 1121 2156 6.
1151 2143 1184 2146 ——
1222 2125 1276 2156 24.
1302 2125 1370 2156 eius
1393 2133 1462 2156 om.
1487 2124 1540 2156 29.
1569 2142 1603 2146 -
1630 2123 1686 2154 tibi
1708 2123 1898 2154 Hortensius

151 2184 358 2223 suffragatur
387 2183 488 2222 Lagg.
515 2183 655 2222 praeter
678 2181 730 2213 29.
771 2199 806 2203 —
837 2181 890 2212 22.
917 2181 958 2213 ab
980 2181 1139 2213 iudicibus
1162 2182 1263 2221 Lagg.
1289 2182 1429 2222 praeter
1451 2179 1508 2218 423
1544 2180 1652 2211 reete.
1688 2197 1723 2201 —-
1754 2178 1806 2210 23.
1832 2187 1898 2209 non

153 2239 238 2270 enim
260 2238 365 2278 inquit
395 2238 476 2269 illud
499 2237 629 2269 habent
652 2246 786 2269 omnes.
815 2253 850 2259 —
877 2238 929 2268 25.
956 2239 1009 2269 sed
1027 2237 1137 2277 potius
1159 2236 1200 2268 ab
1223 2237 1281 2268 hoc
1303 2236 1357 2268 29.
1385 2254 1420 2258 —
1446 2236 1500 2268 28.
1524 2237 1550 2266 is
1572 2234 1704 2266 habent
1726 2235 1826 2274 Lagg.

237 2302 315 2334 pag.
343 2293 415 2325 409.
442 2302 474 2324 v.
495 2294 524 2324 4.
551 2293 673 2324 diutius
694 2292 825 2324 habent
848 2292 911 2324 soli
934 2293 986 2324 29.
1013 2292 1065 2325 42.
1094 2310 1129 2315 —
1166 2292 1196 2324 3.
1223 2296 1252 2324 et
1274 2293 1323 2324 ita
1345 2301 1482 2323 causam
1504 2292 1698 2323 mutandam
1721 2291 1752 2322 5.
1777 2291 1829 2322 27.
1855 2289 1897 2322 42

154 2351 189 2381 et
210 2349 252 2380 29
275 2358 308 2381 v.
336 2350 367 2389 (i.
394 2358 425 2381 e.
452 2348 554 2381 lectio
578 2350 671 2380 varia
694 2350 728 2380 in
753 2349 829 2380 cod.
856 2349 914 2388 29,
941 2350 978 2380 ut
1002 2350 1118 2380 notam
1143 2348 1321 2381 Niebuhrii
1344 2347 1578 2389 interpretor.)
1606 2365 1640 2370 —
1675 2346 1706 2379 4.
1731 2346 1799 2378 vult
1820 2346 1898 2377 imi-

153 2408 238 2436 tetur
260 2405 292 2436 5.
317 2406 369 2436 27.
388 2404 461 2437 48.:
486 2405 555 2436 vult
576 2413 612 2435 uc
636 2405 690 2435 im.
709 2403 782 2436 rell.
803 2422 837 2426 ἡ
866 2405 918 2435 40.
943 2408 980 2435 ut
1000 2405 1080 2436 mihi
1104 2414 1169 2436 non
1191 2413 1276 2436 unus
1291 2405 1393 2445 Lagg.
1415 2422 1450 2426 —
1477 2404 1528 2435 44.
1547 2403 1650 2435 omnis
1672 2404 1752 2444 post
1768 2402 1898 2434 mnnino

154 2459 254 2492 abest
277 2460 320 2492 ab
346 2460 508 2492 omnibus
532 2462 635 2501 Lagg.
661 2462 696 2492 et
718 2462 815 2492 recte
839 2460 993 2501 quidem.
1030 2479 1064 2482 —
1103 2462 1154 2493 42.
1180 2461 1214 2492 in
1238 2470 1300 2501 quo
1324 2470 1381 2502 eqo
1405 2460 1483 2500 quid
1505 2461 1607 2500 Lagg.
1635 2476 1669 2481 -
1696 2459 1750 2490 24.
1775 2462 1900 2498 tempus

153 2517 295 2548 discendi
318 2518 418 2557 Lagg.
440 2534 475 2538 —
501 2516 553 2548 22.
580 2519 749 2556 oporteant
772 2517 824 2548 29.
848 2534 882 2538 —
908 2525 1011 2548 unum
1033 2516 1167 2555 aliquod
1190 2518 1292 2557 Lagg.
1313 2534 1348 2538 —
1375 2516 1426 2548 23.
1448 2516 1516 2556 ipse
1539 2524 1608 2547 0111.
1628 2516 1729 2556 Lagg.
1758 2515 1899 2556 praeter

152 2572 205 2604 29.
232 2589 267 2594 -
295 2573 346 2604 27.
373 2573 522 2604 animum
545 2573 716 2604 advertere
738 2573 839 2613 Lagg.
865 2573 1007 2613 praeter
1021 2572 1075 2605 42.
1097 2590 1131 2595 —
1156 2573 1208 2605 28.
1235 2572 1276 2605 ab
1292 2572 1410 2604 Siculis
1431 2572 1472 2604 29
1497 2572 1603 2613 (recte
1628 2570 1671 2603 cs.
1696 2570 1740 2602 ad
1763 2570 1794 2611 g.
1813 2569 1898 2609 63.);

154 2637 176 2660 a
198 2628 266 2660 Sic.
291 2627 364 2660 rell.
393 2647 429 2651 —
454 2628 507 2661 33.
533 2629 587 2660 sed
610 2629 696 2669 quod
719 2630 749 2660 5.
776 2629 828 2660 27.
855 2629 930 2660 29.;
957 2629 1044 2667 quod
1066 2637 1136 2661 om.
1162 2628 1182 2661 4
1206 2628 1306 2668 dett.;
1331 2629 1385 2661 sed
1407 2636 1481 2660 cum
1504 2626 1557 2660 42.
1581 2626 1635 2659 45.
1659 2644 1694 2648 —
1721 2626 1773 2658 33.
1798 2626 1901 2658 literis

154 2685 188 2716 et
211 2683 252 2717 34
275 2684 468 2724 hasportare
490 2685 543 2717 29.
1494 2690 1497 2695 ’

238 2749 317 2782 pag.
343 2741 417 2773 440.
449 2749 482 2772 ν.
509 2740 540 2772 3.
565 2741 745 2772 discesseris
766 2740 819 2771 29.
848 2758 882 2762 -
916 2741 948 2772 5.
973 2740 1008 2771 in
1026 2741 1202 2780 provincia
1224 2750 1247 2772 a
1272 2741 1370 2773 Verre
1391 2740 1445 2773 29.
1473 2758 1507 2762 -
1541 2740 1587 2771 Μ.
1613 2739 1736 2772 Celium
1757 2738 1798 2770 29
1823 2739 1857 2770 et
1879 2739 1899 2770 5

154 2796 238 2828 dett.
267 2815 301 2819 —
328 2796 359 2828 8.
385 2799 459 2828 sunt
481 2800 511 2828 et
532 2797 611 2828 haec
634 2797 738 2829 etiam
760 2796 814 2828 29.
842 2813 879 2819 —
907 2797 959 2828 40.
986 2797 1056 2827 dieo
1080 2797 1107 2827 si
1131 2800 1160 2828 te
1181 2797 1327 2828 maxime
1348 2797 1451 2838 Lagg.
1476 2797 1616 2838 praeter
1634 2795 1688 2827 29.
1710 2812 1744 2818 -
1769 2795 1822 2826 24.
1841 2797 1900 2826 tua

152 2852 217 2884 ista
240 2861 364 2885 omnes
386 2853 525 2894 praeter
548 2851 600 2884 42.
625 2871 669 2875 ——
691 2853 743 2884 27.
766 2852 912 2894 praetor]
940 2852 1083 2892 populus
1102 2853 1195 2884 Rom.
1220 2852 1273 2884 29.

241 2917 320 2950 pag.
346 2909 420 2940 444.
447 2917 481 2940 v,
499 2908 530 2940 3.
555 2917 663 2940 meam
685 2912 840 2948 tuamque
856 2908 917 2946 273
942 2915 1050 2939 meam
1066 2911 1164 2947 atque
1179 2911 1270 2940 tuam
1284 2907 1426 2949 reliqui,
1451 2909 1491 2940 ut
1504 2906 1652 2939 videtur.
1673 2924 1708 2929 —
1736 2906 1748 2937 4
1757 2907 1787 2938 0.
1805 2915 1899 2938 scru-

152 2963 266 3003 puloso
290 2965 341 2996 29.
363 2983 398 2987 —
423 2964 476 2996 25.
503 2965 703 3006 destinquere
726 2964 778 2996 29.
801 2980 836 2987 —
862 2964 916 2996 26.
937 2966 1078 3004 putasne
1101 2967 1130 2995 te
1148 2972 1242 3004 posse
1264 2963 1359 2996 solus
1375 2964 1406 2996 6.
1427 2981 1462 2986 —
1488 2964 1541 2996 28.
1568 2972 1634 2995 esse
1654 2962 1829 2994 videantur
1843 2962 1896 2994 29.

161 3035 196 3042 -
221 3019 274 3051 29.
299 3021 355 3060 qui
376 3021 532 3052 senserint
554 3019 607 3052 42.

242 3083 320 3116 pag.
339 3077 412 3108 442.
430 3085 463 3108 v.
482 3077 534 3108 40.
553 3077 757 3117 defenderent
771 3077 823 3109 29.
845 3094 879 3098 —
900 3077 952 3108 42.
967 3076 1194 3116 propitior-que
1209 3076 1263 3108 29.
1276 3093 1311 3098 -—
1328 3075 1380 3107 43.
1397 3076 1484 3107 illius
1499 3076 1561 3108 diei
1576 3075 1656 3107 mihi
1670 3075 1722 3106 27.
1736 3091 1770 3096 -—
1792 3074 1843 3105 47.
1862 3073 1896 3106 C.

165 3130 269 3162 Verris
283 3132 423 3172 infamia
435 3134 535 3172 Lagg.
554 3134 694 3173 praeter
705 3133 800 3164 29.—
818 3133 870 3164 49.
884 3133 1018 3173 factura
1030 3131 1070 3162 sit
1082 3130 1122 3163 42
1136 3132 1171 3162 et
1183 3131 1202 3164 4
1216 3131 1314 3163 dett.:
1330 3132 1371 3163 sit
1383 3140 1453 3164 om.
1469 3132 1500 3164 6.
1517 3131 1569 3164 44.
1585 3131 1637 3162 27.
1652 3130 1705 3161 29.
1722 3147 1754 3151 -
1766 3128 1820 3162 24.
1834 3138 1899 3170 po-

161 3186 237 3217 teris
250 3185 291 3217 29
306 3195 340 3228 p.
361 3205 396 3210 —
416 3188 468 3219 27.
488 3188 617 3228 quidem
632 3206 650 3211 -
662 3206 680 3211 -
693 3188 843 3229 futurum
859 3196 928 3220 om.
947 3187 1001 3219 29.
1020 3203 1054 3209 —
1071 3186 1124 3219 38.
1143 3187 1289 3227 quotiens
1303 3187 1344 3219 29
1361 3188 1395 3219 et
1411 3187 1430 3219 6
1446 3186 1502 3219 alii
1518 3188 1553 3219 et
1576 3187 1625 3219 sic
1648 3185 1720 3217 fere
1743 3193 1896 3227 semper.

237 3316 261 3351 *)
280 3315 315 3344 Id
335 3320 383 3346 est
401 3317 474 3354 Lag.
494 3317 546 3355 29,
568 3321 604 3346 ut
622 3318 744 3354 ubique
763 3318 929 3346 brevitatis
950 3323 1050 3346 causa
1070 3315 1269 3353 scripsimus
1304 3314 1419 3346 Littera
1438 3319 1546 3346 autem
1566 3324 1586 3352 p
1608 3315 1707 3352 (velut
1724 3314 1760 3346 42
1779 3315 1812 3353 p)
1832 3323 1897 3346 nu·-

162 3365 251 3388 mero
271 3360 392 3390 codicis
410 3361 680 3398 Lagomarsiniani
699 3361 859 3398 adscripta
877 3361 1033 3398 significat
1056 3360 1192 3398 primam
1210 3366 1353 3389 manum.
