2127 3708
245 185 299 227 24
775 185 972 227 ORATIO
1002 184 1104 226 PRO
1135 185 1177 225 P.
1208 183 1460 233 QUINCTIO

245 300 318 347 rit,
351 312 427 352 ego
459 298 685 352 sponsione
715 298 913 338 vicerim?
957 297 1091 344 Nihil,
1123 297 1284 349 opinor.
1333 297 1639 349 Cognoscamus
1661 295 1854 336 edictum.
1905 296 1986 345 Qv1

246 375 302 402 Ex
331 374 480 402 Emero
511 375 597 402 ini-:o
619 374 660 401 IN
679 372 980 401 POSSESSIONEM
1002 372 1218 399 vmizmxr.
1262 360 1322 398 De
1352 363 1390 398 te
1421 359 1628 412 loquitur,
1658 358 1807 405 Naevi,
1843 371 1987 412 quem-

246 424 471 464 admodum
503 429 547 464 tu
579 429 713 477 putas.
770 423 841 462 Ais
873 422 981 461 enim
1013 427 1052 461 te
1085 435 1136 461 ex
1167 421 1302 460 edicto
1332 421 1510 461 venisse.
1570 420 1682 467 Tibi,
1716 420 1817 474 quid
1846 419 1985 469 facias,

246 484 408 534 definit,
440 491 479 526 te
510 486 711 532 instituit,
743 485 815 524 tibi
846 489 1067 537 praecepta
1097 484 1178 523 dat.
1232 483 1314 522 Eos
1345 495 1413 523 ITA
1443 496 1621 523 vml-:Tvn
1652 496 1693 522 lx
1722 496 1985 523 POSSEssmNE

214 558 340 590 5EssE
373 562 601 589 oronTEnE.
651 547 902 596 Quomodo?
948 547 1067 595 Qvon
1100 559 1245 586 lBlDEM
1276 558 1407 585 RECTE
1431 557 1658 586 cvsroninn
1679 559 1913 593 POTERVNT,
1944 557 1986 585 ιι)

245 625 390 652 mim-:M
424 623 697 658 cvsToo1Asr3
729 623 838 657 Qvon
866 622 944 648 Non
963 621 1199 654 ΡοτΕιινΝτ,
1231 622 1271 647 m
1292 620 1479 648 AVFERRE
1500 623 1552 648 ET
1576 621 1788 649 Assnvcssnss
1811 621 1986 648 Lici-:nm

246 674 357 722 Quid
377 675 493 714 tum?
523 674 744 719 Dosimvm,
770 671 928 724 inquit,
951 684 1123 712 lxviTvn
1146 684 1387 710 DETRVDERE
1410 684 1488 710 NON
1509 684 1677 711 PLACET.
1707 671 1813 710 Eum
1837 670 1987 722 ipsum,

245 736 317 790 qui
349 735 568 776 fraudandi
601 747 724 774 causa
754 734 908 781 latitet,
941 747 1034 774 eum
1065 735 1223 787 ipsum,
1257 747 1379 786 quem
1411 733 1565 772 iudicio
1598 746 1720 773 nemo
1743 732 1989 780 defenderit,

246 812 339 838 eum
370 798 528 850 ipsum,
573 798 644 851 qui
675 811 768 836 cum
800 796 992 837 omnibus
1023 797 1298 837 creditoribus
1331 796 1414 835 suis
1446 796 1551 835 male
1583 801 1697 848 agat,
1732 795 1908 835 invitum
1939 793 1989 833 de

197 869 232 898 40
246 860 417 914 praedio
450 861 613 900 detrudi
640 864 762 900 vetat.
808 857 874 898 85.
904 856 1183 898 proficiscenti
1208 859 1281 898 tibi
1303 858 1345 896 in
1367 858 1676 910 possessionem
1698 864 1865 910 praetor
1885 857 1989 909 ipse,

247 924 343 963 Sex.
373 923 524 970 Naevi,
555 922 692 976 palam
724 922 843 961 dicit:
875 921 932 960 ita
961 922 1198 974 possideto,
1228 927 1274 960 ut
1304 926 1439 959 tecum
1471 920 1592 959 simul
1622 920 1835 972 possideat
1859 919 1991 966 Quin-

247 986 374 1033 ctius;
406 985 462 1025 ita
491 985 727 1038 possideto,
759 989 805 1024 ut
836 983 1033 1032 Quinctio
1065 984 1126 1022 vis
1158 997 1208 1022 ne
1241 981 1448 1022 asseratur.
1509 982 1619 1029 Quid
1649 982 1727 1021 tu?
1774 981 1817 1020 id
1847 994 1991 1034 quem-

246 1047 470 1088 admodum
502 1048 728 1087 observas‘?
770 1046 889 1086 Mitto
921 1046 1023 1085 illud
1056 1045 1211 1093 dicere,
1244 1059 1355 1092 eum,
1387 1045 1459 1098 qui
1489 1058 1573 1084 non
1599 1044 1790 1091 latitarit,
1823 1044 1888 1084 cui
1910 1044 1992 1083 Ro-

247 1123 336 1149 mae
369 1109 536 1157 domus,
576 1123 704 1157 uxor,
736 1108 874 1156 liberi,
905 1114 1150 1161 procurator
1181 1114 1310 1155 esset3
1353 1122 1468 1155 eum,
1501 1108 1572 1161 qui
1604 1107 1677 1146 tibi
1708 1106 1991 1146 vadimonium

198 1181 331 1212 45non
363 1172 638 1219 deseruisset3
669 1171 772 1211 haee
803 1171 941 1210 onmia
972 1171 1110 1211 mitto:
1143 1171 1244 1210 illud
1278 1170 1392 1217 dieo,
1424 1170 1638 1209 dominum
1661 1169 1880 1222 expulsum
1902 1182 1992 1208 esse

248 1236 298 1274 de
338 1234 531 1287 praedio,
570 1233 741 1273 domino
781 1247 804 1273 a
843 1233 1001 1273 familia
1033 1248 1107 1273 sua
1137 1248 1282 1274 manus
1315 1233 1459 1274 allatas
1493 1246 1582 1273 esse
1613 1237 1708 1273 ante
1740 1245 1837 1271 suos
1868 1231 1991 1271 Lares

247 1296 484 1337 familiares.
543 1296 631 1336 Hoc
663 1296 756 1335 dico

1113 1350 1135 1372 x-

974 1381 996 1404 ⁹⁵
1251 1381 1272 1403 ’ὅ

361 1429 403 1468 Si
429 1428 522 1482 quis
544 1441 673 1467 unum
693 1427 875 1481 aliquem
895 1426 1069 1467 fundum
1091 1428 1236 1481 quavis
1257 1427 1417 1467 ratione
1439 1428 1671 1480 possideat,
1700 1427 1837 1480 ipsum
1857 1431 1994 1467 autem

336 1551 365 1582 tt.
390 1550 559 1589 sponsione
579 1549 724 1588 vicerim]
747 1547 809 1580 «al.
828 1549 1031 1588 sponsionem
1052 1550 1204 1581 vicerim»
1230 1560 1247 1581 a
1262 1560 1280 1582 e
1305 1552 1338 1582 et
1358 1560 1425 1591 mg.
1447 1550 1477 1584 (3.
1505 1550 1554 1581 Cs.
1575 1551 1734 1581 Huschke
1752 1548 1848 1581 Anat.
1867 1558 1900 1590 p.
1920 1548 1993 1581 447.

251 1619 286 1623 —
311 1600 343 1632 ⁶2.
368 1600 494 1630 uenerit
517 1601 541 1630 G
556 1600 586 1630 M
604 1608 621 1630 e
639 1598 685 1629 kl
710 1600 745 1630 et
766 1600 812 1637 A,
839 1599 919 1630 item
937 1608 1006 1639 mg.
1027 1599 1057 1632 8.
1081 1618 1115 1622 —
1142 1599 1172 1631 li.
1192 1601 1307 1641 diffini(
1324 1602 1354 1631 k.
1378 1619 1410 1623 -—
1438 1600 1574 1640 ridetur]
1593 1601 1675 1631 iube!
1693 1601 1724 1631 k.
1747 1618 1781 1622 —-
1807 1600 1837 1631 7.
1856 1599 1996 1630 Eum--

247 1659 320 1682 eum
336 1667 353 1671 —
369 1667 386 1671 —
402 1649 485 1689 eum]
510 1658 586 1680 eum
602 1667 648 1672 --
666 1658 739 1680 eum
753 1666 802 1672 -—
817 1658 891 1680 ewn
913 1650 944 1680 k.
974 1666 1008 1670 —
1036 1650 1066 1680 8.
1085 1658 1157 1680 eam
1180 1650 1304 1688 ipsimi,
1332 1659 1425 1688 quein
1448 1650 1566 1681 indicio
1590 1658 1681 1680 nemo
1699 1649 1761 1688 def.
1790 1648 1996 1689 typographi

249 1708 368 1731 errore
393 1707 461 1730 om.
481 1699 519 1730 Ο.
550 1717 584 1722 -
611 1699 786 1740 defenderit
800 1698 949 1730 Klotzius
968 1699 1033 1737 (ed.
1053 1698 1144 1738 alm:
1173 1700 1310 1738 defendit
1332 1701 1390 1730 BG
1406 1700 1449 1737 Κ,
1475 1700 1623 1739 defendat
1640 1702 1664 1730 A
1680 1700 1702 1730 L
1718 1698 1749 1731 (ὅ.
1772 1716 1805 1720 —
1833 1698 1884 1729 40.
1907 1700 1994 1739 prof.

248 1750 282 1781 in
301 1758 386 1789 poss,
408 1758 463 1788 pr.
489 1750 556 1788 ipse
579 1749 635 1780 libi
649 1749 753 1780 Naevi
777 1750 808 1780 k.
830 1767 864 1770 -—
893 1749 943 1780 Μ.
962 1749 1055 1780 edicit
1072 1750 1103 1779 k.
1124 1766 1160 1771 —
1187 1749 1234 1779 ila
1254 1750 1412 1788 possideto
1428 1766 1475 1771 -—
1491 1749 1658 1788 Quini-tius
1674 1757 1742 1779 om.
1762 1748 1792 1778 k.
1817 1765 1850 1769 —
1878 1748 1929 1779 4¹2.
1951 1749 1998 1780 ais

248 1810 313 1831 non
336 1801 499 1840 afferatur
521 1800 542 1830 k
567 1799 601 1830 et
624 1800 665 1837 L,
702 1799 752 1830 ius
778 1808 817 1830 ne
846 1799 1020 1838 aufer-alar
1044 1801 1068 1829 G
1083 1808 1100 1830 a
1118 1798 1138 1829 b
1158 1809 1175 1829 c
1194 1810 1211 1830 e
1229 1808 1248 1839 g
1263 1808 1301 1838 n,
1337 1799 1387 1829 ius
1417 1808 1479 1829 non
1504 1798 1678 1838 auferatur
1701 1796 1735 1828 tl
1755 1806 1787 1828 m
1814 1798 1848 1828 et
1871 1799 1909 1828 A.
1935 1798 1999 1837 (uis

248 1859 289 1880 ne
311 1851 474 1890 afferatur
495 1849 519 1880 B
534 1849 566 1881 M
579 1848 600 1879 d
614 1848 683 1887 hi.)
705 1866 739 1870 »-
768 1849 852 1888 Ouid
874 1847 934 1880 lu?
957 1849 990 1879 id
1006 1849 1129 1880 navius
1154 1849 1247 1889 (Var.
1267 1850 1350 1880 Lect.
1370 1849 1408 1880 ll.
1434 1857 1467 1889 p.
1488 1848 1593 1886 488.):
1622 1846 1733 1886 Ouid?
1757 1850 1791 1877 ta
1806 1847 1839 1877 id
1855 1848 1877 1878 Α
1892 1846 1995 1881 Lsso.

253 1915 288 1920 -—
316 1899 366 1930 43.
391 1908 457 1930 non
480 1907 549 1930 om.
574 1900 601 1931 A
626 1907 706 1930 cum
731 1899 795 1930 Me
821 1900 854 1930 et
879 1907 931 1939 pr.
959 1898 980 1930 f.
1010 1916 1044 1921 —-
1082 1900 1132 1930 45.
1160 1908 1224 1930 esse
1246 1899 1418 1938 expulsum
1445 1899 1582 1938 praedio
1607 1898 1670 1928 ak.
1707 1915 1742 1918 —
1780 1896 1830 1927 46.
1857 1897 1996 1938 domino]

249 1948 336 1979 domi
370 1957 489 1980 errore
523 1948 772 1989 typographico
804 1947 837 1981 ἓ.
875 1965 910 1971 -
946 1948 1059 1979 illatas
1082 1957 1100 1979 e
1126 1950 1160 1980 et
1183 1950 1221 1980 Α.
1250 1966 1287 1971 --
1321 1949 1372 1980 17.
1399 1950 1434 1979 et
1457 1958 1490 1989 p.
1516 1949 1568 1979 ⁶25.
1596 1956 1631 1978 v.
1657 1947 1687 1978 8.
1713 1947 1779 1978 Hoc
1802 1947 1873 1978 dico
1897 1946 1919 1968 ³³
1936 1946 1958 1970 ἲ*
1974 1948 1998 1970 ÷÷÷

248 1998 410 2030 Naevium
433 2007 472 2030 ne
493 1998 672 2038 appellasse
695 1998 835 2037 quidem]
869 1998 940 2035 Sic,
977 1998 1039 2029 sed
1065 1997 1156 2029 nullo
1180 1997 1325 2030 lacunae
1351 1998 1463 2037 sigim,
1490 2006 1543 2029 m:
1579 1998 1636 2028 hoe
1666 1997 1736 2027 dieo
1758 1997 1918 2027 Naevium
1941 2006 1999 2036 ap·-

244 2049 397 2088 pellas-sel
432 2049 492 2088 (pr.
520 2048 698 2086 appellasse
724 2047 826 2087 corr.)
853 2048 980 2086 quidem
1012 2057 1048 2085 e,
1085 2057 1159 2078 eum
1181 2048 1238 2079 hoe
1261 2049 1354 2078 edicti
1377 2048 1507 2078 nomine
1530 2056 1568 2078 ne
1591 2047 1783 2086 appellasset
1806 2047 1933 2085 quidem
1956 2047 1995 2086 k,

249 2099 307 2129 hoe
341 2098 435 2129 edicti
464 2106 567 2128 unwn
592 2106 631 2128 ne
666 2098 857 2136 appellasset
886 2098 1013 2136 quidem
1043 2096 1120 2135 61),
1157 2099 1214 2128 hoe
1245 2099 1338 2128 eclam
1366 2106 1467 2128 annm
1500 2105 1538 2128 ne
1569 2096 1632 2137 (me
1656 2098 1690 2136 B)
1717 2096 1906 2135 appellasset
1930 2098 2000 2136 qui-

250 2155 322 2186 dem
344 2155 368 2186 B
386 2163 404 2185 c
422 2154 442 2185 d
460 2162 480 2194 g
496 2154 517 2184 h
535 2154 562 2191 i,
595 2154 652 2184 hoc
676 2154 770 2184 edicti
796 2163 865 2185 naa
887 2162 926 2184 ne
948 2153 1126 2192 appellasse
1149 2154 1276 2192 quidem
1300 2154 1328 2191 s,
1363 2153 1421 2183 hoe
1445 2153 1537 2183 edicli
1560 2153 1690 2183 minime
1714 2152 1905 2191 appellasset
1931 2154 2000 2191 qui-

250 2205 321 2235 dem
356 2205 403 2243 M,
439 2205 496 2234 hoe
526 2204 664 2234 edictam
692 2213 795 2234 umam
824 2213 864 2235 ne
891 2203 1083 2243 appellasset
1119 2203 1246 2242 quidem
1277 2202 1337 2242 al,
1374 2204 1431 2234 hoe
1465 2204 1576 2234 eadem
1605 2212 1706 2233 unani
1736 2212 1775 2233 ne
1805 2204 1998 2242 appellassel

249 2255 377 2293 quidem
406 2264 438 2285 n.
487 2254 586 2285 Teste
623 2254 815 2285 Ilotomano
854 2254 914 2285 Ms.
956 2262 1023 2283 non
1061 2253 1301 2292 pervetustum
1341 2253 1373 2284 in
1414 2253 1566 2292 margine
1606 2252 1818 2292 adscriptum
1854 2252 1996 2284 habuit:

251 2304 333 2335 «Hic
364 2305 396 2334 in
426 2304 564 2334 vetusto
594 2302 783 2344 exemplari
808 2303 876 2334 duo
902 2301 976 2334 solia
1002 2304 1100 2333 erant
1123 2301 1310 2333 abscissa.»
1361 2303 1466 2334 Deest
1495 2303 1633 2342 praeter
1662 2302 1770 2333 verba
1804 2301 1915 2333 finalia
1947 2311 2000 2334 se-

249 2352 352 2384 cundi
388 2353 510 2393 capitis
546 2353 684 2383 tertium
719 2352 911 2392 partitionis
946 2352 1065 2391 caput,
1102 2352 1134 2382 in
1160 2360 1227 2390 qno
1265 2353 1378 2382 orator
1413 2351 1675 2382 demonstrabat
1710 2353 1875 2384 Naevium
1908 2352 1999 2384 bona

250 2402 395 2441 Quinctii
420 2410 461 2432 ex
486 2401 599 2432 edicto
624 2410 691 2432 non
717 2401 936 2441 possedisse,
974 2409 1053 2431 cum
1078 2401 1245 2440 principio
1271 2400 1405 2441 epilogi.
1458 2402 1502 2431 Ex
1530 2401 1690 2432 codicum
1721 2401 1830 2434 turbis
1856 2405 2011 2443 apparet·

250 2453 355 2484 etiam
390 2451 499 2483 verba
531 2452 600 2482 dieo
633 2452 666 2482 et
693 2451 855 2482 Naeeimn
886 2450 1113 2481 incertissima
1147 2458 1244 2487 ess03
1284 2450 1566 2490 insequentibus
1591 2458 1730 2490 quoque
1755 2452 1863 2491 magis
1888 2451 2001 2492 placet

250 2502 487 2532 coniunctivus
512 2500 704 2540 appellasset
729 2501 769 2540 (B
785 2502 807 2531 G
824 2499 878 2531 ab
893 2509 911 2530 e
925 2499 946 2530 d
960 2508 979 2539 g
994 2500 1015 2530 h
1030 2500 1037 2530 i
1051 2500 1070 2530 k
1085 2498 1091 2529 l
1108 2499 1145 2538 n)
1172 2508 1276 2539 quam
1301 2500 1485 2531 infinitivus
1503 2501 1690 2539 appellasse.
1718 2502 1804 2532 Nam
1823 2501 1909 2532 haec
1927 2502 1998 2534 tere

250 2550 399 2582 arbitror
417 2551 572 2591 proxime
590 2551 844 2591 praecessisse:
870 2550 976 2581 Docui
1001 2559 1063 2580 non
1078 2549 1176 2588 faisse
1191 2558 1346 2584 causam.
1372 2561 1431 2582 (-ιιν
1449 2551 1645 2595 postularet,
1668 2551 1813 2589 primum
1830 2552 1914 2589 quod
1931 2553 1997 2584 cet.

250 2601 298 2633 Cf.
328 2602 358 2641 g.
384 2601 423 2631 37
442 2610 519 2641 sqq.
547 2601 578 2639 g.
598 2599 638 2632 42
663 2608 742 2640 sqq.
770 2618 806 2622 —
835 2600 884 2631 48.
912 2599 1015 2631 lulius
1040 2600 1245 2631 Severianus
1271 2608 1302 2640 p.
1331 2599 1402 2632 3-20.
1431 2600 1485 2631 ed.
1506 2601 1633 2640 Capp.:
1661 2600 1771 2631 Cicero
1792 2609 1853 2639 pro
1872 2601 2001 2640 Quintio

249 2651 432 2682 adversarii
456 2650 672 2691 definitionem
695 2658 737 2681 ea:
760 2650 909 2688 opinione
932 2650 1097 2680 hominum
1122 2649 1345 2688 repreliendil:
1370 2650 1401 2680 Si
1426 2650 1483 2690 qui
1508 2668 1525 2672 -
1541 2667 1558 2672 -
1574 2667 1591 2671 —
1616 2649 1809 2689 possidere.
1856 2651 2001 2690 Exponit

249 2700 292 2740 (el
310 2701 403 2739 ponit
426 2701 519 2731 recte
545 2700 613 2731 (luo
640 2699 748 2731 Codd.
776 2701 922 2739 Monac.)
950 2699 1164 2740 definitionem
1187 2709 1305 2730 suam:
1336 2699 1421 2737 Quid
1447 2701 1517 2738 cst,
1552 2699 1677 2738 inquil,
1712 2699 1919 2739 possidere‘?
1948 2701 2001 2731 ni-

249 2751 376 2781 mirum
399 2768 417 2773 -
432 2768 450 2773 -
466 2768 484 2773 -
508 2750 689 2791 possideri.
736 2750 854 2781 Probat
880 2750 1019 2781 Nevium
1041 2758 1106 2779 non
1130 2749 1232 2787 bona,
1263 2750 1317 2781 sed
1337 2750 1510 2789 praedium
1532 2750 1729 2787 possedisse:
1763 2749 1850 2780 Cum
1875 2748 2000 2781 domus

249 2801 341 2837 erat,
377 2801 498 2840 inquil,
536 2802 683 2838 Romae,
714 2801 804 2832 servi
829 2801 861 2832 in
887 2800 960 2841 ipsa
985 2798 1106 2837 Gallia,
1138 2800 1270 2840 privata
1287 2817 1362 2822 —-—
1379 2808 1482 2830 ausus
1508 2807 1545 2830 es
1570 2799 1769 2839 possidere;
1806 2802 1835 2829 el
1857 2799 2000 2840 colligit:

249 2848 347 2887 Quod
373 2849 400 2880 si
424 2848 516 2880 bona
536 2850 571 2880 P.
592 2849 715 2887 Quintii
741 2848 958 2890 possideres,
981 2849 1143 2887 possidere
1167 2858 1276 2880 omnes
1298 2858 1333 2881 eo
1359 2849 1428 2879 iure
1451 2848 1573 2879 debere.
1611 2849 1746 2879 Primus
1770 2849 1862 2880 hunc
1885 2848 2000 2881 locum

248 2899 358 2930 attulit
382 2901 459 2931 Gar.
478 2900 508 2930 ⁵2.
548 2900 690 2930 Ceteros
716 2899 799 2938 sugit
822 2900 966 2939 propter
990 2899 1157 2930 mendum
1183 2899 1470 2940 typographicam
1496 2899 1527 2929 in
1553 2898 1667 2929 Indice
1686 2898 1844 2930 editionis
1862 2899 2001 2940 Cappe—

248 2949 385 2980 ronerii.
433 2948 529 2980 Aliud
556 2957 695 2988 quoque
721 2948 953 2987 fragmentum
978 2949 1021 2979 ad
1047 2958 1096 2980 or.
1124 2950 1348 2986 Quinctianae
1372 2948 1426 2979 vel
1452 2949 1517 2980 hoe
1542 2949 1645 2989 caput
1668 2947 1721 2979 vel
1746 2957 1775 2980 c.
1801 2949 1853 2980 27.
1880 2949 2000 2981 referri

248 2997 337 3030 solet
361 3008 402 3031 ex
427 2998 565 3039 Ulpiano
590 2997 647 3029 lib.
674 2998 726 3029 59.
752 2998 793 3029 ad
820 2998 979 3030 Edictum
1005 3000 1035 3038 ξ
1055 2999 1094 3030 li:
1122 3000 1206 3037 Quid
1229 3000 1269 3030 sit
1291 3002 1399 3030 aulem
1420 2997 1551 3029 latitare
1569 2999 1746 3029 videamus.
1784 2999 1931 3029 Latitare
1950 3000 2003 3030 est

246 3058 328 3087 non,
354 3052 389 3079 al
412 3049 522 3080 Cicero
546 3048 669 3089 definit,
695 3049 805 3089 turpis
830 3048 1014 3080 occultatio
1039 3050 1110 3085 sui;
1134 3053 1238 3089 polest
1261 3049 1345 3080 enim
1369 3049 1439 3087 quis
1463 3049 1596 3079 latitare
1619 3058 1680 3079 non
1706 3047 1794 3087 turpi
1817 3048 1854 3079 de
1870 3056 1999 3087 caussa,

245 3097 344 3129 veluti
368 3098 422 3136 qui
446 3098 580 3137 tyranni
604 3098 828 3129 crudelitatem
851 3099 939 3129 timet
963 3101 1021 3129 azot
1043 3099 1109 3136 irim
1132 3100 1270 3130 hostiam
1294 3102 1351 3129 aul
1368 3099 1558 3129 domes-[icas
1581 3098 1757 3129 seditiones.
1795 3097 1862 3128 Sed
1886 3098 2001 3129 incer-

248 3147 419 3178 tissimum
444 3156 522 3179 esse
549 3156 617 3179 non
643 3148 747 3178 modo
772 3148 815 3179 ad
841 3148 934 3188 quod
959 3149 1059 3179 huius
1085 3150 1248 3181 orationis
1272 3149 1390 3189 caput,
1418 3148 1479 3178 sed
1497 3148 1540 3179 ad
1558 3157 1662 3188 quem
1682 3147 1857 3179 Ciceronis
1874 3146 2000 3178 librum

246 3197 332 3228 haec
357 3196 510 3228 definitio
534 3198 725 3238 pertineat,
752 3199 831 3238 post
856 3199 1088 3229 liotomanum
1116 3198 1170 3237 (ad
1189 3208 1217 3230 c.
1238 3198 1301 3238 49.)
1328 3198 1422 3228 recte
1443 3198 1573 3228 monuit
1590 3196 1744 3228 Kellerus
1769 3205 1802 3237 p.
1823 3196 1875 3227 65.
1894 3205 1926 3226 n.
1945 3195 1997 3227 43.

248 3264 283 3268 —
309 3246 345 3277 Si
368 3247 440 3285 quis
464 3247 540 3279 cod.
561 3248 789 3279 Emmeranus
815 3248 852 3286 E,
870 3248 949 3279 LIX.
978 3256 1070 3278 nunc
1094 3248 1225 3280 Monac.
1253 3248 1323 3279 Lat.
1344 3245 1460 3278 44436.
1487 3246 1563 3278 See.
1586 3246 1655 3278 XII.
1677 3245 1741 3286 (E):
1769 3246 1796 3276 si
1821 3246 1898 3285 quid
1921 3245 1998 3277 eod.

245 3296 378 3332 Monac.
404 3294 551 3329 Elector.
578 3298 678 3329 Num.
705 3297 778 3329 756.
807 3296 880 3338 (M),
907 3298 942 3329 Si
965 3298 1022 3337 qui
1046 3298 1152 3339 Capp.
