2143 3713
737 224 832 264 CAP.
864 223 973 263 xm.
1011 221 1085 276 §§·
1116 221 1308 264 27-29.
1813 221 1893 263 727

148 335 326 388 exempli
365 348 487 375 causa
525 334 565 374 id
605 347 754 373 nomen
795 336 1056 382 invenerant,
1103 340 1300 388 putarunt
1344 349 1487 375 omnes
1519 336 1736 383 mulieres,
1782 350 1890 390 quae

147 397 450 449 coemptionem
480 395 680 442 facerent,
720 397 841 435 Gaias
871 398 1020 436 vocari.
1071 398 1154 436 Iam
1185 396 1287 436 illud
1320 397 1419 436 mihi
1451 397 1619 450 quidem
1651 399 1798 438 mirum
1831 400 1889 438 vi-

147 459 235 498 deri
266 458 390 505 solet,
422 463 482 497 tot
511 457 719 504 homines,
758 463 835 497 tam
870 459 1130 509 ingeniosos,
1162 471 1235 510 per
1266 463 1324 497 tot
1354 472 1483 498 annos
1515 460 1637 499 etiam
1668 474 1777 499 nunc
1809 467 1890 501 sta-

149 525 263 559 tuere
294 531 376 557 non
407 519 611 571 potuisse,
643 526 777 559 utrum
810 520 917 559 diem
951 522 1113 559 tertium
1147 533 1197 559 au
1228 520 1524 571 perendinum,
1555 521 1733 561 iudicem
1755 535 1805 561 an
1828 535 1890 562 ar-

148 582 318 627 bitrum,
349 594 434 619 rem
465 593 517 619 an
548 580 658 620 litem
691 581 770 620 dici
794 588 1014 634 oporteret.
1070 582 1177 620 Xlll.
1202 579 1265 619 28.
1302 582 1473 633 ltaque,
1505 588 1549 621 ut
1569 582 1678 629 dixi,
1710 583 1922 635 dignita55

147 643 188 681 in
220 642 297 681 ista
326 642 498 681 scientia
529 643 757 682 consularis
789 656 1011 696 numquam
1045 643 1144 690 fuit,
1177 656 1287 695 quae
1320 648 1404 681 tota
1436 656 1485 681 ex
1509 644 1630 683 rebus
1653 642 1758 685 lictis
1779 659 1890 685 com—

146 704 435 757 menticiisque
477 709 706 751 constaret;
752 707 905 758 gratiae
944 718 1041 744 vero
1083 705 1211 743 inulto
1254 705 1376 743 etiam
1417 705 1567 743 minus.
1627 705 1749 753 Quod
1781 709 1890 748 enim

145 766 336 806 omnibus
367 770 479 818 patet
509 771 549 804 et
578 779 710 819 aeque
742 773 976 820 promptum
1010 772 1071 806 est
1103 766 1201 805 mihi
1235 771 1273 806 et
1304 766 1542 805 adversario
1574 780 1686 814 meo,
1726 769 1767 808 id
1799 783 1889 809 esse

144 834 302 881 gratum
341 827 455 867 nullo
487 832 605 879 paeto
637 834 783 880 potest.
838 831 977 882 ltaque
1010 842 1090 867 non
1124 828 1246 867 modo
1277 827 1464 867 beneficii
1496 828 1728 868 collocandi
1761 843 1889 882 spem,

143 890 215 930 sed
238 890 360 929 etiam
387 888 513 935 illud,
546 890 657 942 quod
679 891 932 944 aliquamdiu
956 890 1056 937 suit,
1090 902 1211 930 Lieiss'r
1234 891 1498 930 CONSVLERE?
1529 891 1610 929 iam
1632 891 1888 942 perdidistis.
1903 903 1939 931 10

145 952 318 1006 Sapiens
349 951 578 990 existimari
609 965 731 991 nemo
763 959 899 1005 potest
931 953 970 992 in
1003 966 1048 991 ea
1081 953 1322 1005 prudentia,
1359 965 1465 1005 quae
1497 965 1633 1005 neque
1664 958 1781 992 extra
1810 953 1890 992 Ro-

143 1027 250 1055 mam
279 1025 454 1064 usquam
487 1026 622 1066 neque
653 1015 808 1054 Romae
840 1015 962 1054 rebus
994 1015 1167 1067 prolatis
1191 1010 1557 1069 quicquam‘valet.
1602 1015 1763 1054 Peritus
1794 1016 1888 1055 idco

141 1075 283 1118 haberi
315 1088 436 1114 nemo
468 1080 623 1127 potest,
657 1077 767 1128 quod
802 1078 841 1116 in
875 1092 946 1123 eo,
979 1077 1091 1130 quod
1125 1077 1261 1116 sciunt
1292 1091 1454 1123 omnes,
1494 1077 1608 1117 nullo
1640 1077 1764 1116 modo
1795 1090 1891 1130 pos-

142 1145 237 1181 sunt
267 1139 376 1178 inter
406 1150 449 1177 se
481 1137 728 1189 discrepare.
768 1139 960 1178 Difficilis
991 1144 1127 1178 autem
1161 1153 1224 1178 res
1257 1139 1350 1178 ideo
1382 1153 1466 1178 non
1497 1144 1682 1192 putatur,
1715 1140 1829 1192 quod
1850 1146 1891 1180 et

143 1201 360 1256 perpaucis
392 1205 432 1239 et
462 1199 630 1238 minime
662 1201 847 1241 obscuris
879 1202 1026 1240 litteris
1048 1202 1294 1241 continetur.
1343 1203 1486 1255 Itaque
1519 1201 1553 1240 si
1575 1201 1698 1248 mihi,
1728 1201 1940 1242 homini⁴5

142 1264 406 1304 vehementer
445 1268 670 1315 occupato,
710 1264 965 1302 stomachum
1007 1263 1240 1310 moveritis,
1282 1263 1418 1303 triduo
1460 1277 1524 1303 me
1566 1276 1656 1303 esse
1698 1263 1890 1303 iurecon-

143 1326 296 1366 sultum
327 1324 565 1377 profitebor.
603 1325 767 1364 Etenim
801 1338 906 1378 quae
934 1325 985 1364 de
1016 1327 1166 1378 scripto
1199 1331 1396 1377 aguntur,
1429 1326 1579 1378 scripta
1609 1331 1706 1365 sunt
1731 1326 1888 1373 omnia;

142 1401 277 1441 neque
306 1392 441 1427 tamen
473 1386 695 1439 quicquam
729 1392 809 1425 tam
840 1393 1012 1439 anguste
1045 1388 1242 1440 scriptum
1274 1392 1357 1433 est,
1396 1400 1479 1441 quo
1511 1400 1587 1439 ego
1618 1400 1702 1426 non
1732 1388 1888 1440 possim

113 1463 222 1496 ,QVA
264 1462 316 1488 DE
358 1460 408 1487 RE
449 1460 598 1487 Afflrvn
639 1447 815 1495 addere;
855 1463 963 1502 quae
995 1450 1267 1489 consuluntur
1297 1454 1454 1496 autem,
1501 1449 1671 1489 minimo
1702 1449 1888 1502 periculo

141 1511 457 1566 respondentur.
489 1509 531 1548 Si
563 1509 605 1548 id
637 1511 749 1563 quod
781 1517 941 1564 oportet
970 1512 1256 1564 responderis,
1289 1512 1399 1551 idem
1420 1511 1588 1550 videare
1609 1510 1889 1563 respondisse,
1903 1525 1939 1552 20

140 1574 251 1629 quod
291 1572 480 1612 Servius:
524 1572 588 1611 sin
626 1573 766 1620 aliter,
808 1573 931 1613 etiam
963 1579 1273 1613 controversum
1306 1574 1367 1613 ius
1399 1585 1522 1613 nosse
1554 1578 1595 1613 et
1625 1577 1799 1613 tractare
1827 1573 1889 1612 vi-

140 1636 275 1676 deare.
334 1631 398 1672 29.
433 1633 696 1686 Quapropter
734 1647 819 1673 non
859 1635 994 1674 solum
1037 1636 1108 1675 illa
1144 1635 1275 1688 gloria
1306 1634 1493 1674 militaris
1524 1636 1671 1675 vestris
1702 1634 1891 1674 formulis

140 1705 265 1752 atque
295 1696 533 1736 actionibus
564 1697 856 1748 anteponenda
879 1704 959 1745 est,
990 1711 1131 1737 verum
1154 1697 1278 1737 etiam
1300 1696 1465 1736 dicendi
1486 1696 1745 1737 consuetudo
1767 1695 1890 1749 longe

140 1766 182 1801 et
209 1760 382 1800 multum
413 1759 480 1798 isti
509 1763 669 1798 vestrae
701 1759 988 1799 exercitationi
1018 1759 1067 1798 ad
1100 1759 1301 1798 honorem
1334 1758 1558 1798 antecellit.
1613 1759 1758 1812 Itaque
1788 1758 1890 1797 mihi

140 1821 334 1862 videntur
361 1820 551 1873 plerique
582 1821 700 1860 initio
732 1821 860 1861 multo
890 1821 971 1861 hoc
1003 1821 1221 1861 maluisse:
1262 1826 1379 1873 post,
1412 1834 1503 1861 cum
1535 1821 1576 1861 id
1607 1821 1773 1874 assequi
1804 1833 1889 1860 non
1903 1834 1939 1863 25

139 1884 393 1938 potuissent,
424 1883 529 1922 istuc
558 1883 817 1935 potissimum
848 1888 943 1922 sunt
973 1883 1146 1935 delapsi.
1197 1883 1248 1922 Ut
1278 1883 1394 1922 aiunt
1412 1884 1454 1923 in
1477 1883 1644 1923 Graecis
1666 1881 1889 1924 artificibus

139 1958 210 1986 eos
240 1944 435 1985 auloedos
467 1958 580 1992 esse,
615 1946 687 1999 qui
719 1945 943 1985 citharoedi
975 1944 1063 1985 lieri
1094 1958 1177 1984 non
1207 1946 1440 1998 potuerint:
1483 1946 1542 1985 sic
1573 1945 1799 1986 nonnullos
1830 1945 1891 1985 vi-

139 2008 306 2054 demus,
338 2007 410 2059 qui
440 2012 624 2047 oratores
656 2008 830 2047 evadere
861 2021 943 2047 non
974 2007 1205 2060 potuerint,
1242 2019 1312 2046 eos
1344 2007 1395 2046 ad
1426 2007 1527 2047 iuris
1555 2008 1737 2048 studium
1768 2007 1890 2047 deve-

140 2071 241 2110 nire.
300 2070 472 2122 Magnus
503 2069 667 2109 dicendi
700 2070 832 2116 labor,
865 2083 1011 2122 magna
1043 2083 1132 2116 res,
1163 2082 1311 2122 magna
1333 2070 1536 2122 dignitas,
1569 2083 1729 2109 summa
1750 2074 1889 2110 autem

141 2131 282 2185 gratia.
331 2132 496 2172 Etenim
526 2145 549 2172 a
580 2133 699 2172 vobis
730 2133 948 2173 salubritas
980 2132 1207 2186 quaedam,
1240 2132 1290 2170 ab
1320 2132 1370 2171 iis
1402 2132 1473 2185 qui
1506 2132 1650 2172 dicunt
1670 2132 1780 2172 salus
1801 2132 1938 2185 ipsa3o

141 2194 305 2246 petitur.
346 2195 506 2234 Deinde
528 2201 665 2235 vestra
686 2208 885 2248 responsa
905 2200 1031 2248 atque
1053 2194 1217 2234 decreta
1240 2199 1280 2233 et
1302 2198 1544 2233 evertuntur
1566 2206 1689 2246 saepe
1711 2193 1888 2233 dicendo

140 2260 180 2295 et
211 2255 301 2296 sine
332 2255 574 2297 defensione
606 2259 781 2298 oratoris
812 2258 927 2297 firma
959 2270 1050 2297 esse
1082 2269 1166 2296 non
1195 2261 1395 2309 possunt:
1427 2256 1468 2295 in
1491 2268 1573 2308 qua
1603 2255 1636 2295 si
1667 2255 1767 2295 satis
1795 2269 1890 2308 pro-

226 2435 255 2465 l.
275 2438 439 2474 putarunt
462 2434 517 2466 ed.
535 2437 614 2467 Asc.
634 2437 733 2467 ⁴51⁴:
756 2440 913 2476 putarent
929 2437 1017 2475 mei⁷
1044 2436 1063 2466 ’ὁ
1080 2435 1162 2467 Oxx.
1183 2451 1217 2456 —
1237 2434 1270 2466 ⁶2.
1298 2434 1400 2465 Gaias
1423 2434 1447 2465 E
1462 2435 1489 2466 G
1502 2435 1526 2466 C
1540 2443 1564 2472 χ
1577 2439 1612 2474 ψ
1625 2443 1662 2465 v:
1690 2435 1788 2467 Calas
1803 2436 1836 2467 M
1849 2437 1885 2467 O.

139 2485 279 2517 Verrius
309 2483 451 2516 Flaccus
482 2493 610 2516 nomen
641 2485 727 2516 Gaia
757 2486 835 2517 sub.
868 2486 929 2517 litt.
963 2486 989 2517 G
1020 2484 1190 2520 habebam
1223 2493 1255 2515 ν.
1282 2483 1376 2515 Paul.
1404 2484 1497 2515 Diae.
1532 2493 1567 2525 p.
1594 2484 1633 2515 95
1663 2485 1707 2516 M.
1744 2503 1777 2507 —
1809 2485 1889 2516 illud

139 2535 269 2573 quidem
290 2534 369 2565 mihi
392 2535 435 2572 G,
460 2534 539 2565 mihi
561 2534 641 2565 illud
664 2535 793 2573 quidem
816 2535 851 2566 E.
880 2553 914 2557 —-
942 2535 972 2566 4..
995 2535 1231 2575 perhendinam
1255 2536 1293 2565 G.
1323 2552 1356 2556 —
1385 2534 1415 2565 6.
1440 2534 1623 2565 consularis
1644 2535 1677 2565 in
1700 2534 1763 2566 isla.
1785 2536 1890 2567 scien-

138 2586 187 2616 !ia
207 2593 240 2614 v.
268 2599 303 2605 -—
338 2583 369 2614 7.
393 2583 481 2624 vcro]
506 2584 604 2614 eliam
628 2585 665 2614 G.
694 2601 728 2605 —
761 2585 868 2616 minus
890 2585 945 2616 cd.
973 2587 1067 2617 Crat.
1095 2584 1177 2616 4528
1203 2586 1237 2616 et
1261 2585 1306 2615 L:
1343 2584 1485 2616 canores
1508 2584 1610 2615 codd.
1637 2584 1727 2622 noti,
1752 2584 1824 2615 ΥΟ.
1850 2603 1883 2606 -

138 2634 169 2665 9.
194 2634 323 2674 benefici
344 2633 538 2664 collocandis
561 2634 602 2671 G,
630 2633 787 2673 beneficiis
809 2634 1004 2665 collocandis
1027 2636 1059 2666 M
1076 2643 1122 2665 m.
1142 2643 1194 2675 pr.
1216 2652 1251 2657 -—
1274 2635 1325 2665 40.
1352 2634 1546 2674 aliquandiu
1561 2635 1632 2666 ΜΟ
1646 2643 1684 2671 v;
1711 2634 1888 2674 aliquando

139 2683 163 2714 E
188 2684 221 2714 et
244 2683 321 2714 cod.
350 2684 466 2715 Franc.
496 2699 530 2705 -
554 2683 724 2722 perdidisli
748 2684 784 2714 (ἶ,
805 2701 838 2705 —
867 2685 918 2715 1¹⁶2.
944 2693 1091 2723 unquam
1113 2685 1139 2716 E
1154 2685 1177 2715 C
1192 2690 1238 2724 ψ.
1259 2702 1293 2706 --
1314 2685 1417 2724 igitur
1440 2684 1464 2715 E
1479 2684 1515 2715 C.
1539 2701 1573 2705 —
1593 2683 1644 2715 43.
1670 2692 1762 2715 nemo
1777 2683 1890 2716 haberi

138 2742 169 2763 v.
190 2748 225 2753 —
252 2732 347 2773 quod]
363 2742 427 2764 non
444 2734 480 2764 G.
498 2750 531 2754 —-
560 2741 666 2764 omncs
683 2733 737 2763 ed.
758 2734 848 2763 Crat.
865 2742 870 2763 :
897 2734 1040 2765 homines
1063 2734 1149 2772 mei,
1178 2735 1201 2765 C
1217 2735 1243 2766 H
1259 2744 1294 2771 χ.
1314 2752 1347 2756 -
1373 2736 1507 2773 possunt
1530 2741 1599 2764 om.
1617 2733 1654 2764 E.
1671 2750 1706 2755 —
1734 2733 1783 2765 44.
1804 2735 1889 2773 quod

137 2790 179 2813 ex:
199 2790 233 2820 p.
258 2792 294 2820 χ.
321 2798 355 2803 -
383 2782 435 2813 46.
460 2783 528 2814 veh.
553 2783 705 2821 impedito
727 2785 906 2813 stomacum
929 2784 965 2814 E.
985 2801 1020 2805 —
1038 2792 1089 2815 me
1113 2792 1177 2815 esse
1201 2784 1310 2814 lut-isc.
1338 2785 1386 2820 G3
1413 2791 1462 2814 me
1485 2782 1596 2813 iurisc.
1623 2789 1689 2812 esse
1710 2782 1736 2813 E
1751 2783 1799 2821 M,
1824 2791 1889 2815 csse

137 2831 248 2863 iurisc.
274 2840 324 2863 me
346 2840 382 2869 ν,
407 2831 475 2863 del.
501 2840 565 2863 esse
581 2832 727 2863 Ernesti.
752 2833 795 2862 At
813 2831 854 2863 ef.
874 2832 972 2863 Verr.
993 2833 1046 2863 111.
1067 2832 1096 2873 g.
1115 2833 1190 2864 247.
1211 2850 1245 2854 —
1267 2833 1318 2863 «¹7.
1339 2841 1401 2871 quo
1418 2832 1580 2871 descripta
1596 2833 1631 2862 G.
1654 2849 1688 2853 —
1709 2831 1760 2863 48.
1779 2835 1888 2864 tamen

138 2890 207 2913 om.
227 2883 263 2913 G.
284 2896 319 2903 -
341 2889 473 2921 possum
495 2884 532 2913 G.
546 2900 580 2904 -
607 2882 658 2912 1¹9.
685 2881 816 2912 minime
839 2882 874 2910 G.
888 2899 921 2903 —
950 2882 1000 2912 ⁴20.
1022 2882 1048 2912 si
1071 2885 1181 2913 autern
1198 2882 1285 2921 (apte
1301 2881 1560 2920 Mommsenius)
1579 2880 1783 2919 responderis
1798 2883 1834 2912 G.
1849 2899 1883 2904 -

138 2931 284 2963 iudicare
299 2940 332 2969 ν,
357 2931 540 2963 iudicaberc
563 2941 640 2969 χ.-
668 2931 718 2962 21.
737 2933 985 2961 contr-auersum
1003 2932 1040 2962 G.
1063 2948 1095 2952 —
1115 2931 1168 2962 ⁶2⁴2.
1188 2933 1389 2970 quapropter
1412 2930 1639 2969 anteponenda
1660 2931 1887 2962 verumetiam

138 2980 261 3012 mediis
285 2988 354 3011 0111.
381 2981 417 3010 G.
442 2997 476 3002 -
507 2980 559 3013 ⁶24.
585 2981 743 3012 antecellit
766 2981 796 3011 M
811 2981 852 3011 L:
880 2980 1044 3011 antecellet
1067 2980 1169 3011 codd.
1194 2979 1268 3011 rell.
1296 2980 1332 3010 O.
1366 2997 1399 3001 ——
1433 2980 1478 3010 ila
1500 2979 1597 3010 ⁴michi
1624 2981 1660 3011 G.
1689 2996 1723 3001 -—
1751 2980 1804 3011 ⁶25.
1828 2981 1887 3011 hoc

136 3031 237 3062 multo
251 3031 289 3062 E.
307 3048 341 3052 —
367 3030 502 3069 adsequi
518 3032 554 3067 E,
572 3040 624 3070 seq
641 3031 712 3071 (sic)
731 3032 773 3067 G;
801 3030 876 3061 sort.
896 3030 928 3060 id
946 3028 1146 3060 delendum.
1159 3046 1195 3052 —-
1221 3030 1273 3060 026.
1294 3030 1379 3060 istud
1395 3030 1431 3060 G.
1453 3046 1487 3051 -—
1507 3033 1542 3060 ut
1566 3029 1660 3060 aiunt
1675 3046 1722 3051 -—
1739 3029 1886 3062 devenire

138 3080 238 3112 affert
259 3078 396 3117 Quintil.
422 3080 506 3110 ΠΗ.
531 3079 570 3118 3,
595 3081 654 3113 79:
680 3081 736 3118 El,
764 3083 796 3109 ut
820 3080 912 3110 aiunt
936 3080 970 3110 L.
990 3097 1031 3101 ——
1047 3079 1098 3109 27.
1125 3079 1257 3110 (ucledos
1280 3079 1329 3115 M,
1356 3079 1499 3111 auleolos
1523 3088 1556 3110 v,
1579 3097 1612 3101 —
1633 3079 1790 3110 citharedi
1804 3080 1838 3111 M
1850 3089 1882 3117 v,

137 3131 282 3169 cytaredi
305 3132 343 3161 G.
365 3133 590 3168 -potuerunt
613 3132 669 3162 Ex·
695 3133 725 3162 et
751 3129 853 3161 codd.
881 3127 1093 3166 Quintiliani.
1120 3129 1177 3168 qui
1202 3129 1341 3169 praeter
1365 3128 1441 3159 cod.
1462 3128 1572 3159 Turio.
1592 3128 1645 3160 bis
1661 3128 1883 3161 indicativum

139 3179 287 3217 habent:
314 3181 432 3211 contra
459 3182 510 3211 est
534 3181 565 3211 in
589 3181 699 3212 Tui-ic.
728 3180 780 3211 bis
806 3179 1052 3210 coniunctivus.
1075 3195 1109 3199 -
1129 3178 1173 3208 sic
1189 3178 1414 3217 --potuerint
1438 3186 1506 3208 om.
1534 3179 1570 3209 G.
1593 3194 1628 3200 —-
1646 3179 1692 3209 sic
1713 3187 1772 3210 nos
1792 3179 1884 3210 vide-

139 3238 209 3261 mus
231 3228 365 3267 Quintil.
399 3247 432 3250 —
467 3230 517 3261 ³28.
541 3231 705 3268 polum-inl.
729 3231 886 3261 MTLv:
914 3231 1089 3267 potueruut
1113 3228 1193 3263 EO,
1227 3226 1328 3258 codd.
1361 3225 1433 3258 rell.
1467 3245 1501 3248 -—
1537 3227 1695 3268 devenire]
1727 3229 1884 3260 divertere

139 3278 240 3311 codd.
259 3278 415 3319 plerique
433 3278 568 3316 Quintil.
588 3297 621 3301 —
636 3280 687 3310 20.
706 3288 828 3319 magna
843 3287 892 3309 res
905 3286 974 3308 0111.
991 3286 1021 3307 V.
1034 3296 1074 3299 m
1084 3276 1205 3317 [talem]
1221 3277 1318 3307 etiam
1331 3276 1408 3308 cod.
1424 3277 1544 3308 franc.
1561 3278 1593 3307 et
1607 3278 1642 3308 L.
1658 3296 1692 3300 —
1703 3278 1753 3309 32.
1769 3279 1801 3309 in
1815 3287 1881 3317 qua

139 3337 175 3361 re
197 3329 224 3360 si
246 3329 270 3360 L
295 3330 413 3361 contra
438 3328 540 3360 codd.
567 3328 621 3360 Cf.
637 3328 735 3360 Fabri
752 3328 794 3360 ad
811 3328 880 3360 Sal.
900 3327 993 3360 Catil.
1013 3328 1064 3365 118,
1084 3328 1114 3359 4.
1141 3325 1285 3359 Ellendt.
1305 3326 1348 3358 ad
1365 3327 1430 3359 Cic.
1447 3328 1485 3359 de
1501 3327 1594 3359 Orat.
1611 3326 1684 3359 Vol.
1698 3328 1739 3359 ΙΙ.
1757 3336 1790 3369 p.
1807 3328 1879 3360 463.
