<?xml version="1.0" encoding="UTF-8"?>
<!DOCTYPE html PUBLIC "-//W3C//DTD XHTML 1.0 Transitional//EN"
    "http://www.w3.org/TR/xhtml1/DTD/xhtml1-transitional.dtd">
<html xmlns="http://www.w3.org/1999/xhtml" xml:lang="en" lang="en">
 <head>
  <title>
</title>
<meta http-equiv="Content-Type" content="text/html;charset=utf-8" />
  <meta name='ocr-system' content='tesseract 3.04.00' />
  <meta name='ocr-capabilities' content='ocr_page ocr_carea ocr_par ocr_line ocrx_word'/>
</head>
<body>
  <div class='ocr_page' id='page_1' title='image "./p1operaquaesupersu02ciceuoft_0683.png"; bbox 0 0 2143 3713; ppageno 0'>
   <div class='ocr_carea' id='block_1_1' title="bbox 674 256 1899 320">
    <p class='ocr_par' dir='ltr' id='par_1_1' title="bbox 674 256 1899 320">
     <span class='ocr_line' id='line_1_1' title="bbox 674 256 1899 320; baseline -0.007 -12"><span class='ocrx_word' id='word_1_1' title='bbox 674 267 770 308; x_wconf 73' lang='lat' dir='ltr'><strong>CAP.</strong></span> <span class='ocrx_word' id='word_1_2' title='bbox 800 267 1040 308; x_wconf 89' lang='lat' dir='ltr'><strong>VIII—IX.</strong></span> <span class='ocrx_word' id='word_1_3' title='bbox 1078 265 1152 320; x_wconf 81' lang='lat'><strong>§§.</strong></span> <span class='ocrx_word' id='word_1_4' title='bbox 1183 263 1381 306; x_wconf 70' lang='lat'><strong>49—22.</strong></span> <span class='ocrx_word' id='word_1_5' title='bbox 1820 256 1899 301; x_wconf 86' lang='lat'><strong>667</strong></span> 
     </span>
    </p>
   </div>
   <div class='ocr_carea' id='block_1_2' title="bbox 156 376 1963 2110">
    <p class='ocr_par' dir='ltr' id='par_1_2' title="bbox 156 376 1905 561">
     <span class='ocr_line' id='line_1_2' title="bbox 156 376 1905 432; baseline -0.006 -8"><span class='ocrx_word' id='word_1_6' title='bbox 156 384 339 430; x_wconf 77' lang='lat' dir='ltr'><strong>dubitas,</strong></span> <span class='ocrx_word' id='word_1_7' title='bbox 380 382 413 422; x_wconf 93' lang='lat' dir='ltr'><strong>si</strong></span> <span class='ocrx_word' id='word_1_8' title='bbox 454 380 582 421; x_wconf 91' lang='lat' dir='ltr'><strong>emori</strong></span> <span class='ocrx_word' id='word_1_9' title='bbox 622 392 755 432; x_wconf 88' lang='lat' dir='ltr'><strong>aequo</strong></span> <span class='ocrx_word' id='word_1_10' title='bbox 795 379 935 419; x_wconf 88' lang='lat' dir='ltr'><strong>animo</strong></span> <span class='ocrx_word' id='word_1_11' title='bbox 977 393 1061 419; x_wconf 89' lang='lat' dir='ltr'><strong>non</strong></span> <span class='ocrx_word' id='word_1_12' title='bbox 1099 383 1241 432; x_wconf 89' lang='lat' dir='ltr'><strong>potes,</strong></span> <span class='ocrx_word' id='word_1_13' title='bbox 1280 377 1392 418; x_wconf 91' lang='lat' dir='ltr'><strong>abire</strong></span> <span class='ocrx_word' id='word_1_14' title='bbox 1432 377 1475 417; x_wconf 93' lang='lat' dir='ltr'><strong>in</strong></span> <span class='ocrx_word' id='word_1_15' title='bbox 1513 376 1674 430; x_wconf 87' lang='lat' dir='ltr'><strong>aliquas</strong></span> <span class='ocrx_word' id='word_1_16' title='bbox 1705 381 1834 416; x_wconf 88' lang='lat' dir='ltr'><strong>terras</strong></span> <span class='ocrx_word' id='word_1_17' title='bbox 1864 378 1905 414; x_wconf 86' lang='lat' dir='ltr'><strong>et</strong></span> 
     </span>
     <span class='ocr_line' id='line_1_3' title="bbox 157 436 1905 493; baseline -0.006 -7"><span class='ocrx_word' id='word_1_18' title='bbox 157 446 282 485; x_wconf 90' lang='lat' dir='ltr'><strong>vitam</strong></span> <span class='ocrx_word' id='word_1_19' title='bbox 313 446 457 490; x_wconf 91' lang='lat' dir='ltr'><strong>istam,</strong></span> <span class='ocrx_word' id='word_1_20' title='bbox 489 442 628 482; x_wconf 88' lang='lat' dir='ltr'><strong>multis</strong></span> <span class='ocrx_word' id='word_1_21' title='bbox 659 440 873 493; x_wconf 77' lang='lat' dir='ltr'><strong>suppliciis</strong></span> <span class='ocrx_word' id='word_1_22' title='bbox 904 442 1024 482; x_wconf 91' lang='lat' dir='ltr'><strong>iustis</strong></span> <span class='ocrx_word' id='word_1_23' title='bbox 1056 441 1292 493; x_wconf 88' lang='lat' dir='ltr'><strong>debitisque</strong></span> <span class='ocrx_word' id='word_1_24' title='bbox 1323 445 1529 493; x_wconf 87' lang='lat' dir='ltr'><strong>ereptam,</strong></span> <span class='ocrx_word' id='word_1_25' title='bbox 1564 438 1685 492; x_wconf 82' lang='lat' dir='ltr'><strong>fugae</strong></span> <span class='ocrx_word' id='word_1_26' title='bbox 1716 436 1905 478; x_wconf 90' lang='lat' dir='ltr'><strong>solitudi-</strong></span> 
     </span>
     <span class='ocr_line' id='line_1_4' title="bbox 157 505 543 561; baseline -0.013 -13"><span class='ocrx_word' id='word_1_27' title='bbox 157 508 283 561; x_wconf 82' lang='lat' dir='ltr'><strong>nique</strong></span> <span class='ocrx_word' id='word_1_28' title='bbox 314 505 543 546; x_wconf 70' lang='lat' dir='ltr'><strong>mandare?</strong></span> 
     </span>
    </p>

    <p class='ocr_par' dir='ltr' id='par_1_3' title="bbox 156 561 1962 1673">
     <span class='ocr_line' id='line_1_5' title="bbox 271 561 1905 617; baseline -0.002 -13"><span class='ocrx_word' id='word_1_29' title='bbox 271 567 437 613; x_wconf 79' lang='lat' dir='ltr'><strong>«Refer,</strong></span> <span class='ocrx_word' id='word_1_30' title='bbox 481 564 643 617; x_wconf 85' lang='lat' dir='ltr'><strong>inquiS,</strong></span> <span class='ocrx_word' id='word_1_31' title='bbox 689 563 740 603; x_wconf 89' lang='lat' dir='ltr'><strong>ad</strong></span> <span class='ocrx_word' id='word_1_32' title='bbox 773 569 1012 613; x_wconf 82' lang='lat' dir='ltr'><strong>senatum3»</strong></span> <span class='ocrx_word' id='word_1_33' title='bbox 1062 564 1103 605; x_wconf 91' lang='lat' dir='ltr'><strong>id</strong></span> <span class='ocrx_word' id='word_1_34' title='bbox 1147 565 1255 604; x_wconf 91' lang='lat' dir='ltr'><strong>enim</strong></span> <span class='ocrx_word' id='word_1_35' title='bbox 1292 564 1478 617; x_wconf 82' lang='lat' dir='ltr'>postulas</span> <span class='ocrx_word' id='word_1_36' title='bbox 1519 570 1581 611; x_wconf 90' lang='lat' dir='ltr'><strong>et,</strong></span> <span class='ocrx_word' id='word_1_37' title='bbox 1621 563 1655 602; x_wconf 94' lang='lat' dir='ltr'><strong>si</strong></span> <span class='ocrx_word' id='word_1_38' title='bbox 1694 563 1762 602; x_wconf 89' lang='lat' dir='ltr'><strong>hie</strong></span> <span class='ocrx_word' id='word_1_39' title='bbox 1805 561 1905 602; x_wconf 90' lang='lat' dir='ltr'><strong>ordo</strong></span> 
     </span>
     <span class='ocr_line' id='line_1_6' title="bbox 157 623 1938 684; baseline -0.006 -14"><span class='ocrx_word' id='word_1_40' title='bbox 157 631 321 684; x_wconf 88' lang='lat' dir='ltr'><strong>placere</strong></span> <span class='ocrx_word' id='word_1_41' title='bbox 352 627 578 668; x_wconf 83' lang='lat' dir='ltr'><strong>decreverit</strong></span> <span class='ocrx_word' id='word_1_42' title='bbox 609 632 647 666; x_wconf 91' lang='lat' dir='ltr'><strong>te</strong></span> <span class='ocrx_word' id='word_1_43' title='bbox 680 626 738 665; x_wconf 88' lang='lat' dir='ltr'><strong>ire</strong></span> <span class='ocrx_word' id='word_1_44' title='bbox 770 627 809 665; x_wconf 91' lang='lat' dir='ltr'><strong>in</strong></span> <span class='ocrx_word' id='word_1_45' title='bbox 833 627 1050 675; x_wconf 84' lang='lat' dir='ltr'><strong>exsilium,</strong></span> <span class='ocrx_word' id='word_1_46' title='bbox 1082 627 1462 680; x_wconf 73' lang='lat' dir='ltr'><strong>obtemperaturum</strong></span> <span class='ocrx_word' id='word_1_47' title='bbox 1484 631 1523 665; x_wconf 86' lang='lat' dir='ltr'><strong>te</strong></span> <span class='ocrx_word' id='word_1_48' title='bbox 1545 639 1635 665; x_wconf 90' lang='lat' dir='ltr'><strong>esse</strong></span> <span class='ocrx_word' id='word_1_49' title='bbox 1658 624 1771 663; x_wconf 90' lang='lat' dir='ltr'><strong>dicis.</strong></span> <span class='ocrx_word' id='word_1_50' title='bbox 1815 623 1938 661; x_wconf 65' lang='lat' dir='ltr'><strong>Nona</strong></span> 
     </span>
     <span class='ocr_line' id='line_1_7' title="bbox 156 685 1908 742; baseline -0.005 -10"><span class='ocrx_word' id='word_1_51' title='bbox 156 692 354 738; x_wconf 88' lang='lat' dir='ltr'><strong>reseram,</strong></span> <span class='ocrx_word' id='word_1_52' title='bbox 385 690 427 729; x_wconf 93' lang='lat' dir='ltr'><strong>id</strong></span> <span class='ocrx_word' id='word_1_53' title='bbox 458 688 570 742; x_wconf 92' lang='lat' dir='ltr'><strong>quod</strong></span> <span class='ocrx_word' id='word_1_54' title='bbox 601 688 797 728; x_wconf 87' lang='lat' dir='ltr'><strong>abhorret</strong></span> <span class='ocrx_word' id='word_1_55' title='bbox 828 702 851 727; x_wconf 88' lang='lat' dir='ltr'><strong>a</strong></span> <span class='ocrx_word' id='word_1_56' title='bbox 872 689 973 728; x_wconf 92' lang='lat' dir='ltr'><strong>meis</strong></span> <span class='ocrx_word' id='word_1_57' title='bbox 996 689 1203 736; x_wconf 91' lang='lat' dir='ltr'><strong>moribus,</strong></span> <span class='ocrx_word' id='word_1_58' title='bbox 1235 693 1276 728; x_wconf 87' lang='lat' dir='ltr'><strong>et</strong></span> <span class='ocrx_word' id='word_1_59' title='bbox 1296 693 1433 727; x_wconf 86' lang='lat' dir='ltr'><strong>tamen</strong></span> <span class='ocrx_word' id='word_1_60' title='bbox 1454 686 1601 727; x_wconf 87' lang='lat' dir='ltr'><strong>faciam</strong></span> <span class='ocrx_word' id='word_1_61' title='bbox 1622 693 1668 728; x_wconf 89' lang='lat' dir='ltr'><strong>ut</strong></span> <span class='ocrx_word' id='word_1_62' title='bbox 1687 685 1908 737; x_wconf 74' lang='lat' dir='ltr'><strong>intelligas,</strong></span> 
     </span>
     <span class='ocr_line' id='line_1_8' title="bbox 158 746 1906 808; baseline -0.005 -15"><span class='ocrx_word' id='word_1_63' title='bbox 158 753 258 808; x_wconf 90' lang='lat' dir='ltr'><strong>quid</strong></span> <span class='ocrx_word' id='word_1_64' title='bbox 285 753 328 792; x_wconf 92' lang='lat' dir='ltr'><strong>hi</strong></span> <span class='ocrx_word' id='word_1_65' title='bbox 353 752 403 792; x_wconf 91' lang='lat' dir='ltr'><strong>de</strong></span> <span class='ocrx_word' id='word_1_66' title='bbox 430 756 470 791; x_wconf 91' lang='lat' dir='ltr'><strong>te</strong></span> <span class='ocrx_word' id='word_1_67' title='bbox 500 751 695 790; x_wconf 83' lang='lat' dir='ltr'><strong>sentiant.</strong></span> <span class='ocrx_word' id='word_1_68' title='bbox 740 751 947 803; x_wconf 84' lang='lat' dir='ltr'><strong>Egredere</strong></span> <span class='ocrx_word' id='word_1_69' title='bbox 980 765 1032 791; x_wconf 87' lang='lat' dir='ltr'><strong>ex</strong></span> <span class='ocrx_word' id='word_1_70' title='bbox 1062 751 1186 798; x_wconf 88' lang='lat' dir='ltr'><strong>urbe,</strong></span> <span class='ocrx_word' id='word_1_71' title='bbox 1221 750 1410 797; x_wconf 84' lang='lat' dir='ltr'><strong>Catilina,</strong></span> <span class='ocrx_word' id='word_1_72' title='bbox 1442 749 1572 789; x_wconf 90' lang='lat' dir='ltr'><strong>libera</strong></span> <span class='ocrx_word' id='word_1_73' title='bbox 1592 763 1679 789; x_wconf 92' lang='lat' dir='ltr'><strong>rem</strong></span> <span class='ocrx_word' id='word_1_74' title='bbox 1700 746 1906 800; x_wconf 85' lang='lat' dir='ltr'><strong>publicam</strong></span> 
     </span>
     <span class='ocr_line' id='line_1_9' title="bbox 157 806 1909 866; baseline -0.006 -10"><span class='ocrx_word' id='word_1_75' title='bbox 157 820 288 863; x_wconf 90' lang='lat' dir='ltr'><strong>metu,</strong></span> <span class='ocrx_word' id='word_1_76' title='bbox 319 815 361 855; x_wconf 91' lang='lat' dir='ltr'><strong>in</strong></span> <span class='ocrx_word' id='word_1_77' title='bbox 383 812 594 859; x_wconf 85' lang='lat' dir='ltr'><strong>exsilium,</strong></span> <span class='ocrx_word' id='word_1_78' title='bbox 626 812 659 851; x_wconf 93' lang='lat' dir='ltr'><strong>si</strong></span> <span class='ocrx_word' id='word_1_79' title='bbox 681 812 787 852; x_wconf 86' lang='lat' dir='ltr'><strong>hane</strong></span> <span class='ocrx_word' id='word_1_80' title='bbox 809 827 952 853; x_wconf 88' lang='lat' dir='ltr'><strong>vocem</strong></span> <span class='ocrx_word' id='word_1_81' title='bbox 975 819 1216 866; x_wconf 84' lang='lat' dir='ltr'><strong>exspectas,</strong></span> <span class='ocrx_word' id='word_1_82' title='bbox 1247 810 1522 865; x_wconf 82' lang='lat' dir='ltr'><strong>proficiscere.</strong></span> <span class='ocrx_word' id='word_1_83' title='bbox 1563 810 1674 859; x_wconf 88' lang='lat' dir='ltr'><strong>Quid</strong></span> <span class='ocrx_word' id='word_1_84' title='bbox 1694 815 1769 856; x_wconf 90' lang='lat' dir='ltr'><strong>est,</strong></span> <span class='ocrx_word' id='word_1_85' title='bbox 1801 806 1909 848; x_wconf 88' lang='lat' dir='ltr'><strong>Cati-</strong></span> 
     </span>
     <span class='ocr_line' id='line_1_10' title="bbox 157 870 1908 928; baseline -0.005 -12"><span class='ocrx_word' id='word_1_86' title='bbox 157 877 269 917; x_wconf 71' lang='lat' dir='ltr'><strong>lina?</strong></span> <span class='ocrx_word' id='word_1_87' title='bbox 304 874 452 928; x_wconf 85' lang='lat' dir='ltr'><strong>ecquid</strong></span> <span class='ocrx_word' id='word_1_88' title='bbox 481 874 680 921; x_wconf 91' lang='lat' dir='ltr'><strong>attendis,</strong></span> <span class='ocrx_word' id='word_1_89' title='bbox 713 874 862 928; x_wconf 81' lang='lat' dir='ltr'><strong>ecquid</strong></span> <span class='ocrx_word' id='word_1_90' title='bbox 884 875 1179 915; x_wconf 89' lang='lat' dir='ltr'><strong>animadvertis</strong></span> <span class='ocrx_word' id='word_1_91' title='bbox 1209 875 1358 914; x_wconf 91' lang='lat' dir='ltr'><strong>horum</strong></span> <span class='ocrx_word' id='word_1_92' title='bbox 1391 873 1633 914; x_wconf 76' lang='lat' dir='ltr'><strong>silentium?</strong></span> <span class='ocrx_word' id='word_1_93' title='bbox 1679 870 1908 916; x_wconf 86' lang='lat' dir='ltr'><strong>Patiuntur,</strong></span> 
     </span>
     <span class='ocr_line' id='line_1_11' title="bbox 158 932 1958 991; baseline -0.006 -12"><span class='ocrx_word' id='word_1_94' title='bbox 158 943 306 980; x_wconf 87' lang='lat' dir='ltr'><strong>tacent.</strong></span> <span class='ocrx_word' id='word_1_95' title='bbox 345 935 455 984; x_wconf 89' lang='lat' dir='ltr'><strong>Quid</strong></span> <span class='ocrx_word' id='word_1_96' title='bbox 482 940 697 989; x_wconf 87' lang='lat' dir='ltr'><strong>exspectas</strong></span> <span class='ocrx_word' id='word_1_97' title='bbox 720 937 1006 977; x_wconf 85' lang='lat' dir='ltr'><strong>auctoritatem</strong></span> <span class='ocrx_word' id='word_1_98' title='bbox 1029 937 1303 991; x_wconf 90' lang='lat' dir='ltr'><strong>loquentium,</strong></span> <span class='ocrx_word' id='word_1_99' title='bbox 1335 949 1514 990; x_wconf 92' lang='lat' dir='ltr'><strong>quorum</strong></span> <span class='ocrx_word' id='word_1_100' title='bbox 1534 935 1790 975; x_wconf 83' lang='lat' dir='ltr'><strong>voluntatem</strong></span> <span class='ocrx_word' id='word_1_101' title='bbox 1811 932 1958 972; x_wconf 69' lang='lat' dir='ltr'><strong>mci-⁴0</strong></span> 
     </span>
     <span class='ocr_line' id='line_1_12' title="bbox 158 994 1909 1052; baseline -0.005 -12"><span class='ocrx_word' id='word_1_102' title='bbox 158 1006 292 1040; x_wconf 88' lang='lat' dir='ltr'><strong>torum</strong></span> <span class='ocrx_word' id='word_1_103' title='bbox 312 997 541 1052; x_wconf 72' lang='lat' dir='ltr'><strong>perspicis?</strong></span> <span class='ocrx_word' id='word_1_104' title='bbox 587 994 654 1037; x_wconf 71' lang='grc'><strong>21.</strong></span> <span class='ocrx_word' id='word_1_105' title='bbox 685 999 737 1037; x_wconf 79' lang='lat' dir='ltr'><strong>At</strong></span> <span class='ocrx_word' id='word_1_106' title='bbox 764 999 798 1038; x_wconf 92' lang='lat' dir='ltr'><strong>si</strong></span> <span class='ocrx_word' id='word_1_107' title='bbox 827 998 904 1038; x_wconf 90' lang='lat' dir='ltr'><strong>hoc</strong></span> <span class='ocrx_word' id='word_1_108' title='bbox 937 999 1048 1039; x_wconf 89' lang='lat' dir='ltr'><strong>idem</strong></span> <span class='ocrx_word' id='word_1_109' title='bbox 1077 999 1176 1039; x_wconf 93' lang='lat' dir='ltr'><strong>huic</strong></span> <span class='ocrx_word' id='word_1_110' title='bbox 1204 998 1461 1040; x_wconf 84' lang='lat' dir='ltr'><strong>adolescenti</strong></span> <span class='ocrx_word' id='word_1_111' title='bbox 1484 998 1663 1050; x_wconf 88' lang='lat' dir='ltr'><strong>optimo,</strong></span> <span class='ocrx_word' id='word_1_112' title='bbox 1695 997 1737 1035; x_wconf 93' lang='lat' dir='ltr'><strong>P.</strong></span> <span class='ocrx_word' id='word_1_113' title='bbox 1760 994 1909 1040; x_wconf 84' lang='lat' dir='ltr'><strong>Sestio,</strong></span> 
     </span>
     <span class='ocr_line' id='line_1_13' title="bbox 158 1055 1910 1110; baseline -0.005 -8"><span class='ocrx_word' id='word_1_114' title='bbox 158 1063 191 1102; x_wconf 92' lang='lat' dir='ltr'><strong>si</strong></span> <span class='ocrx_word' id='word_1_115' title='bbox 228 1060 456 1101; x_wconf 85' lang='lat' dir='ltr'><strong>fortissimo</strong></span> <span class='ocrx_word' id='word_1_116' title='bbox 486 1059 575 1099; x_wconf 90' lang='lat' dir='ltr'><strong>viro</strong></span> <span class='ocrx_word' id='word_1_117' title='bbox 605 1060 659 1100; x_wconf 88' lang='lat' dir='ltr'><strong>M.</strong></span> <span class='ocrx_word' id='word_1_118' title='bbox 690 1061 886 1100; x_wconf 85' lang='lat' dir='ltr'><strong>Marcello</strong></span> <span class='ocrx_word' id='word_1_119' title='bbox 928 1061 1148 1109; x_wconf 87' lang='lat' dir='ltr'><strong>dixissem,</strong></span> <span class='ocrx_word' id='word_1_120' title='bbox 1190 1063 1269 1101; x_wconf 83' lang='lat' dir='ltr'><strong>iam</strong></span> <span class='ocrx_word' id='word_1_121' title='bbox 1311 1060 1411 1101; x_wconf 90' lang='lat' dir='ltr'><strong>mihi</strong></span> <span class='ocrx_word' id='word_1_122' title='bbox 1443 1059 1603 1100; x_wconf 89' lang='lat' dir='ltr'><strong>consuli</strong></span> <span class='ocrx_word' id='word_1_123' title='bbox 1633 1058 1714 1098; x_wconf 91' lang='lat' dir='ltr'><strong>hoc</strong></span> <span class='ocrx_word' id='word_1_124' title='bbox 1745 1058 1836 1110; x_wconf 89' lang='lat' dir='ltr'><strong>ipso</strong></span> <span class='ocrx_word' id='word_1_125' title='bbox 1867 1055 1910 1094; x_wconf 89' lang='lat' dir='ltr'><strong>in</strong></span> 
     </span>
     <span class='ocr_line' id='line_1_14' title="bbox 159 1117 1912 1177; baseline -0.005 -13"><span class='ocrx_word' id='word_1_126' title='bbox 159 1123 310 1177; x_wconf 91' lang='lat' dir='ltr'><strong>templo</strong></span> <span class='ocrx_word' id='word_1_127' title='bbox 341 1127 507 1162; x_wconf 88' lang='lat' dir='ltr'><strong>senatus</strong></span> <span class='ocrx_word' id='word_1_128' title='bbox 540 1121 630 1161; x_wconf 91' lang='lat' dir='ltr'><strong>iure</strong></span> <span class='ocrx_word' id='word_1_129' title='bbox 663 1122 819 1175; x_wconf 90' lang='lat' dir='ltr'><strong>optimo</strong></span> <span class='ocrx_word' id='word_1_130' title='bbox 853 1123 937 1162; x_wconf 85' lang='lat' dir='ltr'><strong>vim</strong></span> <span class='ocrx_word' id='word_1_131' title='bbox 970 1129 1009 1162; x_wconf 90' lang='lat' dir='ltr'><strong>et</strong></span> <span class='ocrx_word' id='word_1_132' title='bbox 1038 1136 1183 1163; x_wconf 89' lang='lat' dir='ltr'><strong>manus</strong></span> <span class='ocrx_word' id='word_1_133' title='bbox 1214 1123 1435 1163; x_wconf 90' lang='lat' dir='ltr'><strong>intulisset.</strong></span> <span class='ocrx_word' id='word_1_134' title='bbox 1479 1123 1540 1162; x_wconf 91' lang='lat' dir='ltr'><strong>De</strong></span> <span class='ocrx_word' id='word_1_135' title='bbox 1571 1128 1610 1162; x_wconf 89' lang='lat' dir='ltr'><strong>te</strong></span> <span class='ocrx_word' id='word_1_136' title='bbox 1641 1125 1802 1166; x_wconf 89' lang='lat' dir='ltr'><strong>autem,</strong></span> <span class='ocrx_word' id='word_1_137' title='bbox 1836 1117 1912 1157; x_wconf 90' lang='lat' dir='ltr'><strong>Ca-</strong></span> 
     </span>
     <span class='ocr_line' id='line_1_15' title="bbox 159 1183 1910 1238; baseline -0.004 -13"><span class='ocrx_word' id='word_1_138' title='bbox 159 1186 295 1232; x_wconf 90' lang='lat' dir='ltr'><strong>tilina,</strong></span> <span class='ocrx_word' id='word_1_139' title='bbox 327 1197 419 1224; x_wconf 91' lang='lat' dir='ltr'><strong>cum</strong></span> <span class='ocrx_word' id='word_1_140' title='bbox 449 1183 695 1237; x_wconf 88' lang='lat' dir='ltr'><strong>quiescunt,</strong></span> <span class='ocrx_word' id='word_1_141' title='bbox 727 1185 926 1237; x_wconf 89' lang='lat' dir='ltr'><strong>probant,</strong></span> <span class='ocrx_word' id='word_1_142' title='bbox 958 1199 1051 1224; x_wconf 92' lang='lat' dir='ltr'><strong>cum</strong></span> <span class='ocrx_word' id='word_1_143' title='bbox 1082 1185 1318 1238; x_wconf 87' lang='lat' dir='ltr'><strong>patiuntur,</strong></span> <span class='ocrx_word' id='word_1_144' title='bbox 1353 1185 1606 1232; x_wconf 82' lang='lat' dir='ltr'><strong>decernunt,</strong></span> <span class='ocrx_word' id='word_1_145' title='bbox 1638 1196 1731 1223; x_wconf 92' lang='lat' dir='ltr'><strong>cum</strong></span> <span class='ocrx_word' id='word_1_146' title='bbox 1762 1184 1910 1226; x_wconf 84' lang='lat' dir='ltr'><strong>tacent,</strong></span> 
     </span>
     <span class='ocr_line' id='line_1_16' title="bbox 159 1242 1960 1300; baseline -0.004 -13"><span class='ocrx_word' id='word_1_147' title='bbox 159 1247 357 1294; x_wconf 88' lang='lat' dir='ltr'><strong>clamant;</strong></span> <span class='ocrx_word' id='word_1_148' title='bbox 388 1258 525 1299; x_wconf 89' lang='lat' dir='ltr'><strong>neque</strong></span> <span class='ocrx_word' id='word_1_149' title='bbox 555 1245 598 1285; x_wconf 91' lang='lat' dir='ltr'><strong>hi</strong></span> <span class='ocrx_word' id='word_1_150' title='bbox 630 1246 788 1294; x_wconf 90' lang='lat' dir='ltr'><strong>solum,</strong></span> <span class='ocrx_word' id='word_1_151' title='bbox 820 1260 996 1300; x_wconf 89' lang='lat' dir='ltr'><strong>quorum</strong></span> <span class='ocrx_word' id='word_1_152' title='bbox 1028 1247 1103 1286; x_wconf 86' lang='lat' dir='ltr'><strong>tihi</strong></span> <span class='ocrx_word' id='word_1_153' title='bbox 1134 1247 1359 1287; x_wconf 83' lang='lat' dir='ltr'><strong>auctoritas</strong></span> <span class='ocrx_word' id='word_1_154' title='bbox 1381 1252 1444 1287; x_wconf 88' lang='lat' dir='ltr'><strong>est</strong></span> <span class='ocrx_word' id='word_1_155' title='bbox 1468 1247 1665 1287; x_wconf 88' lang='lat' dir='ltr'><strong>videlieet</strong></span> <span class='ocrx_word' id='word_1_156' title='bbox 1686 1257 1797 1291; x_wconf 88' lang='lat' dir='ltr'><strong>cara,</strong></span> <span class='ocrx_word' id='word_1_157' title='bbox 1827 1242 1960 1282; x_wconf 64' lang='lat' dir='ltr'><strong>vitais</strong></span> 
     </span>
     <span class='ocr_line' id='line_1_17' title="bbox 158 1304 1911 1362; baseline -0.003 -14"><span class='ocrx_word' id='word_1_158' title='bbox 158 1309 379 1355; x_wconf 86' lang='lat' dir='ltr'><strong>vilissima,</strong></span> <span class='ocrx_word' id='word_1_159' title='bbox 411 1307 483 1347; x_wconf 91' lang='lat' dir='ltr'><strong>sed</strong></span> <span class='ocrx_word' id='word_1_160' title='bbox 515 1308 637 1347; x_wconf 88' lang='lat' dir='ltr'><strong>etiam</strong></span> <span class='ocrx_word' id='word_1_161' title='bbox 668 1308 728 1347; x_wconf 91' lang='lat' dir='ltr'><strong>illi</strong></span> <span class='ocrx_word' id='word_1_162' title='bbox 761 1309 922 1362; x_wconf 88' lang='lat' dir='ltr'><strong>equites</strong></span> <span class='ocrx_word' id='word_1_163' title='bbox 944 1309 1141 1355; x_wconf 89' lang='lat' dir='ltr'><strong>Romani,</strong></span> <span class='ocrx_word' id='word_1_164' title='bbox 1172 1309 1454 1349; x_wconf 86' lang='lat' dir='ltr'><strong>honestissimi</strong></span> <span class='ocrx_word' id='word_1_165' title='bbox 1483 1316 1610 1362; x_wconf 91' lang='lat' dir='ltr'><strong>atque</strong></span> <span class='ocrx_word' id='word_1_166' title='bbox 1647 1305 1793 1361; x_wconf 91' lang='lat' dir='ltr'><strong>optimi</strong></span> <span class='ocrx_word' id='word_1_167' title='bbox 1819 1304 1911 1351; x_wconf 87' lang='lat' dir='ltr'><strong>viri,</strong></span> 
     </span>
     <span class='ocr_line' id='line_1_18' title="bbox 160 1366 1912 1424; baseline -0.002 -15"><span class='ocrx_word' id='word_1_168' title='bbox 160 1370 372 1422; x_wconf 84' lang='lat' dir='ltr'><strong>ceterique</strong></span> <span class='ocrx_word' id='word_1_169' title='bbox 398 1368 613 1409; x_wconf 83' lang='lat' dir='ltr'><strong>fortissimi</strong></span> <span class='ocrx_word' id='word_1_170' title='bbox 646 1370 780 1418; x_wconf 79' lang='lat' dir='ltr'><strong>cives,</strong></span> <span class='ocrx_word' id='word_1_171' title='bbox 827 1372 898 1424; x_wconf 92' lang='lat' dir='ltr'><strong>qui</strong></span> <span class='ocrx_word' id='word_1_172' title='bbox 930 1371 1199 1411; x_wconf 83' lang='lat' dir='ltr'><strong>circumstant</strong></span> <span class='ocrx_word' id='word_1_173' title='bbox 1229 1377 1436 1419; x_wconf 83' lang='lat' dir='ltr'><strong>senatum,</strong></span> <span class='ocrx_word' id='word_1_174' title='bbox 1480 1385 1655 1424; x_wconf 90' lang='lat' dir='ltr'><strong>quorum</strong></span> <span class='ocrx_word' id='word_1_175' title='bbox 1687 1375 1731 1409; x_wconf 83' lang='lat' dir='ltr'><strong>tu</strong></span> <span class='ocrx_word' id='word_1_176' title='bbox 1762 1373 1803 1409; x_wconf 89' lang='lat' dir='ltr'><strong>et</strong></span> <span class='ocrx_word' id='word_1_177' title='bbox 1831 1366 1912 1406; x_wconf 89' lang='lat' dir='ltr'><strong>fre-</strong></span> 
     </span>
     <span class='ocr_line' id='line_1_19' title="bbox 163 1430 1913 1487; baseline -0.001 -17"><span class='ocrx_word' id='word_1_178' title='bbox 163 1431 373 1484; x_wconf 88' lang='lat' dir='ltr'><strong>quentiam</strong></span> <span class='ocrx_word' id='word_1_179' title='bbox 403 1430 546 1471; x_wconf 90' lang='lat' dir='ltr'><strong>videre</strong></span> <span class='ocrx_word' id='word_1_180' title='bbox 579 1438 619 1471; x_wconf 86' lang='lat' dir='ltr'><strong>et</strong></span> <span class='ocrx_word' id='word_1_181' title='bbox 649 1432 785 1471; x_wconf 88' lang='lat' dir='ltr'><strong>studia</strong></span> <span class='ocrx_word' id='word_1_182' title='bbox 820 1432 1056 1485; x_wconf 85' lang='lat' dir='ltr'><strong>perspicere</strong></span> <span class='ocrx_word' id='word_1_183' title='bbox 1088 1438 1128 1473; x_wconf 89' lang='lat' dir='ltr'><strong>et</strong></span> <span class='ocrx_word' id='word_1_184' title='bbox 1158 1447 1280 1473; x_wconf 85' lang='lat' dir='ltr'><strong>voees</strong></span> <span class='ocrx_word' id='word_1_185' title='bbox 1310 1434 1434 1487; x_wconf 91' lang='lat' dir='ltr'><strong>paulo</strong></span> <span class='ocrx_word' id='word_1_186' title='bbox 1475 1438 1570 1473; x_wconf 86' lang='lat' dir='ltr'><strong>ante</strong></span> <span class='ocrx_word' id='word_1_187' title='bbox 1610 1431 1810 1472; x_wconf 83' lang='lat' dir='ltr'><strong>exaudire</strong></span> <span class='ocrx_word' id='word_1_188' title='bbox 1840 1443 1913 1483; x_wconf 88' lang='lat' dir='ltr'><strong>po-</strong></span> 
     </span>
     <span class='ocr_line' id='line_1_20' title="bbox 160 1492 1913 1546; baseline 0 -15"><span class='ocrx_word' id='word_1_189' title='bbox 160 1493 288 1532; x_wconf 83' lang='lat' dir='ltr'><strong>tuisti.</strong></span> <span class='ocrx_word' id='word_1_190' title='bbox 336 1492 525 1540; x_wconf 92' lang='lat' dir='ltr'><strong>Quorum</strong></span> <span class='ocrx_word' id='word_1_191' title='bbox 556 1507 632 1546; x_wconf 87' lang='lat' dir='ltr'><strong>ego</strong></span> <span class='ocrx_word' id='word_1_192' title='bbox 663 1495 734 1534; x_wconf 81' lang='lat' dir='ltr'><strong>vix</strong></span> <span class='ocrx_word' id='word_1_193' title='bbox 765 1494 837 1534; x_wconf 87' lang='lat' dir='ltr'><strong>abs</strong></span> <span class='ocrx_word' id='word_1_194' title='bbox 868 1500 907 1534; x_wconf 83' lang='lat' dir='ltr'><strong>te</strong></span> <span class='ocrx_word' id='word_1_195' title='bbox 937 1495 1017 1535; x_wconf 85' lang='lat' dir='ltr'><strong>iam</strong></span> <span class='ocrx_word' id='word_1_196' title='bbox 1049 1495 1118 1535; x_wconf 92' lang='lat' dir='ltr'><strong>diu</strong></span> <span class='ocrx_word' id='word_1_197' title='bbox 1150 1509 1296 1536; x_wconf 88' lang='lat' dir='ltr'><strong>manus</strong></span> <span class='ocrx_word' id='word_1_198' title='bbox 1327 1509 1374 1536; x_wconf 89' lang='lat' dir='ltr'><strong>ae</strong></span> <span class='ocrx_word' id='word_1_199' title='bbox 1394 1495 1476 1536; x_wconf 89' lang='lat' dir='ltr'><strong>tela</strong></span> <span class='ocrx_word' id='word_1_200' title='bbox 1498 1495 1712 1540; x_wconf 86' lang='lat' dir='ltr'><strong>contineo,</strong></span> <span class='ocrx_word' id='word_1_201' title='bbox 1744 1493 1913 1532; x_wconf 90' lang='lat' dir='ltr'><strong>eosdem</strong></span> 
     </span>
     <span class='ocr_line' id='line_1_21' title="bbox 160 1554 1962 1612; baseline -0.001 -19"><span class='ocrx_word' id='word_1_202' title='bbox 160 1554 279 1594; x_wconf 85' lang='lat' dir='ltr'><strong>facile</strong></span> <span class='ocrx_word' id='word_1_203' title='bbox 310 1554 513 1595; x_wconf 88' lang='lat' dir='ltr'><strong>adducam</strong></span> <span class='ocrx_word' id='word_1_204' title='bbox 544 1561 591 1596; x_wconf 89' lang='lat' dir='ltr'><strong>ut</strong></span> <span class='ocrx_word' id='word_1_205' title='bbox 621 1562 660 1596; x_wconf 85' lang='lat' dir='ltr'><strong>te</strong></span> <span class='ocrx_word' id='word_1_206' title='bbox 690 1557 814 1604; x_wconf 87' lang='lat' dir='ltr'><strong>haec,</strong></span> <span class='ocrx_word' id='word_1_207' title='bbox 852 1570 960 1610; x_wconf 90' lang='lat' dir='ltr'><strong>quae</strong></span> <span class='ocrx_word' id='word_1_208' title='bbox 992 1563 1153 1597; x_wconf 76' lang='lat' dir='ltr'><strong>vastare</strong></span> <span class='ocrx_word' id='word_1_209' title='bbox 1184 1558 1263 1598; x_wconf 90' lang='lat' dir='ltr'><strong>iam</strong></span> <span class='ocrx_word' id='word_1_210' title='bbox 1293 1557 1453 1612; x_wconf 88' lang='lat' dir='ltr'><strong>pridem</strong></span> <span class='ocrx_word' id='word_1_211' title='bbox 1485 1558 1646 1605; x_wconf 91' lang='lat' dir='ltr'><strong>studes,</strong></span> <span class='ocrx_word' id='word_1_212' title='bbox 1678 1555 1912 1609; x_wconf 90' lang='lat' dir='ltr'><strong>relinquen·</strong></span> <span class='ocrx_word' id='word_1_213' title='bbox 1925 1563 1962 1592; x_wconf 79' lang='lat'><strong>20</strong></span> 
     </span>
     <span class='ocr_line' id='line_1_22' title="bbox 163 1617 1020 1673; baseline 0.004 -17"><span class='ocrx_word' id='word_1_214' title='bbox 163 1622 244 1656; x_wconf 89' lang='lat' dir='ltr'><strong>tem</strong></span> <span class='ocrx_word' id='word_1_215' title='bbox 274 1630 408 1669; x_wconf 92' lang='lat' dir='ltr'><strong>usque</strong></span> <span class='ocrx_word' id='word_1_216' title='bbox 439 1617 491 1656; x_wconf 86' lang='lat' dir='ltr'><strong>ad</strong></span> <span class='ocrx_word' id='word_1_217' title='bbox 525 1623 668 1670; x_wconf 88' lang='lat' dir='ltr'><strong>portas</strong></span> <span class='ocrx_word' id='word_1_218' title='bbox 700 1625 1020 1673; x_wconf 86' lang='lat' dir='ltr'><strong>prosequantur.</strong></span> 
     </span>
    </p>

    <p class='ocr_par' dir='ltr' id='par_1_4' title="bbox 159 1676 1963 2110">
     <span class='ocr_line' id='line_1_23' title="bbox 271 1676 1914 1735; baseline 0.002 -18"><span class='ocrx_word' id='word_1_219' title='bbox 271 1679 343 1718; x_wconf 90' lang='lat' dir='ltr'><strong>lX.</strong></span> <span class='ocrx_word' id='word_1_220' title='bbox 374 1676 441 1719; x_wconf 58' lang='lat'><strong>⁹22.</strong></span> <span class='ocrx_word' id='word_1_221' title='bbox 475 1679 737 1734; x_wconf 88' lang='lat' dir='ltr'><strong>Quamquam</strong></span> <span class='ocrx_word' id='word_1_222' title='bbox 769 1681 869 1735; x_wconf 88' lang='lat' dir='ltr'><strong>quid</strong></span> <span class='ocrx_word' id='word_1_223' title='bbox 900 1682 1077 1734; x_wconf 76' lang='lat' dir='ltr'><strong>loquor?</strong></span> <span class='ocrx_word' id='word_1_224' title='bbox 1109 1688 1148 1722; x_wconf 89' lang='lat' dir='ltr'><strong>te</strong></span> <span class='ocrx_word' id='word_1_225' title='bbox 1179 1688 1226 1723; x_wconf 91' lang='lat' dir='ltr'><strong>ut</strong></span> <span class='ocrx_word' id='word_1_226' title='bbox 1254 1683 1340 1723; x_wconf 88' lang='lat' dir='ltr'><strong>ulla</strong></span> <span class='ocrx_word' id='word_1_227' title='bbox 1368 1696 1434 1723; x_wconf 87' lang='lat' dir='ltr'><strong>res</strong></span> <span class='ocrx_word' id='word_1_228' title='bbox 1463 1682 1655 1735; x_wconf 73' lang='lat' dir='ltr'><strong>frangat?</strong></span> <span class='ocrx_word' id='word_1_229' title='bbox 1687 1687 1731 1722; x_wconf 89' lang='lat' dir='ltr'><strong>tu</strong></span> <span class='ocrx_word' id='word_1_230' title='bbox 1758 1686 1804 1720; x_wconf 89' lang='lat' dir='ltr'><strong>ut</strong></span> <span class='ocrx_word' id='word_1_231' title='bbox 1824 1694 1914 1721; x_wconf 85' lang='lat' dir='ltr'><strong>um-</strong></span> 
     </span>
     <span class='ocr_line' id='line_1_24' title="bbox 162 1741 1914 1797; baseline 0.001 -16"><span class='ocrx_word' id='word_1_232' title='bbox 162 1754 285 1794; x_wconf 90' lang='lat' dir='ltr'><strong>quam</strong></span> <span class='ocrx_word' id='word_1_233' title='bbox 326 1745 365 1780; x_wconf 91' lang='lat' dir='ltr'><strong>te</strong></span> <span class='ocrx_word' id='word_1_234' title='bbox 403 1741 613 1794; x_wconf 74' lang='lat' dir='ltr'><strong>corrigas?</strong></span> <span class='ocrx_word' id='word_1_235' title='bbox 654 1747 698 1782; x_wconf 86' lang='lat' dir='ltr'><strong>tu</strong></span> <span class='ocrx_word' id='word_1_236' title='bbox 735 1749 780 1783; x_wconf 91' lang='lat' dir='ltr'><strong>ut</strong></span> <span class='ocrx_word' id='word_1_237' title='bbox 810 1743 936 1783; x_wconf 89' lang='lat' dir='ltr'><strong>ullam</strong></span> <span class='ocrx_word' id='word_1_238' title='bbox 970 1743 1110 1797; x_wconf 86' lang='lat' dir='ltr'><strong>fugam</strong></span> <span class='ocrx_word' id='word_1_239' title='bbox 1140 1745 1369 1785; x_wconf 77' lang='lat' dir='ltr'><strong>meditere?</strong></span> <span class='ocrx_word' id='word_1_240' title='bbox 1409 1751 1454 1786; x_wconf 87' lang='lat' dir='ltr'><strong>tu</strong></span> <span class='ocrx_word' id='word_1_241' title='bbox 1483 1750 1529 1785; x_wconf 86' lang='lat' dir='ltr'><strong>ut</strong></span> <span class='ocrx_word' id='word_1_242' title='bbox 1558 1745 1690 1785; x_wconf 90' lang='lat' dir='ltr'><strong>ullum</strong></span> <span class='ocrx_word' id='word_1_243' title='bbox 1721 1743 1914 1783; x_wconf 89' lang='lat' dir='ltr'><strong>exsilium</strong></span> 
     </span>
     <span class='ocr_line' id='line_1_25' title="bbox 161 1802 1913 1855; baseline 0.001 -12"><span class='ocrx_word' id='word_1_244' title='bbox 161 1803 348 1855; x_wconf 68' lang='lat' dir='ltr'><strong>cogites?</strong></span> <span class='ocrx_word' id='word_1_245' title='bbox 394 1802 561 1842; x_wconf 82' lang='lat' dir='ltr'><strong>Utinam</strong></span> <span class='ocrx_word' id='word_1_246' title='bbox 592 1804 665 1844; x_wconf 86' lang='lat' dir='ltr'><strong>tibi</strong></span> <span class='ocrx_word' id='word_1_247' title='bbox 697 1806 820 1846; x_wconf 90' lang='lat' dir='ltr'><strong>istam</strong></span> <span class='ocrx_word' id='word_1_248' title='bbox 850 1812 1029 1846; x_wconf 87' lang='lat' dir='ltr'><strong>mentem</strong></span> <span class='ocrx_word' id='word_1_249' title='bbox 1061 1807 1102 1846; x_wconf 92' lang='lat' dir='ltr'><strong>di</strong></span> <span class='ocrx_word' id='word_1_250' title='bbox 1132 1807 1383 1848; x_wconf 88' lang='lat' dir='ltr'><strong>immortales</strong></span> <span class='ocrx_word' id='word_1_251' title='bbox 1415 1807 1556 1848; x_wconf 87' lang='lat' dir='ltr'><strong>duintl</strong></span> <span class='ocrx_word' id='word_1_252' title='bbox 1586 1807 1749 1848; x_wconf 83' lang='lat' dir='ltr'><strong>tametsi</strong></span> <span class='ocrx_word' id='word_1_253' title='bbox 1776 1805 1913 1852; x_wconf 91' lang='lat' dir='ltr'><strong>video,</strong></span> 
     </span>
     <span class='ocr_line' id='line_1_26' title="bbox 159 1866 1963 1923; baseline 0.002 -19"><span class='ocrx_word' id='word_1_254' title='bbox 159 1866 191 1905; x_wconf 93' lang='lat' dir='ltr'><strong>si</strong></span> <span class='ocrx_word' id='word_1_255' title='bbox 225 1878 317 1905; x_wconf 86' lang='lat' dir='ltr'><strong>mea</strong></span> <span class='ocrx_word' id='word_1_256' title='bbox 345 1877 447 1905; x_wconf 83' lang='lat' dir='ltr'><strong>voce</strong></span> <span class='ocrx_word' id='word_1_257' title='bbox 478 1868 722 1917; x_wconf 87' lang='lat' dir='ltr'><strong>perterritus</strong></span> <span class='ocrx_word' id='word_1_258' title='bbox 753 1868 813 1908; x_wconf 88' lang='lat' dir='ltr'><strong>ire</strong></span> <span class='ocrx_word' id='word_1_259' title='bbox 843 1869 885 1908; x_wconf 90' lang='lat' dir='ltr'><strong>in</strong></span> <span class='ocrx_word' id='word_1_260' title='bbox 917 1869 1111 1909; x_wconf 87' lang='lat' dir='ltr'><strong>exsilium</strong></span> <span class='ocrx_word' id='word_1_261' title='bbox 1141 1869 1325 1910; x_wconf 91' lang='lat' dir='ltr'><strong>animum</strong></span> <span class='ocrx_word' id='word_1_262' title='bbox 1355 1870 1591 1917; x_wconf 87' lang='lat' dir='ltr'><strong>induxeris,</strong></span> <span class='ocrx_word' id='word_1_263' title='bbox 1628 1874 1784 1923; x_wconf 87' lang='lat' dir='ltr'><strong>quanta</strong></span> <span class='ocrx_word' id='word_1_264' title='bbox 1812 1872 1914 1907; x_wconf 88' lang='lat' dir='ltr'><strong>tem-</strong></span> <span class='ocrx_word' id='word_1_265' title='bbox 1926 1875 1963 1904; x_wconf 74' lang='lat'><strong>25</strong></span> 
     </span>
     <span class='ocr_line' id='line_1_27' title="bbox 159 1926 1916 1986; baseline 0.001 -19"><span class='ocrx_word' id='word_1_266' title='bbox 159 1933 300 1980; x_wconf 87' lang='lat' dir='ltr'><strong>pestas</strong></span> <span class='ocrx_word' id='word_1_267' title='bbox 341 1926 524 1967; x_wconf 79' lang='lat' dir='ltr'><strong>invidiae</strong></span> <span class='ocrx_word' id='word_1_268' title='bbox 565 1929 708 1977; x_wconf 88' lang='lat' dir='ltr'><strong>nohis,</strong></span> <span class='ocrx_word' id='word_1_269' title='bbox 754 1930 787 1970; x_wconf 90' lang='lat' dir='ltr'><strong>si</strong></span> <span class='ocrx_word' id='word_1_270' title='bbox 828 1931 964 1971; x_wconf 89' lang='lat' dir='ltr'><strong>minus</strong></span> <span class='ocrx_word' id='word_1_271' title='bbox 1004 1932 1046 1971; x_wconf 88' lang='lat' dir='ltr'><strong>in</strong></span> <span class='ocrx_word' id='word_1_272' title='bbox 1077 1945 1274 1985; x_wconf 89' lang='lat' dir='ltr'><strong>praesens</strong></span> <span class='ocrx_word' id='word_1_273' title='bbox 1305 1938 1487 1986; x_wconf 89' lang='lat' dir='ltr'><strong>tempus,</strong></span> <span class='ocrx_word' id='word_1_274' title='bbox 1532 1932 1689 1973; x_wconf 87' lang='lat' dir='ltr'><strong>recenti</strong></span> <span class='ocrx_word' id='word_1_275' title='bbox 1717 1931 1916 1972; x_wconf 86' lang='lat' dir='ltr'><strong>memoria</strong></span> 
     </span>
     <span class='ocr_line' id='line_1_28' title="bbox 159 1989 1913 2047; baseline 0.001 -18"><span class='ocrx_word' id='word_1_276' title='bbox 159 1989 361 2029; x_wconf 89' lang='lat' dir='ltr'><strong>scelerum</strong></span> <span class='ocrx_word' id='word_1_277' title='bbox 390 1994 577 2038; x_wconf 84' lang='lat' dir='ltr'><strong>tuorum,</strong></span> <span class='ocrx_word' id='word_1_278' title='bbox 608 1997 650 2031; x_wconf 83' lang='lat' dir='ltr'><strong>at</strong></span> <span class='ocrx_word' id='word_1_279' title='bbox 670 1992 712 2032; x_wconf 90' lang='lat' dir='ltr'><strong>in</strong></span> <span class='ocrx_word' id='word_1_280' title='bbox 733 1994 1018 2046; x_wconf 87' lang='lat' dir='ltr'><strong>posteritatem</strong></span> <span class='ocrx_word' id='word_1_281' title='bbox 1043 1994 1294 2047; x_wconf 88' lang='lat' dir='ltr'><strong>impendeat.</strong></span> <span class='ocrx_word' id='word_1_282' title='bbox 1337 1995 1419 2034; x_wconf 90' lang='lat' dir='ltr'><strong>Sed</strong></span> <span class='ocrx_word' id='word_1_283' title='bbox 1441 1999 1504 2035; x_wconf 84' lang='lat' dir='ltr'><strong>est</strong></span> <span class='ocrx_word' id='word_1_284' title='bbox 1524 1995 1639 2042; x_wconf 84' lang='lat' dir='ltr'><strong>tanti,</strong></span> <span class='ocrx_word' id='word_1_285' title='bbox 1671 1992 1769 2032; x_wconf 91' lang='lat' dir='ltr'><strong>dum</strong></span> <span class='ocrx_word' id='word_1_286' title='bbox 1790 1991 1913 2032; x_wconf 91' lang='lat' dir='ltr'><strong>modo</strong></span> 
     </span>
     <span class='ocr_line' id='line_1_29' title="bbox 159 2050 1914 2110; baseline 0.001 -18"><span class='ocrx_word' id='word_1_287' title='bbox 159 2052 239 2092; x_wconf 84' lang='lat' dir='ltr'><strong>ista</strong></span> <span class='ocrx_word' id='word_1_288' title='bbox 270 2051 323 2091; x_wconf 90' lang='lat' dir='ltr'><strong>sit</strong></span> <span class='ocrx_word' id='word_1_289' title='bbox 353 2050 513 2104; x_wconf 80' lang='lat' dir='ltr'><strong>privata</strong></span> <span class='ocrx_word' id='word_1_290' title='bbox 543 2053 755 2094; x_wconf 86' lang='lat' dir='ltr'><strong>calamitas</strong></span> <span class='ocrx_word' id='word_1_291' title='bbox 787 2060 827 2095; x_wconf 86' lang='lat' dir='ltr'><strong>et</strong></span> <span class='ocrx_word' id='word_1_292' title='bbox 857 2068 880 2095; x_wconf 85' lang='lat' dir='ltr'><strong>a</strong></span> <span class='ocrx_word' id='word_1_293' title='bbox 910 2056 969 2095; x_wconf 90' lang='lat' dir='ltr'><strong>rei</strong></span> <span class='ocrx_word' id='word_1_294' title='bbox 1004 2056 1194 2109; x_wconf 89' lang='lat' dir='ltr'><strong>publicae</strong></span> <span class='ocrx_word' id='word_1_295' title='bbox 1225 2057 1422 2110; x_wconf 90' lang='lat' dir='ltr'><strong>periculis</strong></span> <span class='ocrx_word' id='word_1_296' title='bbox 1453 2056 1708 2110; x_wconf 84' lang='lat' dir='ltr'><strong>seiungatur.</strong></span> <span class='ocrx_word' id='word_1_297' title='bbox 1759 2055 1840 2095; x_wconf 88' lang='lat' dir='ltr'><strong>Sed</strong></span> <span class='ocrx_word' id='word_1_298' title='bbox 1870 2058 1914 2095; x_wconf 87' lang='lat' dir='ltr'><strong>tu</strong></span> 
     </span>
    </p>
   </div>
   <div class='ocr_carea' id='block_1_3' title="bbox 248 2228 1913 2270">
    <p class='ocr_par' dir='ltr' id='par_1_5' title="bbox 248 2228 1913 2270">
     <span class='ocr_line' id='line_1_30' title="bbox 248 2228 1913 2270; baseline 0 -10"><span class='ocrx_word' id='word_1_299' title='bbox 248 2230 279 2260; x_wconf 78' lang='grc'><strong>1.</strong></span> <span class='ocrx_word' id='word_1_300' title='bbox 305 2229 332 2260; x_wconf 78' lang='lat' dir='ltr'><strong>si</strong></span> <span class='ocrx_word' id='word_1_301' title='bbox 355 2228 406 2259; x_wconf 82' lang='lat' dir='ltr'><strong>hic</strong></span> <span class='ocrx_word' id='word_1_302' title='bbox 430 2229 556 2260; x_wconf 83' lang='lat' dir='ltr'><strong>morari</strong></span> <span class='ocrx_word' id='word_1_303' title='bbox 580 2229 603 2259; x_wconf 90' lang='lat' dir='ltr'>B</span> <span class='ocrx_word' id='word_1_304' title='bbox 619 2229 644 2259; x_wconf 71' lang='lat' dir='ltr'>V</span> <span class='ocrx_word' id='word_1_305' title='bbox 670 2228 706 2268; x_wconf 86' lang='lat' dir='ltr'><strong>(si</strong></span> <span class='ocrx_word' id='word_1_306' title='bbox 730 2237 832 2268; x_wconf 78' lang='lat' dir='ltr'><strong>aequo</strong></span> <span class='ocrx_word' id='word_1_307' title='bbox 857 2228 966 2260; x_wconf 81' lang='lat' dir='ltr'><strong>animo</strong></span> <span class='ocrx_word' id='word_1_308' title='bbox 990 2229 1092 2261; x_wconf 84' lang='lat' dir='ltr'><strong>emori</strong></span> <span class='ocrx_word' id='word_1_309' title='bbox 1115 2229 1163 2270; x_wconf 85' lang='lat' dir='ltr'><strong>z);</strong></span> <span class='ocrx_word' id='word_1_310' title='bbox 1189 2230 1215 2260; x_wconf 85' lang='lat' dir='ltr'><strong>si</strong></span> <span class='ocrx_word' id='word_1_311' title='bbox 1238 2229 1289 2260; x_wconf 80' lang='lat' dir='ltr'><strong>hic</strong></span> <span class='ocrx_word' id='word_1_312' title='bbox 1313 2230 1414 2261; x_wconf 86' lang='lat' dir='ltr'><strong>emori</strong></span> <span class='ocrx_word' id='word_1_313' title='bbox 1434 2230 1468 2260; x_wconf 94' lang='lat' dir='ltr'><strong>L.</strong></span> <span class='ocrx_word' id='word_1_314' title='bbox 1496 2229 1546 2261; x_wconf 88' lang='lat' dir='ltr'><strong>Cf.</strong></span> <span class='ocrx_word' id='word_1_315' title='bbox 1573 2228 1731 2269; x_wconf 78' lang='lat' dir='ltr'><strong>Madvigii</strong></span> <span class='ocrx_word' id='word_1_316' title='bbox 1755 2230 1870 2268; x_wconf 80' lang='lat' dir='ltr'><strong>opusc.</strong></span> <span class='ocrx_word' id='word_1_317' title='bbox 1889 2230 1913 2260; x_wconf 92' lang='grc'><strong>1.</strong></span> 
     </span>
    </p>
   </div>
   <div class='ocr_carea' id='block_1_4' title="bbox 158 2276 1918 2767">
    <p class='ocr_par' dir='ltr' id='par_1_6' title="bbox 158 2276 1918 2767">
     <span class='ocr_line' id='line_1_31' title="bbox 158 2276 1915 2320; baseline 0 -11"><span class='ocrx_word' id='word_1_318' title='bbox 158 2288 192 2320; x_wconf 91' lang='lat' dir='ltr'><strong>p.</strong></span> <span class='ocrx_word' id='word_1_319' title='bbox 220 2278 294 2309; x_wconf 72' lang='lat'><strong>476.</strong></span> <span class='ocrx_word' id='word_1_320' title='bbox 320 2279 390 2309; x_wconf 81' lang='lat' dir='ltr'><strong>not.</strong></span> <span class='ocrx_word' id='word_1_321' title='bbox 421 2296 455 2300; x_wconf 92' lang='lat'>—</span> <span class='ocrx_word' id='word_1_322' title='bbox 483 2277 514 2309; x_wconf 73' lang='lat'><strong>4.</strong></span> <span class='ocrx_word' id='word_1_323' title='bbox 542 2278 645 2316; x_wconf 79' lang='lat' dir='ltr'><strong>inquit</strong></span> <span class='ocrx_word' id='word_1_324' title='bbox 668 2286 686 2308; x_wconf 87' lang='lat' dir='ltr'><strong>a</strong></span> <span class='ocrx_word' id='word_1_325' title='bbox 703 2276 762 2309; x_wconf 85' lang='lat' dir='ltr'><strong>ilr</strong></span> <span class='ocrx_word' id='word_1_326' title='bbox 779 2287 826 2316; x_wconf 81' lang='lat' dir='ltr'><strong>w,</strong></span> <span class='ocrx_word' id='word_1_327' title='bbox 852 2279 910 2318; x_wconf 77' lang='lat' dir='ltr'><strong>Lg.</strong></span> <span class='ocrx_word' id='word_1_328' title='bbox 930 2278 982 2310; x_wconf 79' lang='lat'><strong>53.</strong></span> <span class='ocrx_word' id='word_1_329' title='bbox 1008 2280 1060 2311; x_wconf 80' lang='lat'><strong>65.</strong></span> <span class='ocrx_word' id='word_1_330' title='bbox 1082 2297 1116 2300; x_wconf 90' lang='lat'>—</span> <span class='ocrx_word' id='word_1_331' title='bbox 1144 2279 1238 2318; x_wconf 82' lang='lat' dir='ltr'><strong>enim]</strong></span> <span class='ocrx_word' id='word_1_332' title='bbox 1264 2279 1361 2310; x_wconf 78' lang='lat' dir='ltr'><strong>eliam</strong></span> <span class='ocrx_word' id='word_1_333' title='bbox 1385 2288 1412 2310; x_wconf 90' lang='lat' dir='ltr'><strong>r.</strong></span> <span class='ocrx_word' id='word_1_334' title='bbox 1434 2295 1469 2301; x_wconf 93' lang='lat'><strong>—</strong></span> <span class='ocrx_word' id='word_1_335' title='bbox 1496 2280 1527 2310; x_wconf 78' lang='lat'><strong>5.</strong></span> <span class='ocrx_word' id='word_1_336' title='bbox 1550 2279 1681 2319; x_wconf 78' lang='lat' dir='ltr'><strong>placere</strong></span> <span class='ocrx_word' id='word_1_337' title='bbox 1704 2287 1806 2318; x_wconf 76' lang='lat' dir='ltr'><strong>ay2‚</strong></span> <span class='ocrx_word' id='word_1_338' title='bbox 1833 2279 1856 2309; x_wconf 95' lang='lat' dir='ltr'>L</span> <span class='ocrx_word' id='word_1_339' title='bbox 1875 2288 1915 2310; x_wconf 82' lang='lat' dir='ltr'><strong>ex</strong></span> 
     </span>
     <span class='ocr_line' id='line_1_32' title="bbox 163 2327 1915 2369; baseline 0 -9"><span class='ocrx_word' id='word_1_340' title='bbox 163 2328 242 2360; x_wconf 88' lang='lat' dir='ltr'><strong>cod.</strong></span> <span class='ocrx_word' id='word_1_341' title='bbox 267 2327 414 2367; x_wconf 81' lang='lat' dir='ltr'><strong>Mureti:</strong></span> <span class='ocrx_word' id='word_1_342' title='bbox 436 2328 570 2367; x_wconf 78' lang='lat' dir='ltr'><strong>placere</strong></span> <span class='ocrx_word' id='word_1_343' title='bbox 593 2327 652 2358; x_wconf 84' lang='lat' dir='ltr'><strong>sibi</strong></span> <span class='ocrx_word' id='word_1_344' title='bbox 676 2327 714 2366; x_wconf 81' lang='lat' dir='ltr'><strong>d,</strong></span> <span class='ocrx_word' id='word_1_345' title='bbox 747 2328 805 2368; x_wconf 79' lang='lat' dir='ltr'><strong>Lg.</strong></span> <span class='ocrx_word' id='word_1_346' title='bbox 832 2328 883 2359; x_wconf 81' lang='lat'><strong>53.</strong></span> <span class='ocrx_word' id='word_1_347' title='bbox 911 2329 963 2360; x_wconf 77' lang='lat'><strong>65.</strong></span> <span class='ocrx_word' id='word_1_348' title='bbox 990 2328 1070 2367; x_wconf 88' lang='lat' dir='ltr'><strong>soli,</strong></span> <span class='ocrx_word' id='word_1_349' title='bbox 1098 2329 1141 2369; x_wconf 81' lang='lat'><strong>03</strong></span> <span class='ocrx_word' id='word_1_350' title='bbox 1174 2329 1233 2359; x_wconf 81' lang='lat' dir='ltr'><strong>sibi</strong></span> <span class='ocrx_word' id='word_1_351' title='bbox 1256 2330 1389 2368; x_wconf 78' lang='lat' dir='ltr'><strong>placere</strong></span> <span class='ocrx_word' id='word_1_352' title='bbox 1412 2330 1449 2361; x_wconf 84' lang='lat' dir='ltr'><strong>R.</strong></span> <span class='ocrx_word' id='word_1_353' title='bbox 1486 2345 1521 2351; x_wconf 91' lang='lat'><strong>—-</strong></span> <span class='ocrx_word' id='word_1_354' title='bbox 1553 2338 1618 2361; x_wconf 90' lang='lat' dir='ltr'><strong>esse</strong></span> <span class='ocrx_word' id='word_1_355' title='bbox 1640 2332 1670 2360; x_wconf 87' lang='lat' dir='ltr'><strong>te</strong></span> <span class='ocrx_word' id='word_1_356' title='bbox 1693 2338 1712 2360; x_wconf 96' lang='lat' dir='ltr'><strong>o</strong></span> <span class='ocrx_word' id='word_1_357' title='bbox 1738 2330 1808 2369; x_wconf 82' lang='lat' dir='ltr'><strong>(est</strong></span> <span class='ocrx_word' id='word_1_358' title='bbox 1830 2332 1859 2360; x_wconf 86' lang='lat' dir='ltr'><strong>te</strong></span> <span class='ocrx_word' id='word_1_359' title='bbox 1883 2330 1915 2360; x_wconf 90' lang='lat' dir='ltr'><strong>in</strong></span> 
     </span>
     <span class='ocr_line' id='line_1_33' title="bbox 166 2376 1917 2419; baseline 0.001 -11"><span class='ocrx_word' id='word_1_360' title='bbox 166 2376 269 2409; x_wconf 80' lang='lat' dir='ltr'><strong>codd.</strong></span> <span class='ocrx_word' id='word_1_361' title='bbox 296 2376 483 2416; x_wconf 83' lang='lat' dir='ltr'><strong>omnibus).</strong></span> <span class='ocrx_word' id='word_1_362' title='bbox 506 2394 536 2400; x_wconf 94' lang='lat'>-</span> <span class='ocrx_word' id='word_1_363' title='bbox 565 2377 641 2417; x_wconf 82' lang='lat' dir='ltr'><strong>non]</strong></span> <span class='ocrx_word' id='word_1_364' title='bbox 666 2386 746 2408; x_wconf 83' lang='lat' dir='ltr'><strong>nam</strong></span> <span class='ocrx_word' id='word_1_365' title='bbox 769 2386 803 2409; x_wconf 93' lang='lat' dir='ltr'><strong>u.</strong></span> <span class='ocrx_word' id='word_1_366' title='bbox 824 2395 858 2399; x_wconf 75' lang='lat'>-</span> <span class='ocrx_word' id='word_1_367' title='bbox 880 2378 908 2409; x_wconf 79' lang='lat'><strong>6.</strong></span> <span class='ocrx_word' id='word_1_368' title='bbox 935 2382 965 2410; x_wconf 86' lang='lat' dir='ltr'><strong>et</strong></span> <span class='ocrx_word' id='word_1_369' title='bbox 986 2382 1095 2410; x_wconf 85' lang='lat' dir='ltr'><strong>tamen</strong></span> <span class='ocrx_word' id='word_1_370' title='bbox 1119 2380 1227 2416; x_wconf 80' lang='lat' dir='ltr'><strong>cao,</strong></span> <span class='ocrx_word' id='word_1_371' title='bbox 1254 2380 1311 2419; x_wconf 70' lang='lat' dir='ltr'><strong>Lg.</strong></span> <span class='ocrx_word' id='word_1_372' title='bbox 1338 2379 1390 2410; x_wconf 81' lang='lat'><strong>50.</strong></span> <span class='ocrx_word' id='word_1_373' title='bbox 1417 2379 1469 2411; x_wconf 85' lang='lat'><strong>53.</strong></span> <span class='ocrx_word' id='word_1_374' title='bbox 1496 2380 1554 2411; x_wconf 81' lang='lat'><strong>57:</strong></span> <span class='ocrx_word' id='word_1_375' title='bbox 1589 2380 1644 2411; x_wconf 82' lang='lat' dir='ltr'><strong>sed</strong></span> <span class='ocrx_word' id='word_1_376' title='bbox 1667 2379 1706 2417; x_wconf 69' lang='grc' dir='ltr'><strong>ἀς</strong></span> <span class='ocrx_word' id='word_1_377' title='bbox 1733 2380 1787 2410; x_wconf 82' lang='lat' dir='ltr'><strong>sed</strong></span> <span class='ocrx_word' id='word_1_378' title='bbox 1809 2382 1917 2410; x_wconf 80' lang='lat' dir='ltr'><strong>tamen</strong></span> 
     </span>
     <span class='ocr_line' id='line_1_34' title="bbox 160 2426 1912 2467; baseline 0.001 -8"><span class='ocrx_word' id='word_1_379' title='bbox 160 2428 198 2459; x_wconf 78' lang='lat' dir='ltr'><strong>R.</strong></span> <span class='ocrx_word' id='word_1_380' title='bbox 228 2444 263 2448; x_wconf 91' lang='lat'><strong>-—</strong></span> <span class='ocrx_word' id='word_1_381' title='bbox 289 2427 321 2457; x_wconf 81' lang='lat'><strong>7.</strong></span> <span class='ocrx_word' id='word_1_382' title='bbox 348 2435 390 2458; x_wconf 59' lang='lat' dir='ltr'><strong>ex</strong></span> <span class='ocrx_word' id='word_1_383' title='bbox 412 2427 475 2457; x_wconf 85' lang='lat' dir='ltr'><strong>hac</strong></span> <span class='ocrx_word' id='word_1_384' title='bbox 497 2426 576 2458; x_wconf 81' lang='lat' dir='ltr'><strong>urbe</strong></span> <span class='ocrx_word' id='word_1_385' title='bbox 600 2436 637 2464; x_wconf 87' lang='lat' dir='ltr'><strong>e,</strong></span> <span class='ocrx_word' id='word_1_386' title='bbox 675 2428 733 2467; x_wconf 72' lang='lat' dir='ltr'><strong>Lg.</strong></span> <span class='ocrx_word' id='word_1_387' title='bbox 759 2428 811 2458; x_wconf 81' lang='lat'><strong>50.</strong></span> <span class='ocrx_word' id='word_1_388' title='bbox 838 2428 897 2465; x_wconf 76' lang='lat'><strong>573</strong></span> <span class='ocrx_word' id='word_1_389' title='bbox 934 2428 971 2459; x_wconf 77' lang='lat' dir='ltr'><strong>cle</strong></span> <span class='ocrx_word' id='word_1_390' title='bbox 992 2428 1072 2460; x_wconf 74' lang='lat' dir='ltr'><strong>urbe</strong></span> <span class='ocrx_word' id='word_1_391' title='bbox 1095 2430 1118 2459; x_wconf 91' lang='lat' dir='ltr'><strong>t.</strong></span> <span class='ocrx_word' id='word_1_392' title='bbox 1147 2446 1182 2451; x_wconf 88' lang='lat'><em>-</em></span> <span class='ocrx_word' id='word_1_393' title='bbox 1219 2428 1362 2460; x_wconf 78' lang='lat' dir='ltr'><strong>Catilina</strong></span> <span class='ocrx_word' id='word_1_394' title='bbox 1385 2437 1455 2460; x_wconf 89' lang='lat' dir='ltr'><strong>om.</strong></span> <span class='ocrx_word' id='word_1_395' title='bbox 1481 2438 1513 2467; x_wconf 82' lang='grc' dir='ltr'>ς.</span> <span class='ocrx_word' id='word_1_396' title='bbox 1551 2444 1585 2450; x_wconf 91' lang='grc'>-</span> <span class='ocrx_word' id='word_1_397' title='bbox 1624 2429 1655 2460; x_wconf 87' lang='grc'>8.</span> <span class='ocrx_word' id='word_1_398' title='bbox 1680 2432 1800 2461; x_wconf 82' lang='lat' dir='ltr'><strong>metum</strong></span> <span class='ocrx_word' id='word_1_399' title='bbox 1823 2438 1850 2460; x_wconf 88' lang='lat' dir='ltr'><strong>r.</strong></span> <span class='ocrx_word' id='word_1_400' title='bbox 1878 2446 1912 2451; x_wconf 86' lang='lat'><strong>—</strong></span> 
     </span>
     <span class='ocr_line' id='line_1_35' title="bbox 159 2476 1914 2519; baseline 0 -10"><span class='ocrx_word' id='word_1_401' title='bbox 159 2478 190 2509; x_wconf 79' lang='lat'><strong>9.</strong></span> <span class='ocrx_word' id='word_1_402' title='bbox 215 2477 330 2516; x_wconf 78' lang='lat' dir='ltr'><strong>ecquid</strong></span> <span class='ocrx_word' id='word_1_403' title='bbox 352 2485 394 2514; x_wconf 75' lang='grc' dir='ltr'><strong>ςῖ</strong></span> <span class='ocrx_word' id='word_1_404' title='bbox 421 2480 451 2507; x_wconf 86' lang='lat' dir='ltr'><strong>et</strong></span> <span class='ocrx_word' id='word_1_405' title='bbox 474 2477 603 2515; x_wconf 81' lang='lat' dir='ltr'><strong>quidem</strong></span> <span class='ocrx_word' id='word_1_406' title='bbox 626 2486 662 2508; x_wconf 89' lang='lat' dir='ltr'><strong>a:</strong></span> <span class='ocrx_word' id='word_1_407' title='bbox 690 2477 768 2516; x_wconf 71' lang='lat' dir='ltr'><strong>quid</strong></span> <span class='ocrx_word' id='word_1_408' title='bbox 784 2476 837 2508; x_wconf 74' lang='lat' dir='ltr'><strong>vel</strong></span> <span class='ocrx_word' id='word_1_409' title='bbox 855 2478 940 2517; x_wconf 85' lang='lat' dir='ltr'><strong>quod</strong></span> <span class='ocrx_word' id='word_1_410' title='bbox 955 2477 1028 2509; x_wconf 88' lang='lat' dir='ltr'><strong>rell.</strong></span> <span class='ocrx_word' id='word_1_411' title='bbox 1049 2495 1085 2500; x_wconf 92' lang='lat'>—</span> <span class='ocrx_word' id='word_1_412' title='bbox 1113 2479 1260 2509; x_wconf 79' lang='lat' dir='ltr'><strong>adtendis</strong></span> <span class='ocrx_word' id='word_1_413' title='bbox 1283 2479 1401 2510; x_wconf 87' lang='lat' dir='ltr'><strong>eitw.</strong></span> <span class='ocrx_word' id='word_1_414' title='bbox 1422 2495 1457 2500; x_wconf 92' lang='lat'><em>—</em></span> <span class='ocrx_word' id='word_1_415' title='bbox 1484 2478 1609 2519; x_wconf 80' lang='lat' dir='ltr'><strong>ecquid]</strong></span> <span class='ocrx_word' id='word_1_416' title='bbox 1626 2482 1654 2510; x_wconf 90' lang='lat' dir='ltr'><strong>et</strong></span> <span class='ocrx_word' id='word_1_417' title='bbox 1679 2487 1754 2512; x_wconf 79' lang='lat' dir='ltr'><strong>eo:</strong></span> <span class='ocrx_word' id='word_1_418' title='bbox 1781 2479 1914 2518; x_wconf 79' lang='lat' dir='ltr'><strong>etquid,</strong></span> 
     </span>
     <span class='ocr_line' id='line_1_36' title="bbox 158 2524 1914 2568; baseline 0 -9"><span class='ocrx_word' id='word_1_419' title='bbox 158 2530 188 2559; x_wconf 84' lang='lat' dir='ltr'><strong>et</strong></span> <span class='ocrx_word' id='word_1_420' title='bbox 211 2527 358 2567; x_wconf 78' lang='lat' dir='ltr'><strong>quidem,</strong></span> <span class='ocrx_word' id='word_1_421' title='bbox 386 2526 464 2565; x_wconf 78' lang='lat' dir='ltr'><strong>quid</strong></span> <span class='ocrx_word' id='word_1_422' title='bbox 489 2525 591 2556; x_wconf 83' lang='lat' dir='ltr'><strong>codd.</strong></span> <span class='ocrx_word' id='word_1_423' title='bbox 618 2524 691 2557; x_wconf 88' lang='lat' dir='ltr'><strong>rell.</strong></span> <span class='ocrx_word' id='word_1_424' title='bbox 720 2543 755 2548; x_wconf 98' lang='lat'><strong>—</strong></span> <span class='ocrx_word' id='word_1_425' title='bbox 784 2528 834 2558; x_wconf 69' lang='grc'><strong>«10.</strong></span> <span class='ocrx_word' id='word_1_426' title='bbox 861 2527 1011 2568; x_wconf 74' lang='lat' dir='ltr'><strong>quorum]</strong></span> <span class='ocrx_word' id='word_1_427' title='bbox 1036 2528 1113 2567; x_wconf 77' lang='lat' dir='ltr'><strong>quid</strong></span> <span class='ocrx_word' id='word_1_428' title='bbox 1136 2536 1200 2568; x_wconf 61' lang='lat'><strong>52.</strong></span> <span class='ocrx_word' id='word_1_429' title='bbox 1230 2546 1265 2550; x_wconf 91' lang='lat'><strong>——</strong></span> <span class='ocrx_word' id='word_1_430' title='bbox 1292 2528 1469 2559; x_wconf 73' lang='lat' dir='ltr'><strong>tacentium</strong></span> <span class='ocrx_word' id='word_1_431' title='bbox 1492 2527 1526 2559; x_wconf 92' lang='lat' dir='ltr'><strong>d.</strong></span> <span class='ocrx_word' id='word_1_432' title='bbox 1555 2546 1590 2551; x_wconf 90' lang='lat'><strong>—-</strong></span> <span class='ocrx_word' id='word_1_433' title='bbox 1618 2528 1669 2559; x_wconf 84' lang='grc'><strong>11.</strong></span> <span class='ocrx_word' id='word_1_434' title='bbox 1691 2528 1854 2568; x_wconf 80' lang='lat' dir='ltr'><strong>prospicis</strong></span> <span class='ocrx_word' id='word_1_435' title='bbox 1876 2529 1914 2560; x_wconf 92' lang='lat' dir='ltr'><strong>C.</strong></span> 
     </span>
     <span class='ocr_line' id='line_1_37' title="bbox 161 2575 1917 2618; baseline -0.001 -10"><span class='ocrx_word' id='word_1_436' title='bbox 161 2593 196 2598; x_wconf 93' lang='lat'>—</span> <span class='ocrx_word' id='word_1_437' title='bbox 221 2576 271 2617; x_wconf 84' lang='lat' dir='ltr'><strong>At]</strong></span> <span class='ocrx_word' id='word_1_438' title='bbox 295 2585 335 2607; x_wconf 82' lang='lat' dir='ltr'><strong>ac</strong></span> <span class='ocrx_word' id='word_1_439' title='bbox 358 2575 735 2616; x_wconf 68' lang='lat' dir='ltr'><strong>abiloqrtuxyz,</strong></span> <span class='ocrx_word' id='word_1_440' title='bbox 763 2576 781 2608; x_wconf 64' lang='lat'><strong>‚2</strong></span> <span class='ocrx_word' id='word_1_441' title='bbox 806 2575 860 2608; x_wconf 89' lang='lat' dir='ltr'><strong>alii</strong></span> <span class='ocrx_word' id='word_1_442' title='bbox 884 2577 985 2617; x_wconf 77' lang='lat' dir='ltr'><strong>Lagg.</strong></span> <span class='ocrx_word' id='word_1_443' title='bbox 1007 2595 1041 2599; x_wconf 92' lang='grc'>-</span> <span class='ocrx_word' id='word_1_444' title='bbox 1068 2578 1182 2609; x_wconf 67' lang='lat' dir='ltr'><strong>Sentio</strong></span> <span class='ocrx_word' id='word_1_445' title='bbox 1206 2578 1308 2618; x_wconf 78' lang='lat' dir='ltr'><strong>Lagg.</strong></span> <span class='ocrx_word' id='word_1_446' title='bbox 1332 2578 1432 2615; x_wconf 63' lang='lat' dir='ltr'><strong>dett,</strong></span> <span class='ocrx_word' id='word_1_447' title='bbox 1458 2579 1533 2609; x_wconf 91' lang='lat' dir='ltr'><strong>LO.</strong></span> <span class='ocrx_word' id='word_1_448' title='bbox 1556 2595 1587 2601; x_wconf 88' lang='lat'>-</span> <span class='ocrx_word' id='word_1_449' title='bbox 1617 2577 1668 2609; x_wconf 82' lang='grc'><strong>13.</strong></span> <span class='ocrx_word' id='word_1_450' title='bbox 1693 2580 1824 2609; x_wconf 80' lang='lat' dir='ltr'><strong>senatus</strong></span> <span class='ocrx_word' id='word_1_451' title='bbox 1846 2577 1917 2608; x_wconf 79' lang='lat' dir='ltr'><strong>iure</strong></span> 
     </span>
     <span class='ocr_line' id='line_1_38' title="bbox 161 2625 1914 2668; baseline 0.001 -12"><span class='ocrx_word' id='word_1_452' title='bbox 161 2625 282 2665; x_wconf 83' lang='lat' dir='ltr'><strong>optimo</strong></span> <span class='ocrx_word' id='word_1_453' title='bbox 305 2626 329 2656; x_wconf 88' lang='lat' dir='ltr'><strong>B</strong></span> <span class='ocrx_word' id='word_1_454' title='bbox 344 2634 363 2655; x_wconf 86' lang='lat' dir='ltr'><strong>a</strong></span> <span class='ocrx_word' id='word_1_455' title='bbox 376 2634 405 2663; x_wconf 74' lang='lat' dir='ltr'><strong>z,</strong></span> <span class='ocrx_word' id='word_1_456' title='bbox 432 2626 491 2665; x_wconf 82' lang='lat' dir='ltr'><strong>Lg.</strong></span> <span class='ocrx_word' id='word_1_457' title='bbox 510 2625 571 2656; x_wconf 80' lang='lat'><strong>53:</strong></span> <span class='ocrx_word' id='word_1_458' title='bbox 600 2634 666 2656; x_wconf 77' lang='lat' dir='ltr'><strong>sen.</strong></span> <span class='ocrx_word' id='word_1_459' title='bbox 686 2628 750 2664; x_wconf 74' lang='lat' dir='ltr'><strong>opt.</strong></span> <span class='ocrx_word' id='word_1_460' title='bbox 770 2626 841 2657; x_wconf 81' lang='lat' dir='ltr'><strong>iure</strong></span> <span class='ocrx_word' id='word_1_461' title='bbox 857 2626 881 2657; x_wconf 96' lang='lat' dir='ltr'>C</span> <span class='ocrx_word' id='word_1_462' title='bbox 895 2635 929 2664; x_wconf 89' lang='lat' dir='ltr'><strong>r,</strong></span> <span class='ocrx_word' id='word_1_463' title='bbox 956 2631 1020 2667; x_wconf 84' lang='lat' dir='ltr'><strong>opt.</strong></span> <span class='ocrx_word' id='word_1_464' title='bbox 1038 2628 1110 2659; x_wconf 84' lang='lat' dir='ltr'><strong>iure</strong></span> <span class='ocrx_word' id='word_1_465' title='bbox 1125 2638 1190 2660; x_wconf 86' lang='lat' dir='ltr'><strong>sen.</strong></span> <span class='ocrx_word' id='word_1_466' title='bbox 1217 2638 1235 2659; x_wconf 93' lang='lat' dir='ltr'><strong>e</strong></span> <span class='ocrx_word' id='word_1_467' title='bbox 1250 2637 1281 2665; x_wconf 86' lang='grc' dir='ltr'><strong>ο,</strong></span> <span class='ocrx_word' id='word_1_468' title='bbox 1308 2629 1365 2668; x_wconf 83' lang='lat' dir='ltr'><strong>Lg.</strong></span> <span class='ocrx_word' id='word_1_469' title='bbox 1385 2628 1437 2659; x_wconf 83' lang='lat'><strong>50.</strong></span> <span class='ocrx_word' id='word_1_470' title='bbox 1457 2628 1514 2665; x_wconf 75' lang='lat'><strong>57;</strong></span> <span class='ocrx_word' id='word_1_471' title='bbox 1540 2628 1612 2659; x_wconf 82' lang='lat' dir='ltr'><strong>iure</strong></span> <span class='ocrx_word' id='word_1_472' title='bbox 1627 2630 1691 2667; x_wconf 77' lang='lat' dir='ltr'><strong>opt.</strong></span> <span class='ocrx_word' id='word_1_473' title='bbox 1710 2636 1775 2659; x_wconf 89' lang='lat' dir='ltr'><strong>sen.</strong></span> <span class='ocrx_word' id='word_1_474' title='bbox 1801 2628 1826 2658; x_wconf 85' lang='lat' dir='ltr'><strong>R</strong></span> <span class='ocrx_word' id='word_1_475' title='bbox 1841 2627 1864 2658; x_wconf 95' lang='lat' dir='ltr'>L</span> <span class='ocrx_word' id='word_1_476' title='bbox 1877 2628 1914 2658; x_wconf 90' lang='lat' dir='ltr'><strong>O.</strong></span> 
     </span>
     <span class='ocr_line' id='line_1_39' title="bbox 164 2674 1918 2718; baseline -0.001 -12"><span class='ocrx_word' id='word_1_477' title='bbox 164 2692 199 2697; x_wconf 82' lang='lat'><strong>—-</strong></span> <span class='ocrx_word' id='word_1_478' title='bbox 226 2674 278 2706; x_wconf 70' lang='lat'><strong>44.</strong></span> <span class='ocrx_word' id='word_1_479' title='bbox 305 2676 479 2707; x_wconf 72' lang='lat' dir='ltr'><strong>decernant</strong></span> <span class='ocrx_word' id='word_1_480' title='bbox 502 2676 526 2706; x_wconf 80' lang='lat' dir='ltr'><strong>t.</strong></span> <span class='ocrx_word' id='word_1_481' title='bbox 563 2693 596 2697; x_wconf 88' lang='lat'>—</span> <span class='ocrx_word' id='word_1_482' title='bbox 636 2677 687 2707; x_wconf 76' lang='grc'><strong>15.</strong></span> <span class='ocrx_word' id='word_1_483' title='bbox 714 2679 798 2707; x_wconf 84' lang='lat' dir='ltr'><strong>auct.</strong></span> <span class='ocrx_word' id='word_1_484' title='bbox 825 2676 948 2708; x_wconf 81' lang='lat' dir='ltr'><strong>esttibi</strong></span> <span class='ocrx_word' id='word_1_485' title='bbox 971 2677 1004 2709; x_wconf 89' lang='lat' dir='ltr'><strong>d.</strong></span> <span class='ocrx_word' id='word_1_486' title='bbox 1041 2696 1076 2700; x_wconf 97' lang='lat'><strong>—</strong></span> <span class='ocrx_word' id='word_1_487' title='bbox 1113 2679 1165 2710; x_wconf 78' lang='grc'><strong>16.</strong></span> <span class='ocrx_word' id='word_1_488' title='bbox 1199 2679 1311 2718; x_wconf 75' lang='lat' dir='ltr'><strong>optimi</strong></span> <span class='ocrx_word' id='word_1_489' title='bbox 1341 2681 1438 2717; x_wconf 82' lang='lat' dir='ltr'><strong>atque</strong></span> <span class='ocrx_word' id='word_1_490' title='bbox 1467 2678 1586 2709; x_wconf 81' lang='lat' dir='ltr'><strong>honest.</strong></span> <span class='ocrx_word' id='word_1_491' title='bbox 1613 2686 1644 2710; x_wconf 87' lang='lat' dir='ltr'><strong>c.</strong></span> <span class='ocrx_word' id='word_1_492' title='bbox 1676 2694 1710 2698; x_wconf 96' lang='lat'><strong>—</strong></span> <span class='ocrx_word' id='word_1_493' title='bbox 1749 2676 1800 2707; x_wconf 75' lang='lat'><strong>47.</strong></span> <span class='ocrx_word' id='word_1_494' title='bbox 1831 2679 1918 2706; x_wconf 83' lang='lat' dir='ltr'><strong>stunt</strong></span> 
     </span>
     <span class='ocr_line' id='line_1_40' title="bbox 160 2723 1914 2767; baseline 0.001 -12"><span class='ocrx_word' id='word_1_495' title='bbox 160 2724 284 2755; x_wconf 64' lang='lat' dir='ltr'><strong>circum</strong></span> <span class='ocrx_word' id='word_1_496' title='bbox 306 2723 329 2755; x_wconf 88' lang='lat' dir='ltr'><strong>b</strong></span> <span class='ocrx_word' id='word_1_497' title='bbox 344 2724 438 2757; x_wconf 86' lang='lat' dir='ltr'><strong>cils</strong></span> <span class='ocrx_word' id='word_1_498' title='bbox 453 2726 573 2756; x_wconf 78' lang='lat' dir='ltr'><strong>tuwx</strong></span> <span class='ocrx_word' id='word_1_499' title='bbox 597 2725 656 2763; x_wconf 75' lang='lat' dir='ltr'><strong>Lg.</strong></span> <span class='ocrx_word' id='word_1_500' title='bbox 677 2725 728 2756; x_wconf 80' lang='grc'><strong>16.</strong></span> <span class='ocrx_word' id='word_1_501' title='bbox 748 2725 799 2757; x_wconf 68' lang='lat'><strong>43.</strong></span> <span class='ocrx_word' id='word_1_502' title='bbox 822 2743 856 2747; x_wconf 92' lang='lat'>—</span> <span class='ocrx_word' id='word_1_503' title='bbox 882 2729 911 2757; x_wconf 85' lang='lat' dir='ltr'><strong>et</strong></span> <span class='ocrx_word' id='word_1_504' title='bbox 933 2729 969 2756; x_wconf 80' lang='lat' dir='ltr'><strong>tu</strong></span> <span class='ocrx_word' id='word_1_505' title='bbox 992 2728 1015 2757; x_wconf 91' lang='lat' dir='ltr'><strong>t.</strong></span> <span class='ocrx_word' id='word_1_506' title='bbox 1038 2744 1072 2749; x_wconf 86' lang='lat'><strong>—</strong></span> <span class='ocrx_word' id='word_1_507' title='bbox 1099 2727 1151 2758; x_wconf 77' lang='lat'><strong>48.</strong></span> <span class='ocrx_word' id='word_1_508' title='bbox 1173 2737 1282 2767; x_wconf 79' lang='lat' dir='ltr'><strong>persp.</strong></span> <span class='ocrx_word' id='word_1_509' title='bbox 1308 2728 1417 2759; x_wconf 83' lang='lat' dir='ltr'><strong>studia</strong></span> <span class='ocrx_word' id='word_1_510' title='bbox 1440 2727 1474 2758; x_wconf 93' lang='lat' dir='ltr'><strong>d.</strong></span> <span class='ocrx_word' id='word_1_511' title='bbox 1497 2745 1526 2750; x_wconf 94' lang='lat'><em>-</em></span> <span class='ocrx_word' id='word_1_512' title='bbox 1558 2727 1609 2758; x_wconf 78' lang='grc'><strong>19.</strong></span> <span class='ocrx_word' id='word_1_513' title='bbox 1635 2727 1704 2757; x_wconf 84' lang='lat' dir='ltr'><strong>iam</strong></span> <span class='ocrx_word' id='word_1_514' title='bbox 1725 2725 1782 2757; x_wconf 80' lang='lat' dir='ltr'><strong>diu</strong></span> <span class='ocrx_word' id='word_1_515' title='bbox 1797 2733 1867 2756; x_wconf 87' lang='lat' dir='ltr'><strong>om.</strong></span> <span class='ocrx_word' id='word_1_516' title='bbox 1886 2734 1914 2756; x_wconf 91' lang='lat' dir='ltr'><strong>r.</strong></span> 
     </span>
    </p>
   </div>
   <div class='ocr_carea' id='block_1_5' title="bbox 160 2774 1918 3414">
    <p class='ocr_par' dir='ltr' id='par_1_7' title="bbox 160 2774 1918 3414">
     <span class='ocr_line' id='line_1_41' title="bbox 166 2774 1918 2817; baseline 0 -13"><span class='ocrx_word' id='word_1_517' title='bbox 166 2792 201 2797; x_wconf 88' lang='lat'><strong>—-</strong></span> <span class='ocrx_word' id='word_1_518' title='bbox 228 2774 281 2805; x_wconf 75' lang='lat'><strong>20.</strong></span> <span class='ocrx_word' id='word_1_519' title='bbox 306 2777 439 2806; x_wconf 79' lang='lat' dir='ltr'><strong>vastare</strong></span> <span class='ocrx_word' id='word_1_520' title='bbox 461 2775 529 2805; x_wconf 80' lang='lat' dir='ltr'><strong>iam</strong></span> <span class='ocrx_word' id='word_1_521' title='bbox 549 2774 678 2814; x_wconf 80' lang='lat' dir='ltr'><strong>pridem</strong></span> <span class='ocrx_word' id='word_1_522' title='bbox 702 2776 725 2805; x_wconf 90' lang='lat' dir='ltr'>B</span> <span class='ocrx_word' id='word_1_523' title='bbox 741 2776 765 2806; x_wconf 89' lang='lat' dir='ltr'>C</span> <span class='ocrx_word' id='word_1_524' title='bbox 780 2783 796 2805; x_wconf 92' lang='lat' dir='ltr'><strong>a</strong></span> <span class='ocrx_word' id='word_1_525' title='bbox 813 2784 830 2805; x_wconf 87' lang='lat' dir='ltr'><strong>c</strong></span> <span class='ocrx_word' id='word_1_526' title='bbox 845 2783 864 2805; x_wconf 89' lang='grc' dir='ltr'>ο</span> <span class='ocrx_word' id='word_1_527' title='bbox 880 2783 980 2815; x_wconf 86' lang='lat' dir='ltr'><strong>ryz,</strong></span> <span class='ocrx_word' id='word_1_528' title='bbox 1008 2777 1064 2816; x_wconf 80' lang='lat' dir='ltr'><strong>Lg.</strong></span> <span class='ocrx_word' id='word_1_529' title='bbox 1091 2777 1153 2808; x_wconf 79' lang='lat'><strong>53:</strong></span> <span class='ocrx_word' id='word_1_530' title='bbox 1182 2778 1248 2808; x_wconf 86' lang='lat' dir='ltr'><strong>iam</strong></span> <span class='ocrx_word' id='word_1_531' title='bbox 1265 2786 1322 2817; x_wconf 80' lang='lat' dir='ltr'><strong>pr.</strong></span> <span class='ocrx_word' id='word_1_532' title='bbox 1338 2780 1422 2808; x_wconf 74' lang='lat' dir='ltr'><strong>vast.</strong></span> <span class='ocrx_word' id='word_1_533' title='bbox 1448 2778 1473 2809; x_wconf 84' lang='lat' dir='ltr'><strong>R</strong></span> <span class='ocrx_word' id='word_1_534' title='bbox 1488 2778 1510 2808; x_wconf 96' lang='lat' dir='ltr'>L</span> <span class='ocrx_word' id='word_1_535' title='bbox 1525 2777 1562 2808; x_wconf 87' lang='grc' dir='ltr'>Ο.</span> <span class='ocrx_word' id='word_1_536' title='bbox 1582 2793 1617 2798; x_wconf 93' lang='grc'><strong>-</strong></span> <span class='ocrx_word' id='word_1_537' title='bbox 1643 2776 1696 2807; x_wconf 68' lang='grc'><strong>21.</strong></span> <span class='ocrx_word' id='word_1_538' title='bbox 1718 2783 1918 2814; x_wconf 79' lang='lat' dir='ltr'><strong>persequan-</strong></span> 
     </span>
     <span class='ocr_line' id='line_1_42' title="bbox 160 2823 1914 2866; baseline 0.001 -13"><span class='ocrx_word' id='word_1_539' title='bbox 160 2826 215 2854; x_wconf 77' lang='lat' dir='ltr'><strong>tur</strong></span> <span class='ocrx_word' id='word_1_540' title='bbox 239 2824 262 2853; x_wconf 82' lang='lat' dir='ltr'><strong>t.</strong></span> <span class='ocrx_word' id='word_1_541' title='bbox 283 2838 318 2844; x_wconf 89' lang='lat'>—</span> <span class='ocrx_word' id='word_1_542' title='bbox 347 2823 399 2855; x_wconf 73' lang='lat'><strong>22.</strong></span> <span class='ocrx_word' id='word_1_543' title='bbox 426 2825 503 2862; x_wconf 79' lang='lat' dir='ltr'><strong>quid</strong></span> <span class='ocrx_word' id='word_1_544' title='bbox 526 2824 642 2864; x_wconf 82' lang='lat' dir='ltr'><strong>loquor</strong></span> <span class='ocrx_word' id='word_1_545' title='bbox 666 2825 690 2856; x_wconf 86' lang='lat' dir='ltr'>C</span> <span class='ocrx_word' id='word_1_546' title='bbox 706 2834 723 2855; x_wconf 88' lang='lat' dir='ltr'><strong>a</strong></span> <span class='ocrx_word' id='word_1_547' title='bbox 738 2824 815 2856; x_wconf 90' lang='lat' dir='ltr'><strong>dlo</strong></span> <span class='ocrx_word' id='word_1_548' title='bbox 831 2833 963 2864; x_wconf 74' lang='lat' dir='ltr'><strong>ruyZ,</strong></span> <span class='ocrx_word' id='word_1_549' title='bbox 988 2826 1046 2866; x_wconf 84' lang='lat' dir='ltr'><strong>Lg.</strong></span> <span class='ocrx_word' id='word_1_550' title='bbox 1066 2825 1118 2858; x_wconf 77' lang='lat'><strong>46.</strong></span> <span class='ocrx_word' id='word_1_551' title='bbox 1138 2827 1198 2858; x_wconf 82' lang='lat'><strong>57:</strong></span> <span class='ocrx_word' id='word_1_552' title='bbox 1225 2827 1302 2866; x_wconf 83' lang='lat' dir='ltr'><strong>quid</strong></span> <span class='ocrx_word' id='word_1_553' title='bbox 1325 2830 1370 2858; x_wconf 89' lang='lat' dir='ltr'><strong>est</strong></span> <span class='ocrx_word' id='word_1_554' title='bbox 1393 2827 1479 2865; x_wconf 82' lang='lat' dir='ltr'><strong>quod</strong></span> <span class='ocrx_word' id='word_1_555' title='bbox 1501 2826 1620 2865; x_wconf 77' lang='lat' dir='ltr'><strong>loquar</strong></span> <span class='ocrx_word' id='word_1_556' title='bbox 1643 2823 1708 2865; x_wconf 69' lang='lat' dir='ltr'><strong>(vel</strong></span> <span class='ocrx_word' id='word_1_557' title='bbox 1732 2825 1856 2864; x_wconf 76' lang='lat' dir='ltr'><strong>loquor)</strong></span> <span class='ocrx_word' id='word_1_558' title='bbox 1874 2824 1914 2862; x_wconf 86' lang='lat' dir='ltr'><strong>V,</strong></span> 
     </span>
     <span class='ocr_line' id='line_1_43' title="bbox 160 2872 1914 2916; baseline 0.001 -13"><span class='ocrx_word' id='word_1_559' title='bbox 160 2873 218 2912; x_wconf 79' lang='lat' dir='ltr'><strong>Lg.</strong></span> <span class='ocrx_word' id='word_1_560' title='bbox 244 2872 305 2911; x_wconf 69' lang='lat'><strong>203</strong></span> <span class='ocrx_word' id='word_1_561' title='bbox 332 2873 410 2912; x_wconf 80' lang='lat' dir='ltr'><strong>quid</strong></span> <span class='ocrx_word' id='word_1_562' title='bbox 432 2873 552 2913; x_wconf 82' lang='lat' dir='ltr'><strong>loquar</strong></span> <span class='ocrx_word' id='word_1_563' title='bbox 574 2875 612 2905; x_wconf 86' lang='lat' dir='ltr'><strong>R.</strong></span> <span class='ocrx_word' id='word_1_564' title='bbox 642 2892 676 2896; x_wconf 93' lang='grc'><strong>-</strong></span> <span class='ocrx_word' id='word_1_565' title='bbox 702 2877 737 2904; x_wconf 87' lang='lat' dir='ltr'><strong>ut</strong></span> <span class='ocrx_word' id='word_1_566' title='bbox 761 2878 789 2905; x_wconf 79' lang='lat' dir='ltr'><strong>te</strong></span> <span class='ocrx_word' id='word_1_567' title='bbox 812 2875 881 2905; x_wconf 78' lang='lat' dir='ltr'><em>ulla</em></span> <span class='ocrx_word' id='word_1_568' title='bbox 903 2874 945 2912; x_wconf 88' lang='lat' dir='ltr'><strong>b;</strong></span> <span class='ocrx_word' id='word_1_569' title='bbox 982 2878 1010 2906; x_wconf 88' lang='lat' dir='ltr'><strong>te</strong></span> <span class='ocrx_word' id='word_1_570' title='bbox 1032 2877 1161 2907; x_wconf 83' lang='lat' dir='ltr'><strong>utinam</strong></span> <span class='ocrx_word' id='word_1_571' title='bbox 1184 2885 1222 2914; x_wconf 69' lang='grc' dir='ltr'><strong>ες</strong></span> <span class='ocrx_word' id='word_1_572' title='bbox 1248 2885 1397 2916; x_wconf 75' lang='lat' dir='ltr'><strong>unquam</strong></span> <span class='ocrx_word' id='word_1_573' title='bbox 1420 2880 1449 2908; x_wconf 85' lang='lat' dir='ltr'><strong>te</strong></span> <span class='ocrx_word' id='word_1_574' title='bbox 1470 2879 1506 2907; x_wconf 87' lang='lat' dir='ltr'><strong>ut</strong></span> <span class='ocrx_word' id='word_1_575' title='bbox 1527 2876 1597 2907; x_wconf 80' lang='lat' dir='ltr'><em>ulla</em></span> <span class='ocrx_word' id='word_1_576' title='bbox 1620 2884 1660 2915; x_wconf 76' lang='lat' dir='ltr'><strong>q3</strong></span> <span class='ocrx_word' id='word_1_577' title='bbox 1686 2875 1755 2906; x_wconf 83' lang='lat' dir='ltr'><strong>ulla</strong></span> <span class='ocrx_word' id='word_1_578' title='bbox 1778 2883 1847 2905; x_wconf 90' lang='lat' dir='ltr'><strong>om.</strong></span> <span class='ocrx_word' id='word_1_579' title='bbox 1873 2873 1914 2903; x_wconf 89' lang='lat' dir='ltr'><strong>V.</strong></span> 
     </span>
     <span class='ocr_line' id='line_1_44' title="bbox 164 2921 1913 2966; baseline 0.002 -14"><span class='ocrx_word' id='word_1_580' title='bbox 164 2938 198 2945; x_wconf 92' lang='lat'>-</span> <span class='ocrx_word' id='word_1_581' title='bbox 224 2930 276 2953; x_wconf 86' lang='lat' dir='ltr'><strong>res</strong></span> <span class='ocrx_word' id='word_1_582' title='bbox 297 2921 367 2952; x_wconf 84' lang='lat' dir='ltr'><em>ulla</em></span> <span class='ocrx_word' id='word_1_583' title='bbox 391 2923 413 2953; x_wconf 85' lang='lat' dir='ltr'><strong>t.</strong></span> <span class='ocrx_word' id='word_1_584' title='bbox 443 2939 476 2943; x_wconf 94' lang='lat'>—</span> <span class='ocrx_word' id='word_1_585' title='bbox 514 2925 550 2953; x_wconf 78' lang='lat' dir='ltr'><strong>tu</strong></span> <span class='ocrx_word' id='word_1_586' title='bbox 571 2932 729 2962; x_wconf 81' lang='lat' dir='ltr'><strong>umquam</strong></span> <span class='ocrx_word' id='word_1_587' title='bbox 751 2922 840 2964; x_wconf 90' lang='lat' dir='ltr'><strong>lop.</strong></span> <span class='ocrx_word' id='word_1_588' title='bbox 869 2941 903 2944; x_wconf 92' lang='lat'>—</span> <span class='ocrx_word' id='word_1_589' title='bbox 943 2924 995 2955; x_wconf 76' lang='lat'><strong>⁶23.</strong></span> <span class='ocrx_word' id='word_1_590' title='bbox 1022 2926 1172 2966; x_wconf 63' lang='lat' dir='ltr'><strong>corrigas</strong></span> <span class='ocrx_word' id='word_1_591' title='bbox 1194 2929 1224 2957; x_wconf 85' lang='lat' dir='ltr'><strong>le</strong></span> <span class='ocrx_word' id='word_1_592' title='bbox 1247 2935 1277 2957; x_wconf 90' lang='lat' dir='ltr'><strong>e.</strong></span> <span class='ocrx_word' id='word_1_593' title='bbox 1305 2942 1340 2948; x_wconf 87' lang='lat'><strong>·—</strong></span> <span class='ocrx_word' id='word_1_594' title='bbox 1374 2930 1410 2957; x_wconf 85' lang='lat' dir='ltr'><strong>tu</strong></span> <span class='ocrx_word' id='word_1_595' title='bbox 1431 2926 1698 2957; x_wconf 81' lang='lat' dir='ltr'><strong>ut--meditere</strong></span> <span class='ocrx_word' id='word_1_596' title='bbox 1721 2933 1789 2955; x_wconf 91' lang='lat' dir='ltr'><strong>om.</strong></span> <span class='ocrx_word' id='word_1_597' title='bbox 1816 2932 1849 2964; x_wconf 90' lang='lat' dir='ltr'><strong>p.</strong></span> <span class='ocrx_word' id='word_1_598' title='bbox 1879 2940 1913 2945; x_wconf 83' lang='lat'><em>-</em></span> 
     </span>
     <span class='ocr_line' id='line_1_45' title="bbox 160 2969 1914 3015; baseline 0.003 -15"><span class='ocrx_word' id='word_1_599' title='bbox 160 2969 322 3010; x_wconf 84' lang='lat' dir='ltr'><strong>meditere]</strong></span> <span class='ocrx_word' id='word_1_600' title='bbox 346 2979 397 3002; x_wconf 85' lang='lat' dir='ltr'><strong>me</strong></span> <span class='ocrx_word' id='word_1_601' title='bbox 420 2971 525 3003; x_wconf 79' lang='lat' dir='ltr'><strong>dicere</strong></span> <span class='ocrx_word' id='word_1_602' title='bbox 552 2971 574 3003; x_wconf 89' lang='lat' dir='ltr'><strong>h</strong></span> <span class='ocrx_word' id='word_1_603' title='bbox 590 2973 639 3004; x_wconf 90' lang='lat' dir='ltr'><strong>is.</strong></span> <span class='ocrx_word' id='word_1_604' title='bbox 668 2991 702 2994; x_wconf 97' lang='lat'><strong>—</strong></span> <span class='ocrx_word' id='word_1_605' title='bbox 735 2976 770 3004; x_wconf 82' lang='lat' dir='ltr'><strong>tu</strong></span> <span class='ocrx_word' id='word_1_606' title='bbox 792 2973 895 3004; x_wconf 75' lang='lat' dir='ltr'><strong>ultum</strong></span> <span class='ocrx_word' id='word_1_607' title='bbox 916 2977 951 3004; x_wconf 81' lang='lat' dir='ltr'><strong>ut</strong></span> <span class='ocrx_word' id='word_1_608' title='bbox 975 2975 1033 3013; x_wconf 76' lang='lat' dir='ltr'><strong>Lg.</strong></span> <span class='ocrx_word' id='word_1_609' title='bbox 1060 2976 1090 3005; x_wconf 74' lang='lat'><strong>4.</strong></span> <span class='ocrx_word' id='word_1_610' title='bbox 1115 2974 1173 3013; x_wconf 70' lang='lat'><strong>243</strong></span> <span class='ocrx_word' id='word_1_611' title='bbox 1212 2976 1314 3007; x_wconf 76' lang='lat' dir='ltr'><strong>ullum</strong></span> <span class='ocrx_word' id='word_1_612' title='bbox 1338 2984 1407 3007; x_wconf 88' lang='lat' dir='ltr'><strong>om.</strong></span> <span class='ocrx_word' id='word_1_613' title='bbox 1433 2974 1613 3015; x_wconf 74' lang='lat' dir='ltr'><strong>ilstuw3</strong></span> <span class='ocrx_word' id='word_1_614' title='bbox 1639 2977 1675 3005; x_wconf 84' lang='lat' dir='ltr'><strong>ut</strong></span> <span class='ocrx_word' id='word_1_615' title='bbox 1695 2974 1798 3005; x_wconf 79' lang='lat' dir='ltr'><strong>ultum</strong></span> <span class='ocrx_word' id='word_1_616' title='bbox 1820 2977 1856 3004; x_wconf 79' lang='lat' dir='ltr'><strong>tu</strong></span> <span class='ocrx_word' id='word_1_617' title='bbox 1878 2975 1914 3005; x_wconf 92' lang='lat' dir='ltr'><strong>L.</strong></span> 
     </span>
     <span class='ocr_line' id='line_1_46' title="bbox 164 3019 1918 3065; baseline 0.003 -16"><span class='ocrx_word' id='word_1_618' title='bbox 164 3036 199 3041; x_wconf 94' lang='lat'><strong>—</strong></span> <span class='ocrx_word' id='word_1_619' title='bbox 226 3019 362 3050; x_wconf 69' lang='lat' dir='ltr'><strong>exitium</strong></span> <span class='ocrx_word' id='word_1_620' title='bbox 384 3021 532 3052; x_wconf 80' lang='lat' dir='ltr'><strong>animum</strong></span> <span class='ocrx_word' id='word_1_621' title='bbox 555 3022 673 3061; x_wconf 73' lang='lat' dir='ltr'><strong>coyites</strong></span> <span class='ocrx_word' id='word_1_622' title='bbox 695 3023 708 3053; x_wconf 81' lang='lat' dir='ltr'><strong>t</strong></span> <span class='ocrx_word' id='word_1_623' title='bbox 733 3022 804 3062; x_wconf 80' lang='lat' dir='ltr'><strong>(sed</strong></span> <span class='ocrx_word' id='word_1_624' title='bbox 830 3032 862 3053; x_wconf 74' lang='lat' dir='ltr'><strong>v.</strong></span> <span class='ocrx_word' id='word_1_625' title='bbox 889 3023 1036 3054; x_wconf 76' lang='lat' dir='ltr'><strong>animum</strong></span> <span class='ocrx_word' id='word_1_626' title='bbox 1060 3023 1149 3055; x_wconf 86' lang='lat' dir='ltr'><strong>linea</strong></span> <span class='ocrx_word' id='word_1_627' title='bbox 1173 3024 1411 3065; x_wconf 84' lang='lat' dir='ltr'><strong>subductum).</strong></span> <span class='ocrx_word' id='word_1_628' title='bbox 1439 3043 1474 3048; x_wconf 95' lang='lat'>—</span> <span class='ocrx_word' id='word_1_629' title='bbox 1503 3024 1557 3059; x_wconf 72' lang='lat'><strong>24.</strong></span> <span class='ocrx_word' id='word_1_630' title='bbox 1583 3025 1679 3055; x_wconf 83' lang='lat' dir='ltr'><strong>istam</strong></span> <span class='ocrx_word' id='word_1_631' title='bbox 1701 3027 1838 3055; x_wconf 80' lang='lat' dir='ltr'><strong>mentem</strong></span> <span class='ocrx_word' id='word_1_632' title='bbox 1861 3024 1918 3054; x_wconf 79' lang='lat' dir='ltr'><strong>tibi</strong></span> 
     </span>
     <span class='ocr_line' id='line_1_47' title="bbox 163 3068 1913 3113; baseline 0.003 -14"><span class='ocrx_word' id='word_1_633' title='bbox 163 3076 195 3100; x_wconf 85' lang='lat' dir='ltr'><strong>e.</strong></span> <span class='ocrx_word' id='word_1_634' title='bbox 219 3085 262 3091; x_wconf 85' lang='lat'><strong>——</strong></span> <span class='ocrx_word' id='word_1_635' title='bbox 285 3069 317 3100; x_wconf 81' lang='lat' dir='ltr'><strong>cli</strong></span> <span class='ocrx_word' id='word_1_636' title='bbox 339 3068 362 3100; x_wconf 85' lang='lat' dir='ltr'>b</span> <span class='ocrx_word' id='word_1_637' title='bbox 379 3078 414 3101; x_wconf 88' lang='lat' dir='ltr'><strong>s:</strong></span> <span class='ocrx_word' id='word_1_638' title='bbox 441 3070 487 3101; x_wconf 80' lang='lat' dir='ltr'><strong>(lii</strong></span> <span class='ocrx_word' id='word_1_639' title='bbox 511 3070 548 3101; x_wconf 93' lang='lat' dir='ltr'><strong>O.</strong></span> <span class='ocrx_word' id='word_1_640' title='bbox 575 3088 610 3092; x_wconf 91' lang='lat'>—</span> <span class='ocrx_word' id='word_1_641' title='bbox 638 3072 730 3102; x_wconf 77' lang='lat' dir='ltr'><strong>duint</strong></span> <span class='ocrx_word' id='word_1_642' title='bbox 755 3071 831 3103; x_wconf 77' lang='lat' dir='ltr'><strong>cod.</strong></span> <span class='ocrx_word' id='word_1_643' title='bbox 859 3073 1004 3104; x_wconf 86' lang='lat' dir='ltr'><strong>Cuiacii:</strong></span> <span class='ocrx_word' id='word_1_644' title='bbox 1032 3073 1129 3104; x_wconf 80' lang='lat' dir='ltr'><strong>duent</strong></span> <span class='ocrx_word' id='word_1_645' title='bbox 1153 3083 1189 3110; x_wconf 64' lang='grc' dir='ltr'><strong>ἃς</strong></span> <span class='ocrx_word' id='word_1_646' title='bbox 1217 3075 1348 3105; x_wconf 81' lang='lat' dir='ltr'><strong>diudent</strong></span> <span class='ocrx_word' id='word_1_647' title='bbox 1372 3084 1407 3111; x_wconf 87' lang='lat' dir='ltr'><strong>c;</strong></span> <span class='ocrx_word' id='word_1_648' title='bbox 1433 3074 1550 3105; x_wconf 84' lang='lat' dir='ltr'><strong>donent</strong></span> <span class='ocrx_word' id='word_1_649' title='bbox 1572 3084 1610 3113; x_wconf 69' lang='lat'><strong>§3</strong></span> <span class='ocrx_word' id='word_1_650' title='bbox 1637 3074 1753 3104; x_wconf 78' lang='lat' dir='ltr'><strong>darent</strong></span> <span class='ocrx_word' id='word_1_651' title='bbox 1775 3072 1794 3104; x_wconf 75' lang='lat' dir='ltr'><strong>lr-</strong></span> <span class='ocrx_word' id='word_1_652' title='bbox 1811 3073 1913 3112; x_wconf 77' lang='lat' dir='ltr'><strong>Lagg.</strong></span> 
     </span>
     <span class='ocr_line' id='line_1_48' title="bbox 164 3118 1917 3164; baseline 0.003 -15"><span class='ocrx_word' id='word_1_653' title='bbox 164 3118 203 3155; x_wconf 85' lang='lat' dir='ltr'><strong>L;</strong></span> <span class='ocrx_word' id='word_1_654' title='bbox 229 3118 388 3151; x_wconf 84' lang='lat' dir='ltr'><strong>donarent</strong></span> <span class='ocrx_word' id='word_1_655' title='bbox 411 3120 448 3151; x_wconf 88' lang='lat' dir='ltr'><strong>R.</strong></span> <span class='ocrx_word' id='word_1_656' title='bbox 476 3119 525 3151; x_wconf 87' lang='lat' dir='ltr'><strong>Cf.</strong></span> <span class='ocrx_word' id='word_1_657' title='bbox 552 3120 630 3152; x_wconf 83' lang='lat' dir='ltr'><strong>Tac.</strong></span> <span class='ocrx_word' id='word_1_658' title='bbox 655 3123 743 3153; x_wconf 90' lang='lat' dir='ltr'><strong>Ann.</strong></span> <span class='ocrx_word' id='word_1_659' title='bbox 770 3122 824 3153; x_wconf 90' lang='lat' dir='ltr'><strong>1V.</strong></span> <span class='ocrx_word' id='word_1_660' title='bbox 852 3122 904 3153; x_wconf 84' lang='lat'><strong>38.</strong></span> <span class='ocrx_word' id='word_1_661' title='bbox 932 3138 966 3144; x_wconf 94' lang='lat'>—</span> <span class='ocrx_word' id='word_1_662' title='bbox 1001 3123 1059 3153; x_wconf 79' lang='lat' dir='ltr'><strong>elsi</strong></span> <span class='ocrx_word' id='word_1_663' title='bbox 1081 3123 1109 3153; x_wconf 83' lang='lat' dir='ltr'>V</span> <span class='ocrx_word' id='word_1_664' title='bbox 1122 3122 1408 3164; x_wconf 80' lang='lat' dir='ltr'><strong>bdeimqstu</strong></span> <span class='ocrx_word' id='word_1_665' title='bbox 1425 3133 1487 3156; x_wconf 82' lang='lat' dir='ltr'><strong>wx</strong></span> <span class='ocrx_word' id='word_1_666' title='bbox 1517 3126 1551 3156; x_wconf 80' lang='lat' dir='ltr'><strong>et</strong></span> <span class='ocrx_word' id='word_1_667' title='bbox 1580 3123 1599 3155; x_wconf 78' lang='lat'><strong>4</strong></span> <span class='ocrx_word' id='word_1_668' title='bbox 1623 3122 1677 3154; x_wconf 86' lang='lat' dir='ltr'><strong>alii</strong></span> <span class='ocrx_word' id='word_1_669' title='bbox 1702 3124 1824 3163; x_wconf 77' lang='lat' dir='ltr'><strong>Lagg.;</strong></span> <span class='ocrx_word' id='word_1_670' title='bbox 1863 3127 1917 3154; x_wconf 86' lang='lat' dir='ltr'><strong>ta-</strong></span> 
     </span>
     <span class='ocr_line' id='line_1_49' title="bbox 163 3169 1917 3212; baseline 0.003 -13"><span class='ocrx_word' id='word_1_671' title='bbox 163 3169 255 3199; x_wconf 79' lang='lat' dir='ltr'><strong>metsi</strong></span> <span class='ocrx_word' id='word_1_672' title='bbox 275 3170 367 3201; x_wconf 73' lang='lat' dir='ltr'><strong>video</strong></span> <span class='ocrx_word' id='word_1_673' title='bbox 391 3178 460 3201; x_wconf 90' lang='lat' dir='ltr'><strong>om.</strong></span> <span class='ocrx_word' id='word_1_674' title='bbox 488 3178 521 3201; x_wconf 93' lang='lat' dir='ltr'><strong>o.</strong></span> <span class='ocrx_word' id='word_1_675' title='bbox 550 3188 584 3193; x_wconf 86' lang='lat'>—</span> <span class='ocrx_word' id='word_1_676' title='bbox 610 3171 715 3212; x_wconf 78' lang='lat' dir='ltr'><strong>uideo]</strong></span> <span class='ocrx_word' id='word_1_677' title='bbox 739 3172 830 3204; x_wconf 81' lang='lat' dir='ltr'><strong>iubeo</strong></span> <span class='ocrx_word' id='word_1_678' title='bbox 853 3172 875 3203; x_wconf 87' lang='lat' dir='ltr'>b</span> <span class='ocrx_word' id='word_1_679' title='bbox 890 3170 1044 3203; x_wconf 76' lang='lat' dir='ltr'><strong>hlstw.</strong></span> <span class='ocrx_word' id='word_1_680' title='bbox 1070 3189 1104 3193; x_wconf 89' lang='lat'>—</span> <span class='ocrx_word' id='word_1_681' title='bbox 1132 3173 1184 3203; x_wconf 75' lang='lat'><strong>⁶26.</strong></span> <span class='ocrx_word' id='word_1_682' title='bbox 1209 3176 1259 3203; x_wconf 80' lang='lat' dir='ltr'><strong>sin</strong></span> <span class='ocrx_word' id='word_1_683' title='bbox 1282 3174 1390 3204; x_wconf 72' lang='lat' dir='ltr'><strong>vminus</strong></span> <span class='ocrx_word' id='word_1_684' title='bbox 1412 3174 1446 3204; x_wconf 94' lang='lat' dir='ltr'><strong>h.</strong></span> <span class='ocrx_word' id='word_1_685' title='bbox 1467 3191 1502 3195; x_wconf 93' lang='lat'><strong>—-</strong></span> <span class='ocrx_word' id='word_1_686' title='bbox 1527 3174 1580 3205; x_wconf 70' lang='lat'><strong>⁶27.</strong></span> <span class='ocrx_word' id='word_1_687' title='bbox 1607 3176 1740 3203; x_wconf 83' lang='lat' dir='ltr'><strong>tuorum</strong></span> <span class='ocrx_word' id='word_1_688' title='bbox 1761 3172 1917 3204; x_wconf 77' lang='lat' dir='ltr'><strong>scelerum</strong></span> 
     </span>
     <span class='ocr_line' id='line_1_50' title="bbox 165 3218 1914 3262; baseline 0.002 -13"><span class='ocrx_word' id='word_1_689' title='bbox 165 3218 188 3248; x_wconf 82' lang='lat' dir='ltr'><strong>t.</strong></span> <span class='ocrx_word' id='word_1_690' title='bbox 217 3235 252 3240; x_wconf 92' lang='lat'><em>-</em></span> <span class='ocrx_word' id='word_1_691' title='bbox 277 3221 323 3250; x_wconf 84' lang='lat' dir='ltr'><strong>est</strong></span> <span class='ocrx_word' id='word_1_692' title='bbox 345 3220 428 3251; x_wconf 77' lang='lat' dir='ltr'><strong>tanti</strong></span> <span class='ocrx_word' id='word_1_693' title='bbox 451 3219 521 3250; x_wconf 89' lang='lat' dir='ltr'><strong>mei</strong></span> <span class='ocrx_word' id='word_1_694' title='bbox 553 3228 676 3252; x_wconf 89' lang='lat' dir='ltr'><strong>omnes</strong></span> <span class='ocrx_word' id='word_1_695' title='bbox 707 3223 742 3253; x_wconf 85' lang='lat' dir='ltr'><strong>et</strong></span> <span class='ocrx_word' id='word_1_696' title='bbox 771 3231 813 3253; x_wconf 75' lang='lat' dir='ltr'><strong>ex</strong></span> <span class='ocrx_word' id='word_1_697' title='bbox 843 3223 943 3262; x_wconf 71' lang='lat' dir='ltr'><strong>Lagg.</strong></span> <span class='ocrx_word' id='word_1_698' title='bbox 965 3221 1100 3260; x_wconf 75' lang='lat' dir='ltr'><strong>ackX‚</strong></span> <span class='ocrx_word' id='word_1_699' title='bbox 1133 3223 1185 3253; x_wconf 80' lang='lat'><strong>50.</strong></span> <span class='ocrx_word' id='word_1_700' title='bbox 1218 3222 1270 3254; x_wconf 79' lang='lat'><strong>53.</strong></span> <span class='ocrx_word' id='word_1_701' title='bbox 1301 3223 1361 3254; x_wconf 80' lang='lat'><strong>57:</strong></span> <span class='ocrx_word' id='word_1_702' title='bbox 1394 3227 1439 3255; x_wconf 84' lang='lat' dir='ltr'><strong>est</strong></span> <span class='ocrx_word' id='word_1_703' title='bbox 1468 3224 1546 3254; x_wconf 83' lang='lat' dir='ltr'><strong>mihi</strong></span> <span class='ocrx_word' id='word_1_704' title='bbox 1578 3222 1661 3254; x_wconf 78' lang='lat' dir='ltr'><strong>tanti</strong></span> <span class='ocrx_word' id='word_1_705' title='bbox 1690 3220 1763 3252; x_wconf 87' lang='lat' dir='ltr'><strong>rell.</strong></span> <span class='ocrx_word' id='word_1_706' title='bbox 1796 3222 1914 3262; x_wconf 83' lang='lat' dir='ltr'><strong>Lagg.,</strong></span> 
     </span>
     <span class='ocr_line' id='line_1_51' title="bbox 168 3267 1916 3313; baseline 0.003 -15"><span class='ocrx_word' id='word_1_707' title='bbox 168 3267 243 3298; x_wconf 92' lang='lat' dir='ltr'><strong>LO.</strong></span> <span class='ocrx_word' id='word_1_708' title='bbox 272 3286 307 3291; x_wconf 93' lang='lat'><strong>—</strong></span> <span class='ocrx_word' id='word_1_709' title='bbox 332 3269 386 3302; x_wconf 75' lang='lat'><strong>28.</strong></span> <span class='ocrx_word' id='word_1_710' title='bbox 411 3270 474 3301; x_wconf 84' lang='lat' dir='ltr'><strong>ista</strong></span> <span class='ocrx_word' id='word_1_711' title='bbox 496 3269 570 3310; x_wconf 87' lang='lat' dir='ltr'><strong>kp,</strong></span> <span class='ocrx_word' id='word_1_712' title='bbox 604 3269 681 3300; x_wconf 88' lang='lat' dir='ltr'><strong>cod.</strong></span> <span class='ocrx_word' id='word_1_713' title='bbox 706 3271 937 3302; x_wconf 83' lang='lat' dir='ltr'><strong>Barberinus:</strong></span> <span class='ocrx_word' id='word_1_714' title='bbox 968 3274 1026 3302; x_wconf 77' lang='lat' dir='ltr'><strong>tua</strong></span> <span class='ocrx_word' id='word_1_715' title='bbox 1052 3271 1114 3302; x_wconf 80' lang='lat' dir='ltr'><strong>ista</strong></span> <span class='ocrx_word' id='word_1_716' title='bbox 1146 3271 1508 3313; x_wconf 74' lang='lat' dir='ltr'><strong>aghlmortuyz,</strong></span> <span class='ocrx_word' id='word_1_717' title='bbox 1538 3272 1558 3304; x_wconf 78' lang='lat'><strong>4</strong></span> <span class='ocrx_word' id='word_1_718' title='bbox 1582 3270 1636 3302; x_wconf 86' lang='lat' dir='ltr'><strong>alii</strong></span> <span class='ocrx_word' id='word_1_719' title='bbox 1660 3271 1784 3310; x_wconf 78' lang='lat' dir='ltr'><strong>Lagg.;</strong></span> <span class='ocrx_word' id='word_1_720' title='bbox 1815 3274 1874 3302; x_wconf 83' lang='lat' dir='ltr'><strong>tua</strong></span> <span class='ocrx_word' id='word_1_721' title='bbox 1897 3280 1916 3303; x_wconf 90' lang='lat' dir='ltr'><strong>c</strong></span> 
     </span>
     <span class='ocr_line' id='line_1_52' title="bbox 166 3316 1916 3361; baseline 0.005 -15"><span class='ocrx_word' id='word_1_722' title='bbox 166 3317 203 3347; x_wconf 87' lang='lat' dir='ltr'><strong>et</strong></span> <span class='ocrx_word' id='word_1_723' title='bbox 224 3316 283 3356; x_wconf 80' lang='lat' dir='ltr'><strong>Lg.</strong></span> <span class='ocrx_word' id='word_1_724' title='bbox 309 3317 344 3356; x_wconf 85' lang='lat'><strong>9;</strong></span> <span class='ocrx_word' id='word_1_725' title='bbox 374 3319 437 3350; x_wconf 81' lang='lat' dir='ltr'><strong>ista</strong></span> <span class='ocrx_word' id='word_1_726' title='bbox 459 3323 517 3351; x_wconf 75' lang='lat' dir='ltr'><strong>tua</strong></span> <span class='ocrx_word' id='word_1_727' title='bbox 540 3321 578 3350; x_wconf 83' lang='lat' dir='ltr'><strong>R.</strong></span> <span class='ocrx_word' id='word_1_728' title='bbox 607 3335 642 3342; x_wconf 91' lang='lat'><em>-</em></span> <span class='ocrx_word' id='word_1_729' title='bbox 668 3320 708 3351; x_wconf 79' lang='lat' dir='ltr'><strong>sit</strong></span> <span class='ocrx_word' id='word_1_730' title='bbox 727 3321 864 3360; x_wconf 76' lang='lat' dir='ltr'><strong>privata</strong></span> <span class='ocrx_word' id='word_1_731' title='bbox 888 3322 957 3352; x_wconf 89' lang='lat' dir='ltr'><strong>mei</strong></span> <span class='ocrx_word' id='word_1_732' title='bbox 982 3329 1104 3352; x_wconf 88' lang='lat' dir='ltr'><strong>omncs</strong></span> <span class='ocrx_word' id='word_1_733' title='bbox 1131 3321 1204 3360; x_wconf 85' lang='lat' dir='ltr'><strong>(sed</strong></span> <span class='ocrx_word' id='word_1_734' title='bbox 1228 3321 1267 3353; x_wconf 88' lang='lat' dir='ltr'><strong>d:</strong></span> <span class='ocrx_word' id='word_1_735' title='bbox 1298 3322 1338 3352; x_wconf 79' lang='lat' dir='ltr'><strong>sit</strong></span> <span class='ocrx_word' id='word_1_736' title='bbox 1367 3330 1389 3352; x_wconf 90' lang='lat' dir='ltr'><em>a</em></span> <span class='ocrx_word' id='word_1_737' title='bbox 1411 3322 1500 3353; x_wconf 85' lang='lat' dir='ltr'><strong>nobis</strong></span> <span class='ocrx_word' id='word_1_738' title='bbox 1519 3321 1685 3361; x_wconf 81' lang='lat' dir='ltr'><strong>privata):</strong></span> <span class='ocrx_word' id='word_1_739' title='bbox 1716 3321 1854 3359; x_wconf 80' lang='lat' dir='ltr'><strong>privata</strong></span> <span class='ocrx_word' id='word_1_740' title='bbox 1875 3323 1916 3354; x_wconf 88' lang='lat' dir='ltr'><strong>sit</strong></span> 
     </span>
     <span class='ocr_line' id='line_1_53' title="bbox 166 3366 1914 3414; baseline 0.004 -16"><span class='ocrx_word' id='word_1_741' title='bbox 166 3366 229 3397; x_wconf 93' lang='lat' dir='ltr'><strong>LO</strong></span> <span class='ocrx_word' id='word_1_742' title='bbox 254 3368 287 3398; x_wconf 81' lang='lat' dir='ltr'><strong>et</strong></span> <span class='ocrx_word' id='word_1_743' title='bbox 311 3367 366 3400; x_wconf 90' lang='lat' dir='ltr'><strong>ed.</strong></span> <span class='ocrx_word' id='word_1_744' title='bbox 392 3370 501 3408; x_wconf 81' lang='lat' dir='ltr'><strong>Grut.,</strong></span> <span class='ocrx_word' id='word_1_745' title='bbox 527 3369 572 3401; x_wconf 80' lang='lat' dir='ltr'><strong>ad</strong></span> <span class='ocrx_word' id='word_1_746' title='bbox 595 3378 700 3410; x_wconf 87' lang='lat' dir='ltr'><strong>quam</strong></span> <span class='ocrx_word' id='word_1_747' title='bbox 723 3372 863 3412; x_wconf 79' lang='lat' dir='ltr'><strong>Lagom.</strong></span> <span class='ocrx_word' id='word_1_748' title='bbox 884 3369 1013 3403; x_wconf 87' lang='lat' dir='ltr'><strong>nullam</strong></span> <span class='ocrx_word' id='word_1_749' title='bbox 1035 3371 1241 3403; x_wconf 65' lang='lat' dir='ltr'><strong>varietatem</strong></span> <span class='ocrx_word' id='word_1_750' title='bbox 1264 3371 1445 3414; x_wconf 78' lang='lat' dir='ltr'><strong>exscripsit</strong></span> <span class='ocrx_word' id='word_1_751' title='bbox 1467 3371 1533 3404; x_wconf 88' lang='lat' dir='ltr'><strong>nisi</strong></span> <span class='ocrx_word' id='word_1_752' title='bbox 1557 3379 1599 3402; x_wconf 80' lang='lat' dir='ltr'><strong>ex</strong></span> <span class='ocrx_word' id='word_1_753' title='bbox 1615 3377 1652 3401; x_wconf 90' lang='lat' dir='ltr'><strong>c:</strong></span> <span class='ocrx_word' id='word_1_754' title='bbox 1678 3372 1850 3404; x_wconf 78' lang='lat' dir='ltr'><strong>dummodo</strong></span> <span class='ocrx_word' id='word_1_755' title='bbox 1873 3373 1914 3406; x_wconf 79' lang='lat' dir='ltr'><strong>sit</strong></span> 
     </span>
    </p>
   </div>
  </div>
 </body>
</html>
