2143 3713
684 261 777 301 οη.
808 260 1002 301 v-v11.
1038 259 1111 314 §§·
1144 257 1336 301 isi-46.
1798 257 1879 301 613

145 389 268 417 causa
308 375 473 422 fecerit,
512 387 563 414 an
603 374 682 413 hoc
721 384 870 424 genere
913 372 1176 426 eloquentiae
1218 371 1466 418 delectetur,
1506 372 1672 412 nescio:
1717 373 1881 412 tametsi

145 441 216 494 qui
247 439 450 479 acutiores
479 438 521 476 in
551 435 743 476 contione
774 439 990 481 steterant,
1021 434 1071 473 de
1103 434 1192 485 lege
1223 434 1379 486 agraria
1409 435 1550 473 nescio
1579 435 1678 487 quid
1698 435 1881 474 voluisse

144 515 237 541 eum
269 501 404 541 dicere
433 498 759 552 suspicabantur.
803 496 1038 549 Aliquando
1071 496 1235 535 tandem
1257 508 1321 534 me
1343 494 1558 547 designato
1580 495 1650 534 lex
1675 496 1716 534 in
1745 495 1882 547 publi-

143 578 235 603 cum
271 561 528 615 proponitur.
583 558 843 598 Concurrunt
884 558 1000 597 iussu
1041 570 1132 596 meo
1174 557 1314 610 plures
1354 569 1438 595 uno
1478 562 1662 608 tempore
1703 556 1884 603 librarii,

143 625 390 677 descriptam
420 622 470 661 ad
500 633 564 660 me
595 619 728 671 legem
758 620 948 659 afferunt.
992 619 1058 658 vl.
1090 615 1153 658 tl.
1186 618 1308 657 Omni
1338 618 1419 657 hoc
1449 618 1610 657 ratione
1640 617 1757 657 vohis
1787 629 1916 657 con-5

143 686 303 727 firmare
334 696 521 737 possum,
554 681 758 728 Quirites,
789 681 867 720 hoc
899 682 1034 720 animo
1065 694 1129 720 me
1161 681 1210 721 ad
1243 680 1458 733 legendam
1481 680 1613 732 legem
1635 691 1886 731 cognoscen-

144 748 321 801 damque
352 744 538 790 venisse,
570 747 640 789 ut,
672 742 705 781 si
739 755 827 782 eam
859 744 976 783 vobis
1006 742 1357 783 accommodatam
1388 747 1514 795 atque
1539 741 1683 781 utilem
1707 753 1796 780 esse
1826 740 1887 778 in-

142 810 393 862 telligerem,
432 810 576 845 auctor
618 804 707 843 eius
748 810 871 858 atque
912 806 1078 845 adiutor
1108 818 1253 845 essem.
1311 805 1403 843 Non
1435 803 1545 843 enim
1575 808 1723 842 natura
1750 814 1888 855 neque

144 871 314 911 discidio
346 881 482 921 neque
514 866 612 906 odio
645 867 810 919 penitus
842 867 967 906 insito
997 866 1151 906 bellum
1182 867 1323 906 nescio
1349 865 1463 918 quod
1493 865 1619 905 habet
1648 868 1890 917 susceptum

146 931 385 972 consulatus
426 942 517 969 cum
549 928 782 975 tribunatu,
823 929 920 982 quia
961 941 1161 981 persaepe
1193 928 1401 968 seditiosis
1433 932 1558 981 atque
1589 926 1788 980 improbis
1818 925 1938 966 tri-40

145 993 266 1033 bunis
305 991 439 1044 plebis
477 990 576 1030 boni
616 995 656 1029 et
692 989 821 1030 fortes
859 991 1052 1031 consules
1094 991 1343 1030 obstiterunt
1373 995 1413 1029 et
1443 989 1541 1043 quia
1571 990 1631 1029 vis
1669 987 1892 1028 tribunicia

143 1069 226 1096 non
268 1065 494 1106 numquam
523 1052 686 1092 libidini
718 1053 869 1092 restitit
899 1053 1119 1093 consulari.
1177 1054 1268 1092 Non
1300 1057 1553 1105 potestatum
1583 1048 1891 1095 dissimilitudo,

144 1117 216 1158 sed
247 1115 476 1155 animorum
508 1113 729 1154 disiunctio
756 1113 1059 1154 dissensionem
1090 1114 1198 1154 facit.
1244 1111 1309 1154 lli.
1332 1115 1476 1168 Itaque
1497 1114 1576 1154 hoc
1598 1113 1737 1154 animo
1758 1112 1892 1164 legem

144 1178 300 1231 sumpsi
330 1177 372 1215 in
407 1190 575 1223 manus,
606 1180 652 1215 ut
682 1189 771 1215 eam
803 1190 994 1228 cuperem
1029 1191 1119 1217 esse
1149 1182 1286 1230 aptam
1316 1178 1463 1217 vestris
1494 1174 1721 1216 commodis
1743 1177 1783 1212 et
1803 1172 1892 1211 eius

144 1241 278 1287 modi,
319 1252 441 1292 quam
484 1238 630 1277 consul
672 1251 737 1285 re,
778 1251 860 1277 non
901 1239 1087 1278 oratione
1127 1239 1341 1292 popularis
1373 1244 1412 1278 et
1440 1239 1614 1278 honeste
1646 1241 1686 1276 et
1715 1235 1942 1277 libenteris

144 1307 286 1356 posset
325 1300 559 1340 defendere.
612 1299 738 1352 Atqui
776 1312 852 1351 ego
892 1313 915 1339 a
953 1301 1086 1353 primo
1119 1301 1252 1353 capite
1283 1301 1385 1354 legis
1415 1313 1549 1354 usque
1580 1300 1632 1340 ad
1663 1303 1893 1339 extremum

142 1364 328 1417 reperio,
371 1362 578 1411 Quirites,
624 1361 726 1401 nihil
768 1362 880 1401 aliud
922 1363 1170 1415 cogitatum,
1213 1363 1315 1402 nihil
1345 1361 1455 1402 alind
1487 1367 1747 1415 susceptum,
1788 1357 1894 1398 nihil

143 1425 255 1466 aliud
295 1429 452 1471 actum,
491 1424 572 1463 nisi
611 1423 671 1463 uti
717 1423 860 1463 decem
900 1437 1017 1476 reges
1048 1426 1218 1472 aerarii,
1258 1424 1546 1477 vectigalium,
1586 1421 1893 1477 provinciarum

145 1487 354 1534 omnium,
401 1486 527 1526 totius
558 1486 617 1525 rei
656 1486 873 1539 publicae,
917 1500 1162 1539 regnorum,
1208 1487 1431 1527 liberorum
1463 1486 1738 1540 populorum,
1783 1482 1894 1531 orbis

146 1551 328 1604 denique
361 1553 559 1588 terrarum
591 1547 748 1587 domini
770 1549 1121 1588 constituerentur
1150 1550 1253 1603 legis
1275 1550 1460 1602 agrariae
1483 1547 1747 1589 simulatione
1768 1549 1894 1598 atque
1908 1558 1944 1587 20

144 1613 327 1654 nomine.
377 1611 443 1650 Sic
475 1608 691 1657 confirmo,
723 1609 930 1658 Quirites,
960 1610 1037 1649 hac
1068 1611 1158 1664 lege
1181 1612 1338 1665 agraria
1363 1611 1538 1665 pulchra
1558 1616 1682 1664 atque
1702 1606 1895 1661 populari

147 1676 234 1716 dari
274 1673 391 1714 vohis
430 1672 558 1719 nihil,
606 1671 835 1712 condonari
876 1672 998 1711 certis
1035 1672 1273 1713 hominibus
1305 1674 1463 1721 omnia3
1509 1671 1708 1713 ostentari
1736 1668 1894 1722 populo

142 1739 332 1778 Romano
364 1748 507 1788 agros,
540 1735 644 1787 eripi
675 1734 798 1774 etiam
828 1733 1079 1782 libertatem;
1110 1736 1365 1788 privatorum
1395 1735 1596 1789 pecunias
1622 1732 1788 1786 augeri,
1818 1745 1896 1784 pu—

143 1800 272 1840 blicas
304 1797 541 1844 exhauriri;
572 1797 775 1849 denique,
807 1795 916 1849 quod
948 1800 1011 1835 est
1039 1797 1397 1850 indignissimum,
1430 1810 1505 1851 per
1532 1796 1719 1837 tribunos
1747 1793 1896 1848 plebis,

146 1875 249 1916 quos
290 1861 467 1900 maiores
506 1859 719 1912 praesides
750 1859 951 1898 libertatis
982 1859 1260 1913 custodesque
1293 1872 1383 1899 esse
1416 1859 1658 1906 voluerunt,
1699 1869 1819 1910 reges
1853 1856 1896 1896 in
1909 1872 1946 1901 25

145 1924 311 1964 civitate
354 1921 562 1962 constitui.
623 1917 687 1960 lss.
720 1920 837 1969 Quae
877 1933 993 1967 cum,
1039 1920 1242 1969 Quirites,
1283 1934 1540 1975 exposuero,
1581 1920 1616 1961 si
1645 1920 1751 1961 salsa
1778 1919 1898 1959 vobis

146 1986 399 2026 videbuntur
421 1996 511 2023 esse
525 2013 535 2031 ‚
567 1996 718 2036 sequar
743 1982 1029 2022 auctoritatem
1049 1988 1250 2031 vestram,
1281 1984 1449 2024 mutabo
1471 1996 1606 2024 meam
1627 1981 1896 2024 sententiam:

147 2049 210 2088 sin
243 2046 419 2086 insidias
449 2045 540 2085 fieri
570 2045 749 2084 libertati
779 2049 939 2084 vestrae
971 2045 1235 2085 simulatione
1267 2046 1495 2098 largitionis
1525 2045 1793 2098 intelligetis,
1823 2055 1898 2082 no-

146 2111 260 2150 litote
295 2108 482 2148 dubitare
513 2107 692 2159 plurimo
723 2106 874 2146 sudore
906 2112 945 2145 et
981 2107 1183 2159 sanguine
1213 2108 1413 2147 maiorum
1446 2104 1707 2161 [vestrorum]
1739 2110 1898 2160 partam

146 2172 351 2224 vobisque
390 2169 580 2209 traditam
621 2168 851 2208 libertatem
891 2168 1006 2208 nullo
1048 2175 1186 2209 vestro
1218 2169 1358 2209 labore
1406 2170 1574 2210 consule
1605 2169 1797 2209 adiutore
1828 2166 1947 2213 de-30

146 2234 330 2274 fendere.

256 2296 345 2335 VII.
376 2294 555 2334 Primum
596 2298 720 2347 caput
758 2300 819 2333 est
855 2294 956 2346 legis
996 2293 1201 2346 agrariae,
1242 2307 1347 2347 quo,
1383 2299 1428 2334 ut
1460 2293 1521 2333 illi
1557 2298 1727 2347 putant,
1767 2296 1900 2333 tenta-

147 2359 247 2398 mini
285 2357 451 2403 leviter,
490 2369 571 2408 quo
615 2356 754 2396 animo
785 2356 986 2396 libertatis
1016 2361 1176 2396 vestrae
1207 2356 1536 2396 deminutionem
1572 2355 1680 2396 ferre
1719 2355 1899 2410 possitis.

147 2421 266 2460 Iubet
310 2421 420 2459 enim
469 2419 679 2459 tribunum
724 2418 880 2471 plebis,
929 2419 1001 2472 qui
1047 2432 1136 2458 eam
1177 2419 1311 2472 legem
1349 2419 1511 2466 tulerit,
1557 2431 1696 2458 creare
1738 2419 1900 2458 decem-

146 2483 256 2522 viros
296 2495 371 2535 per
409 2481 540 2521 tribus
582 2495 689 2528 xvn,
726 2487 794 2529 ut,
834 2494 958 2534 quem
996 2494 1088 2521 v1111
1127 2481 1258 2521 tribus
1298 2480 1492 2528 fecerint,
1532 2481 1567 2521 is
1598 2481 1806 2521 decemvir
1835 2481 1898 2521 sit.
1912 2495 1948 2524 35

234 2629 264 2660 4.
290 2627 515 2667 Quintilianus
538 2629 623 2659 vlu.
650 2628 685 2667 4,
712 2628 776 2659 28:
808 2628 908 2659 Pauci
940 2632 1069 2667 tamen,
1102 2628 1157 2667 qui
1183 2628 1332 2668 proximi
1355 2629 1545 2667 astiterant,
1580 2629 1684 2659 nescio
1709 2628 1787 2667 quid
1808 2628 1900 2659 illum

148 2679 186 2710 de
207 2678 274 2719 leqe
296 2679 437 2719 agraria
458 2679 594 2710 coluisse
617 2679 722 2710 dicere
744 2679 1050 2718 suspicabantur.—
1071 2679 1196 2710 tametsi
1219 2678 1273 2718 qui
1290 2677 1501 2709 Lambinus:
1528 2678 1656 2709 tametsi
1673 2678 1752 2717 (om.
1771 2678 1837 2717 qui)
1855 2679 1897 2715 P;

147 2733 255 2760 tamen
279 2729 305 2759 si
321 2729 376 2767 qui
391 2728 590 2762 EFALQO.
610 2746 647 2751 —
673 2729 704 2759 3.
732 2730 761 2760 in
783 2729 912 2769 publico
936 2730 972 2760 L.
993 2745 1029 2751 —
1055 2730 1086 2761 5.
1114 2729 1218 2759 deser.
1239 2728 1282 2758 ad
1304 2736 1355 2759 nie
1378 2727 1489 2769 legem]
1515 2728 1616 2759 descr.
1634 2736 1707 2758 ame
1730 2727 1830 2767 leyem
1852 2727 1897 2764 E;

153 2779 254 2810 deser.
269 2777 369 2818 legem
385 2786 406 2808 α
421 2786 472 2808 nze
489 2778 549 2813 FP:
568 2779 669 2809 descr.
685 2779 785 2819 lenem
800 2779 842 2809 ad
854 2787 904 2810 nie
916 2781 942 2810 Α
955 2780 979 2810 L
994 2776 1013 2811 Q
1027 2779 1064 2810 Ο.
1084 2779 1172 2809 Fort.
1185 2778 1379 2817 descriptam
1395 2777 1494 2818 Iegem
1511 2778 1594 2817 (om.
1609 2786 1682 2809 ame
1697 2775 1752 2808 vel
1767 2777 1811 2807 ad
1825 2776 1899 2815 me).

149 2845 184 2850 —
203 2828 332 2859 ratione
347 2827 435 2858 vobis
454 2828 478 2858 E
492 2828 513 2859 F
527 2829 551 2859 P
564 2830 609 2859 A:
633 2828 722 2859 vobis
744 2829 870 2859 ratione
894 2836 973 2859 cum
993 2827 1047 2859 ed.
1074 2826 1194 2859 Aldina
1211 2825 1234 2861 Σὲ
1247 2827 1288 2864 Ο;
1314 2827 1402 2858 robis
1417 2828 1654 2858 asseveratione
1669 2828 1746 2858 L.—
1774 2826 1804 2857 6.
1825 2826 1902 2865 Qui-

146 2877 234 2917 rites]
252 2877 332 2916 quia
355 2877 388 2908 F.
408 2893 442 2898 —
469 2876 500 2907 9.
518 2877 650 2909 discidio
672 2878 698 2909 E
715 2878 734 2909 F
748 2879 771 2909 P
785 2879 827 2909 G:
855 2878 984 2908 dissidio
1001 2879 1027 2908 A
1040 2878 1063 2908 L
1078 2875 1100 2911 Β
1114 2877 1150 2908 O.
1178 2876 1227 2908 Cf.
1246 2876 1405 2916 Madvigii
1429 2877 1622 2908 Excursum
1645 2877 1684 2907 ΙΙ.
1704 2875 1748 2906 ad
1766 2876 1836 2907 Cic.
1855 2874 1899 2906 de

148 2926 243 2958 Finn.
268 2935 302 2968 p.
321 2927 383 2958 8¹2
400 2935 478 2966 sqq.
499 2945 533 2948 —
560 2927 643 2969 odio]
668 2929 736 2959 ocio
761 2928 785 2959 13
801 2929 820 2959 F
834 2930 869 2959 P.
895 2944 929 2948 —
957 2927 1008 2957 115.
1029 2926 1196 2966 populari.
1215 2926 1267 2957 sed
1289 2926 1416 2957 honeste
1438 2925 1482 2962 E;
1505 2926 1678 2965 popularis
1699 2925 1752 2956 sed
1774 2925 1902 2956 honeste

149 2976 224 3013 FP;
251 2975 424 3015 popularis
445 2978 474 3006 et
497 2976 564 3006 iam
586 2977 710 3009 honeste
732 2980 770 3009 A.
804 2976 1007 3009 Emendavit
1032 2976 1224 3015 Naugerius
1249 2975 1282 3006 in
1307 2974 1362 3006 ed.
1388 2973 1522 3006 Aldina.
1550 2992 1584 2997 —
1612 2975 1664 3006 46.
1689 2975 1786 3013 Atqui
1808 2974 1900 3005 Lau-

150 3024 319 3056 redanus:
344 3027 442 3063 atque
463 3025 582 3056 ceteri.
604 3043 638 3047 —
664 3026 717 3058 ⁶24.
744 3026 889 3057 tribunos
908 3026 1011 3065 plebis
1034 3034 1112 3064 quos
1134 3033 1177 3055 m.
1198 3025 1366 3063 praesides
1387 3024 1408 3055 l.
1434 3025 1639 3064 custodesque
1661 3025 1708 3056 E:
1735 3023 1901 3054 tribunum

146 3073 193 3112 pl.
219 3082 311 3112 quem
332 3083 376 3105 m.
398 3074 582 3113 praesidem
605 3075 624 3106 l.
644 3077 868 3114 custodemque
891 3077 912 3106 F
927 3078 953 3106 A
967 3076 990 3106 L
1005 3073 1024 3106 Q
1039 3075 1076 3105 O.
1099 3092 1134 3096 m
1160 3074 1213 3105 26.
1240 3083 1323 3113 quae
1345 3083 1434 3112 cum,
1461 3075 1616 3114 Quirites,
1641 3082 1821 3114 exposuero
1843 3073 1901 3105 Pi-

151 3122 292 3153 thoeus:
319 3132 508 3163 quaecumq.
534 3132 712 3163 e-rposuero
728 3126 769 3162 P;
796 3133 1016 3165 quaecumque
1041 3133 1219 3163 exposuero
1235 3124 1260 3155 E
1275 3124 1317 3160 F;
1344 3132 1428 3161 quae
1450 3133 1523 3156 cum
1546 3133 1725 3164 exposuero
1748 3120 1896 3155 ALQO.

155 3189 190 3193 —
215 3171 268 3202 27.
292 3174 482 3204 sententiam
511 3182 618 3205 ineam
646 3183 725 3205 cum
747 3175 951 3206 Lauredano
975 3175 1010 3205 L.
1039 3191 1072 3195 —
1112 3173 1166 3205 ⁶28.
1191 3172 1251 3213 sin]
1283 3173 1319 3204 Si
1343 3173 1379 3204 E.
1415 3190 1449 3194 —
1486 3174 1690 3205 simulatione
1716 3172 1900 3213 largitionis

154 3235 222 3258 om.
248 3226 284 3258 E.
312 3245 347 3249 —
373 3229 427 3260 29.
450 3230 642 3269 vestrorum]
668 3239 741 3262 nrm
764 3231 806 3268 F;
841 3230 973 3280 om3E.
1008 3247 1044 3252 —
1077 3228 1129 3260 30.
1154 3228 1306 3267 nobisque
1334 3226 1366 3260 Β.
1401 3245 1435 3250 -
1468 3228 1518 3260 32.
1545 3229 1747 3269 temptamini
1768 3227 1830 3259 EF
1854 3228 1900 3268 (et

155 3314 205 3345 sic
227 3313 262 3345 in
284 3313 349 3346 bac
372 3317 525 3348 oratione
551 3316 715 3357 semper).
743 3333 778 3339 -
810 3317 861 3349 33.
888 3284 1137 3349 diminutionem
1159 3316 1203 3353 E;
1237 3316 1481 3347 diminutionem
1505 3317 1601 3349 FAL
1616 3314 1647 3349 2.
1675 3333 1709 3338 —
1737 3315 1789 3348 35.
1813 3315 1902 3347 XVII

156 3363 197 3396 E:
222 3365 447 3404 septemdecem
469 3366 531 3397 FA
545 3367 586 3403 L;
611 3367 832 3406 septemdecim
854 3364 874 3399 2
889 3367 925 3398 Ο.
955 3384 989 3388 —
1019 3366 1106 3397 VIIII
1126 3365 1171 3398 E:
1196 3375 1311 3398 norem
1333 3365 1465 3401 FALss
1479 3366 1516 3399 O.
