2127 3708
183 241 236 286 92
741 249 937 290 ORATIO
968 250 1072 291 PRO
1103 251 1157 292 M.
1189 251 1381 292 TULLIO

298 356 363 399 ¹13.
396 359 603 408 Quoniam
635 362 747 414 quod
778 362 978 402 iudicium
1009 368 1049 403 et
1076 377 1157 416 quo
1181 364 1355 404 consilio
1377 365 1648 405 constitutum
1669 366 1741 413 sit,
1773 379 1926 420 cogno-

187 422 280 468 stis,
311 435 422 461 nunc
451 436 538 462 rem
559 423 713 475 ipsam,
744 430 790 463 ut
809 428 924 476 gesta
946 425 1016 473 sit,
1048 426 1145 464 dum
1166 426 1346 466 breviter
1366 427 1483 466 vobis
1505 426 1764 475 demonstro,
1795 435 1927 470 atten-

186 483 283 523 dite.
342 479 407 523 2'14.
438 485 627 525 Fundum
666 485 791 539 habet
828 486 869 524 in
906 500 1004 539 agro
1037 488 1222 527 Thurino
1263 490 1315 527 M.
1348 489 1508 529 Tullius
1545 495 1785 542 paternum,
1824 490 1928 530 reci—

185 550 415 599 peratores,
447 560 571 600 quem
603 562 647 587 se
676 548 828 588 hahere
860 562 992 602 usque
1024 563 1073 589 eo
1105 564 1189 589 non
1221 551 1393 590 moleste
1426 552 1542 598 tulit,
1581 552 1714 590 donec
1745 552 1927 591 vicinum

153 609 391 650 5eiusmodi
422 615 567 650 nactus
600 616 682 658 est,
715 611 784 664 qui
816 612 903 663 agri
933 609 1034 651 fines
1065 612 1187 651 armis
1217 612 1403 664 proferre
1434 613 1574 653 mallet
1597 627 1720 666 quam
1747 614 1836 654 iure
1859 615 1929 654 de·-

182 670 368 710 sendere.
414 673 515 711 Nam
547 674 589 711 P.
620 674 770 712 Fabius
801 686 934 725 nuper
966 674 1066 713 emit
1095 687 1238 726 agrum
1270 675 1320 714 de
1343 675 1384 714 C.
1409 675 1581 715 Claudio
1614 682 1830 724 senatore,
1861 677 1927 716 cui

181 732 312 772 fundo
344 739 430 773 erat
459 732 606 775 adfinis
627 737 680 775 M.
703 735 886 782 Tullius,
917 748 1016 775 sane
1047 749 1219 788 niagno,
1251 735 1425 775 dimidio
1456 736 1540 775 fere
1572 738 1702 789 pluris
1726 739 1927 779 incultum

183 795 341 835 exustis
371 796 482 835 villis
513 797 726 844 omnibus,
758 810 882 850 quam
914 797 1058 850 quanti
1089 797 1294 850 integrum
1326 803 1449 851 atque
1472 799 1781 839 ornatissimum
1804 801 1929 841 earis-

183 858 298 898 simis
329 858 472 911 pretiis
503 859 592 911 ipse
624 859 820 898 Claudius
850 865 1009 899 emerat.
1043 889 1926 903 ............................

134 932 169 963 10
185 949 1887 965 .....................................................
1917 955 1926 965 .

183 1012 1706 1027 ................................................
1733 985 1796 1027 15.
1822 988 1926 1028 clam

182 1045 555 1097 circumscripsisse
586 1046 653 1085 isti
683 1059 706 1085 a
737 1047 944 1087 consulari
975 1046 1220 1087 Macedonia
1251 1052 1291 1086 et
1320 1047 1430 1087 Asia.
1475 1049 1609 1088 Etiam
1638 1050 1741 1089 illud
1763 1050 1924 1098 addam,

182 1107 296 1160 quod
337 1107 387 1146 ad
426 1121 512 1146 reni
551 1108 743 1160 pertinet.
801 1110 1053 1162 Imperatore
1085 1114 1248 1148 mortuo
1289 1110 1507 1161 pecuniam
1544 1112 1683 1150 nescio
1715 1113 1925 1164 quomodo

182 1169 434 1222 quaesitam,
466 1170 563 1209 duni
593 1170 681 1210 vult
709 1171 751 1210 in
782 1173 953 1224 praedio
985 1185 1164 1225 ponere,
1195 1185 1278 1211 non
1310 1172 1473 1224 posuit,
1505 1173 1577 1212 sed
1607 1174 1769 1213 abiecit.
1815 1174 1927 1214 Nihil

133 1231 317 1271 isadhue
347 1244 386 1269 111
405 1260 1926 1275 ................................................

183 1322 1925 1338 οοοοοοοοοοοοοοοοοοοοοοοοοοοοοοοοοοοοοοοοοοοοοοοοοοοοοο

182 1385 938 1399 ........................
960 1373 1025 1399 am
1053 1360 1285 1399 calamitate
1306 1360 1538 1399 vicinorum
1561 1360 1729 1413 corrigit
1751 1366 1790 1400 et
1813 1360 1926 1414 quod

181 1419 438 1461 stomachum
470 1432 590 1459 suum
623 1420 773 1460 damno
806 1422 931 1461 Tullii
964 1422 1134 1475 explere
1159 1428 1330 1461 conatus
1364 1427 1437 1461 est.

294 1479 358 1521 lss.
388 1482 462 1521 Est
490 1482 532 1521 in
565 1495 613 1522 eo
645 1496 743 1535 agro
776 1485 982 1531 centuria,
1023 1498 1129 1538 quae
1160 1484 1391 1536 Populiana
1429 1485 1687 1532 nominatur,
1723 1486 1928 1538 recipera-

131 1555 167 1584 20
181 1550 313 1592 tores,
345 1557 452 1597 quae
483 1558 647 1597 semper
675 1546 729 1585 M.
762 1546 887 1585 Tullii
918 1546 1019 1594 fuit,
1052 1560 1175 1600 quam
1208 1547 1331 1586 etiam
1362 1552 1479 1599 pater
1507 1548 1736 1600 possederat
1760 1579 1926 1588 ......

181 1762 707 1772 .................
730 1733 866 1785 posita
898 1748 988 1773 esse
1020 1741 1060 1774 et
1090 1734 1141 1773 ad
1170 1733 1345 1773 fundum
1378 1734 1466 1773 eius
1489 1735 1725 1774 convenire.
1766 1735 1823 1773 Ac
1846 1735 1928 1787 pri-

180 1809 310 1842 mum,
352 1794 464 1848 quod
502 1807 595 1834 eum
636 1795 794 1847 negotii
836 1796 963 1835 totius
997 1801 1037 1835 et
1067 1795 1290 1847 emptionis
1323 1810 1422 1835 suae
1453 1796 1713 1848 paenitebat,
1751 1796 1926 1836 fundum

130 1867 165 1896 25
179 1858 448 1912 proscripsit3
481 1870 574 1896 eum
606 1862 743 1897 autem
775 1862 958 1912 emptum
987 1857 1168 1897 hahebat
1197 1871 1290 1896 cum
1321 1858 1436 1897 socio
1467 1858 1538 1897 Cn.
1558 1859 1806 1906 Acerronio,
1838 1859 1925 1898 viro

179 1921 329 1973 optimo
367 1951 1183 1960 ..........................
1211 1955 1217 1959 .
1240 1951 1925 1961 ......................

265 2031 294 2062 l.
321 2039 414 2062 coos.
437 2033 442 2068 1
462 2040 532 2063 sris
556 2033 582 2062 A
608 2033 695 2063 teste
721 2033 897 2071 Peyrono,
931 2040 1025 2063 σου.
1048 2057 1054 2062 .
1077 2033 1081 2068 l
1102 2040 1152 2063 ris
1176 2031 1269 2062 idem
1294 2030 1428 2062 Kellero
1454 2033 1552 2063 teste.
1581 2049 1616 2054 —
1655 2032 1685 2063 3.
1711 2032 1893 2063 Fumium-
1909 2050 1928 2055 -

172 2079 360 2122 palernum]
385 2080 478 2111 llaec
502 2079 608 2111 verba
635 2082 784 2112 servarit
809 2082 912 2112 etiam
931 2079 1156 2118 Quintilianus
1181 2081 1203 2111 l.
1224 2082 1260 2111 O.
1287 2080 1325 2117 li,
1352 2081 1388 2116 ⁶2,
1416 2080 1489 2112 2¹31.
1512 2099 1545 2103 ——
1575 2081 1711 2120 leyrino
1731 2082 1873 2113 APBH
1887 2082 1924 2113 K.

179 2148 214 2153 —-
242 2130 271 2160 6.
298 2129 412 2170 nuper]
436 2132 462 2161 Α
489 2129 621 2170 syllaba
645 2139 707 2161 PER
732 2131 849 2171 incipit
874 2130 990 2162 solium
1015 2129 1284 2162 Ambrosianum
1310 2130 1461 2160 tertium.
1493 2148 1525 2151 —
1564 2130 1594 2161 9.
1625 2131 1763 2169 praeliis
1785 2133 1811 2162 A
1825 2131 1860 2161 P.
1890 2148 1924 2152 —

178 2181 309 2213 Desunt
333 2180 364 2210 in
388 2181 415 2211 Α
441 2180 514 2211 cius
530 2179 710 2218 versiculi,
737 2181 794 2220 qui
820 2190 838 2211 a
863 2179 1006 2219 syllabis
1029 2188 1103 2211 mss
1128 2180 1262 2219 incipit,
1291 2181 1429 2210 ceterae
1454 2178 1587 2210 litterae
1612 2182 1645 2211 ct
1670 2183 1849 2220 practerea
1867 2179 1925 2211 de-

177 2238 256 2261 ceni
280 2237 402 2260 versus
427 2229 565 2269 integri,
604 2238 683 2261 cuin
716 2230 818 2261 liuius
848 2229 932 2269 folii,
970 2230 1062 2270 quod
1091 2238 1153 2262 sex
1181 2228 1358 2259 columnas
1389 2228 1511 2264 habet,
1548 2238 1627 2269 pars
1652 2230 1791 2260 interior
1815 2228 1923 2261 cultro

177 2280 319 2311 desecta
343 2280 401 2316 Sit,
435 2279 527 2310 unde
559 2281 698 2320 practer
721 2279 810 2309 bam⁴
835 2280 988 2320 quinque
1014 2279 1158 2310 lacunae
1183 2280 1276 2309 ortae
1296 2280 1386 2309 sunt.
1424 2279 1577 2309 Claudius
1602 2278 1744 2319 [eme-rol.
1770 2279 1849 2320 Ayri
1872 2288 1926 2309 cu-

173 2331 284 2371 pidius
307 2329 403 2369 empti
422 2329 566 2368 prelium
588 2337 658 2359 sero
683 2329 867 2368 ‹liligyetiliics
888 2329 1064 2360 allemlenli
1088 2337 1161 2358 cum
1184 2329 1279 2358 nimis
1302 2337 1459 2368 mogynum
1474 2329 1656 2367 rideretur,
1680 2330 1778 2369 facile
1793 2333 1835 2361 esl
1851 2329 1925 2360 emi-

178 2381 328 2417 slimalu,
355 2381 513 2418 quantum
537 2378 693 2408 stomachi
714 2378 824 2417 feccrit
848 2379 986 2417 suspicio
1008 2379 1205 2409 venditorem
1230 2378 1272 2417 se]
1297 2378 1381 2408 clam
1405 2379 1691 2417 circumscripsisse
1715 2379 1737 2409 13
1753 2380 1791 2416 O,
1826 2378 1925 2409 Clau-

177 2429 249 2460 dius
274 2427 417 2468 [emerat.
459 2428 575 2458 Verum
597 2430 704 2458 lamen
728 2436 794 2458 rem
819 2428 864 2458 sic
888 2431 955 2458 [ulo
978 2436 1110 2459 serrare
1136 2427 1253 2464 rolnil‚·
1289 2436 1331 2458 er
1355 2436 1416 2466 quo
1441 2428 1523 2458 enim
1548 2428 1604 2458 sub
1627 2429 1662 2459 L.
1690 2428 1823 2459 Octavio
1845 2437 1924 2467 pro—

176 2478 304 2509 consule
326 2480 491 2508 meruerat
515 2477 575 2515 sic,
601 2479 636 2507 ul
659 2478 828 2516 aztgjendoe
852 2477 898 2508 rei
922 2478 1114 2517 neqoliamlo
1139 2486 1272 2516 operam
1296 2477 1374 2507 (lare
1392 2480 1516 2515 posset,
1546 2478 1611 2508 ι’(ιιη
1634 2478 1762 2516 saepias
1784 2478 1926 2510 homines

175 2528 369 2559 videbantur
397 2526 438 2568 se]
474 2527 560 2557 clam
590 2527 879 2566 circzmescripsixse
909 2528 934 2558 ll
967 2528 1084 2566 utiquc
1118 2526 1341 2567 probabilius.
1373 2545 1405 2547 ψ
1435 2528 1484 2558 12.
1510 2536 1583 2558 mm
1609 2530 1696 2559 teste
1721 2527 1855 2559 Kellero
1878 2530 1922 2567 A,

177 2586 290 2618 neque
316 2575 425 2607 littera
450 2585 475 2607 M
498 2584 612 2616 neque
636 2575 758 2607 lineola
784 2576 871 2608 illius
896 2575 970 2607 loco
995 2576 1121 2607 addita.
1152 2595 1186 2598 —
1214 2576 1264 2607 213.
1292 2585 1428 2607 mirra-m
1453 2579 1489 2607 A.
1519 2595 1552 2599 -
1582 2577 1631 2607 ⁴5.
1659 2577 1791 2609 Desunt
1813 2579 1925 2609 versi-

177 2626 241 2659 culi
267 2627 404 2658 deeem.
443 2625 516 2657 Vid.
544 2625 587 2657 ad
611 2635 644 2657 v.
671 2626 700 2657 9.
727 2627 831 2657 (ulline
854 2625 1064 2666 771[ay21(›pe7·e
1086 2626 1207 2664 miror,
1233 2627 1316 2665 quod
1337 2626 1472 2656 slnllilia
1497 2635 1557 2656 sna
1582 2626 1770 2665 impeditus,
1797 2636 1925 2666 quoquo

175 2677 269 2707 modo
290 2679 410 2715 posset,
436 2684 468 2707 se
491 2676 643 2716 θυρεῶν-6
664 2676 775 2707 voluit.
811 2677 894 2707 Illud
916 2685 992 2707 vero
1010 2676 1127 2707 mirari
1143 2676 1221 2705 salis
1238 2684 1301 2706 non
1319 2684 1414 2714 queo,
1440 2675 1519 2705 illud
1536 2676 1703 2715 indignor,
1731 2677 1815 2715 quod
1830 2686 1925 2708 suam

175 2725 357 2767 stultitiam
381 2725 457 2762 BO,
487 2734 630 2765 «parum
655 2725 834 2757 feliciter.»
860 2726 958 2756 KELL.
980 2744 1014 2748 —
1042 2726 1092 2756 117.
1113 2727 1315 2757 CALJJIITATE‘
1335 2726 1373 2755 A.
1396 2742 1429 2746 —
1451 2725 1500 2755 118.
1519 2733 1713 2756 srnomffl!
1728 2727 1766 2756 A.
1788 2743 1823 2748 —
1845 2726 1925 2757 Tulli

177 2776 307 2816 cai-plere
331 2783 411 2806 cum
430 2775 515 2805 Maio
539 2776 601 2806 Pll
616 2776 640 2806 K
659 2784 665 2805 τ
691 2784 783 2806 Tru!
802 2801 807 2806 .
830 2801 835 2806 .
858 2779 862 2813 Ι
883 2784 988 2806 PLERE
1011 2777 1056 2814 A,
1085 2776 1165 2806 Tulli
1190 2774 1309 2815 (Tullii)
1334 2774 1456 2813 replere
1480 2775 1503 2805 B
1519 2775 1555 2804 Ο.
1590 2774 1639 2805 Cf.
1666 2784 1698 2815 p.
1718 2776 1819 2808 Rosc.
1845 2777 1921 2808 Am.

176 2827 228 2862 52,
249 2826 332 2856 450:
359 2824 539 2855 avaritiam
562 2833 655 2855 suam
674 2825 816 2864 pecunia
839 2824 980 2864 asplere.
1002 2842 1036 2845 —
1066 2824 1115 2855 49.
1142 2834 1216 2857 1’001
1236 2829 1240 2862 Ι
1259 2833 1352 2856 mm
1377 2827 1420 2858 A„
1447 2824 1618 2863 Popiliana
1642 2826 1719 2863 Po,
1741 2826 1925 2866 populiana

177 2875 205 2914 (a
231 2873 363 2915 planta,
400 2882 489 2913 quae
509 2874 648 2912 popillia
671 2874 806 2910 dieitur)
830 2875 908 2906 Bll.
946 2873 996 2904 (Is.
1023 2873 1052 2913 ἕ.
1080 2874 1130 2905 Π.
1157 2875 1207 2905 49.
1226 2875 1278 2905 21.
1303 2891 1339 2896 -
1376 2874 1428 2904 20.
1455 2874 1548 2912 qnae]
1576 2874 1712 2905 «Codex
1736 2885 1789 2913 ωἰ
1813 2876 1924 2907 conti-

176 2932 259 2955 nere
295 2923 438 2954 dicitur:
475 2922 536 2953 sed
572 2921 683 2954 littera
719 2923 828 2955 finalis
862 2933 955 2956 nunc
990 2924 1090 2965 plane
1126 2925 1293 2966 illegibilis
1326 2927 1392 2962 est,
1431 2926 1632 2965 incertaque
1656 2933 1669 2955 1
1692 2933 1735 2956 an
1758 2933 1790 2956 Ε.
1827 2925 1922 2956 Adeo

176 2982 318 3010 vereor,
345 2981 387 3003 ne
410 2972 502 3012 quod
527 2980 589 3012 pro
612 2982 625 3003 1
648 2972 823 3013 legerunt,
854 2975 1026 3014 posterior
1057 2975 1181 3007 ductus
1205 2977 1247 3008 sit
1270 2975 1511 3017 praecedentis
1537 2974 1668 3006 litterae
1697 2983 1732 3012 r,
1770 2974 1823 3004 cui
1852 2973 1923 3005 sor-

175 3026 266 3055 tasse
295 3021 510 3053 brevissimis
538 3022 673 3054 duabus
698 3022 828 3055 lineolis
853 3024 885 3055 in
913 3024 1071 3056 dextram
1093 3026 1262 3065 porrectis
1282 3022 1325 3056 τὸ
1348 3033 1369 3056 13
1393 3024 1637 3065 agglutinatum
1662 3024 1796 3055 suerit.»
1822 3024 1920 3054 KELL.

180 3090 214 3094 —
240 3072 320 3103 Tulli
342 3074 367 3103 A
383 3072 442 3102 PB
458 3072 535 3102 HK.
565 3089 598 3093 —
628 3073 827 3114 possederat]
857 3072 1052 3114 «Syllanam
1075 3082 1115 3106 si:
1142 3075 1224 3106 mihi
1248 3075 1342 3106 visus
1366 3083 1442 3105 suin
1467 3075 1499 3104 in
1527 3076 1683 3105 extremo
1712 3074 1777 3104 boc
1804 3081 1919 3111 versu,

176 3120 263 3152 ultra
281 3121 467 3152 terminum
495 3122 701 3162 proiectam,
728 3124 942 3164 conspicere,
970 3125 1078 3163 magis
1103 3123 1275 3164 aliquanto
1300 3124 1444 3155 caeteris
1473 3124 1688 3155 evanidam.»
1718 3124 1815 3153 KELL.
1852 3122 1922 3153 De-

176 3174 257 3202 sunt
280 3172 442 3203 undecim
467 3171 640 3203 versiculi.
682 3173 756 3204 Vid.
784 3173 827 3204 ad
853 3183 884 3204 v.
911 3174 942 3204 9.
964 3173 1163 3213 p0s[secle›·al
1200 3175 1266 3205 sine
1301 3174 1369 3204 ulla
1402 3182 1558 3212 umquam
1591 3173 1820 3204 controversia.
1861 3172 1922 3202 Isle

177 3222 304 3251 demum>
336 3222 462 3252 vis-inus
489 3230 591 3252 novus
618 3222 785 3261 improbae
811 3225 876 3261 spei
910 3232 945 3253 eo
979 3224 1135 3262 securior,
1169 3224 1254 3263 quod
1275 3225 1319 3255 M.
1349 3223 1467 3254 Tullius
1490 3223 1624 3261 abesset,
1650 3222 1752 3261 coepit
1773 3222 1916 3258 inhiare,

176 3280 249 3301 eum
273 3271 299 3301 ei
322 3271 469 3302 censurio
488 3272 669 3310 populiana
688 3273 867 3311 (Popiliana
884 3273 917 3311 Ο)
941 3272 1104 3304 videretur
1127 3273 1205 3303 salis
1224 3272 1397 3313 commode]
1420 3273 1526 3311 posita
1549 3273 1572 3303 B
1587 3273 1623 3310 O,
1649 3271 1816 3302 sententIa
1843 3279 1918 3311 pro-

178 3318 293 3351 babili.
317 3339 350 3343 —
377 3320 554 3362 {toni-9012·
576 3323 673 3353 APB
689 3323 713 3353 ll
730 3323 765 3353 Κ.
788 3341 822 3344 —
844 3323 1029 3362 paenitebat
1058 3324 1132 3354 AB:
1157 3321 1336 3362 poenilebczl
1363 3321 1505 3352 POIIK.
1536 3320 1611 3351 Vid.
1638 3321 1750 3352 Osann
1776 3319 1819 3351 ad
1844 3320 1914 3350 Cic.

178 3369 221 3403 de
249 3377 322 3412 rep.
347 3378 382 3414 p.
408 3369 480 3402 302.
503 3389 537 3395 -
567 3372 618 3405 226.
644 3372 777 3404 Desunt
800 3372 965 3404 undecim
987 3371 1160 3404 versiculi.
1185 3371 1259 3403 vid.
1286 3370 1329 3402 ad
1352 3379 1384 3402 v,
1410 3371 1440 3402 9.
1469 3371 1540 3402 viro
1567 3369 1709 3411 0p[timo.
1743 3370 1773 3401 Is
1799 3370 1918 3402 Romae
