2127 3708
237 256 289 297 78
648 254 846 297 ORATIO
877 256 980 297 PRO
1012 256 1062 305 Q.
1093 255 1286 297 ROSCIO
1318 257 1575 298 COMOEDO

236 367 362 407 dibile
393 371 514 407 esset.
570 365 637 407 ΞΟ.
668 369 820 408 Verum
852 374 1009 416 tamen,
1041 382 1164 422 quem
1184 369 1405 417 fraudarit,
1436 369 1664 409 videamus.
1706 367 1748 408 C.
1771 368 1972 410 Fannium

235 430 460 470 Chaeream
490 431 664 470 Roscius
694 431 912 470 fraudavit.
965 431 1047 470 Oro
1079 436 1204 484 atque
1235 432 1405 472 obsecro
1437 445 1532 478 vos,
1565 432 1635 485 qui
1662 432 1815 480 nostis,
1846 433 1972 473 vitam

232 492 340 532 inter
371 506 414 532 se
433 493 654 546 utriusque
677 493 882 538 conferte3
915 494 986 546 qui
1008 507 1091 532 non
1114 494 1264 541 nostis,
1294 494 1440 534 faciem
1462 494 1678 547 utriusque
1700 494 1972 534 considerate.

231 555 378 594 Nonne
415 554 551 607 ipsum
593 560 716 608 caput
754 560 793 594 et
836 556 1057 607 supercilia
1089 556 1158 595 illa
1190 556 1355 607 penitus
1385 557 1529 595 abrasa
1561 556 1673 595 olere
1704 556 1903 596 malitiam
1934 560 1974 595 et

197 629 216 658 5
231 617 440 656 clamitare
472 618 739 657 calliditatem
770 617 991 655 videntur?
1022 632 1107 657 non
1137 618 1187 657 ab
1210 618 1300 656 imis
1322 619 1530 670 unguibus
1552 632 1685 671 usque
1706 618 1757 658 ad
1779 618 1973 657 verticem

229 693 458 727 summum,
491 680 524 719 si
567 693 691 733 quam
730 679 1011 718 coniecturam
1042 681 1161 719 affert
1189 680 1427 720 hominibus
1460 682 1583 720 tacita
1614 681 1799 733 corporis
1831 677 1973 732 ligura,

230 756 282 782 ex
312 742 476 788 fraude,
506 741 702 788 fallaciis,
735 741 961 780 mendaciis
993 747 1183 781 constare
1210 747 1320 781 totus
1343 743 1536 782 videtur?
1569 743 1638 796 qui
1662 744 1816 783 idcirco
1839 743 1972 795 capite

229 810 270 844 et
300 804 532 856 superciliis
565 817 728 856 semper
759 808 820 842 est
849 803 972 851 rasis,
1004 818 1054 843 ne
1084 805 1217 843 ullum
1248 804 1379 856 pilum
1400 806 1475 844 viri
1496 805 1595 845 boni
1618 806 1770 845 habere
1792 806 1974 853 dicatum

229 867 346 907 euius
384 879 605 919 personam
643 866 852 918 praeclare
894 866 1069 906 Roscius
1101 867 1142 905 in
1174 879 1323 905 scaena
1354 872 1528 906 tractare
1559 869 1797 915 consuevit,
1838 880 1974 921 neque

181 941 215 971 ιο
228 934 365 969 tamen
396 941 470 981 pro
500 926 705 967 beneflcio
738 927 774 966 ei
806 940 882 979 par
912 928 1043 979 gratia
1073 928 1271 967 refertur:
1303 941 1398 967 nam
1418 929 1647 968 Ballionem
1678 930 1793 969 illum
1820 930 1975 983 impro-

226 991 442 1031 bissimum
474 995 515 1030 et
544 989 875 1043 periurissimum
907 990 1100 1030 lenonem
1133 1003 1225 1029 cum
1257 991 1362 1043 agit,
1394 991 1479 1043 agit
1510 992 1746 1032 Chaeream.
1794 993 1975 1033 Persona

226 1053 299 1093 illa
330 1052 555 1100 lutulenta,
586 1053 771 1105 impura,
802 1052 937 1092 invisa
968 1053 1009 1091 in
1039 1052 1164 1093 huius
1196 1053 1402 1100 moribus,
1439 1059 1585 1094 natura
1614 1055 1781 1107 vitaque
1812 1059 1875 1093 est
1904 1066 1975 1092 ex-

227 1127 390 1167 pressa3
423 1115 494 1167 qui
526 1115 795 1168 quamobrem
825 1115 1021 1154 Roscium
1055 1115 1232 1154 similem
1264 1117 1326 1155 sui
1358 1117 1400 1155 in
1430 1116 1573 1156 fraude
1596 1117 1811 1156 etmalitia
1832 1115 1975 1155 existi-

228 1177 370 1224 marit,
401 1176 507 1216 nihil
536 1176 722 1223 videtur,
753 1176 833 1216 nisi
864 1176 992 1224 forte,
1025 1177 1137 1230 quod
1168 1178 1379 1230 praeclare
1410 1178 1520 1218 hunc
1552 1179 1703 1217 imitari
1736 1191 1778 1218 se
1809 1179 1850 1217 in
1880 1190 1974 1230 per-

178 1253 213 1282 15
227 1252 330 1279 sona
359 1239 523 1279 lenonis
545 1238 848 1277 animadvertit.
898 1236 963 1277 2l.
996 1238 1277 1286 Quamobrem
1303 1240 1429 1279 etiam
1451 1246 1576 1293 atque
1598 1241 1721 1280 etiam
1744 1240 1973 1284 considera,

229 1300 271 1341 C.
303 1301 420 1349 Piso,
452 1300 547 1354 quis
579 1313 704 1353 quem
724 1299 938 1339 fraudasse
960 1301 1133 1340 dicatur.
1181 1303 1356 1341 Roscius
1379 1304 1609 1342 Fannium?
1655 1300 1766 1350 Quid
1788 1306 1849 1341 est
1868 1300 1973 1339 hoc?

226 1365 384 1417 probus
415 1363 674 1416 improbum,
705 1362 866 1414 pudens
898 1362 1203 1415 impudentem,
1245 1365 1456 1417 periurum
1487 1372 1643 1412 castus,
1675 1364 1869 1404 callidum
1900 1362 1974 1401 im-

225 1426 405 1479 peritus,
448 1425 631 1465 liberalis
662 1425 841 1464 avidum.
901 1426 1149 1465 Incredibile
1180 1432 1254 1466 est.
1314 1427 1696 1475 Quemadmodum,
1729 1427 1762 1466 si
1793 1425 1973 1465 Fannius

226 1488 423 1528 Roscium
451 1488 664 1527 fraudasse
697 1487 925 1535 diceretur,
955 1494 1179 1542 utrumque
1212 1503 1264 1528 ex
1282 1490 1501 1543 utriusque
1534 1503 1712 1543 persona
1732 1487 1973 1527 verisimile

175 1564 212 1594 20
226 1550 458 1597 videretur,
502 1555 543 1589 et
582 1550 784 1589 Fannium
825 1563 900 1603 per
929 1550 1129 1590 malitiam
1158 1551 1306 1591 fecisse
1338 1556 1378 1590 et
1407 1552 1601 1591 Roscium
1633 1565 1706 1604 per
1736 1550 1974 1603 impruden-

226 1612 326 1652 tiam
347 1613 567 1665 deceptum
590 1626 701 1652 esse:
735 1613 793 1652 sic
815 1627 907 1652 cum
928 1613 1103 1652 Roscius
1124 1614 1326 1652 Fannium
1343 1613 1561 1659 ,fraudasse
1582 1619 1795 1667 arguatur,
1816 1619 1975 1653 utrum-

226 1687 307 1727 que
350 1673 593 1714 incredibile
631 1679 713 1722 est,
757 1680 797 1714 et
833 1675 1029 1715 Roscium
1070 1675 1299 1728 quidquam
1340 1689 1415 1728 per
1445 1676 1657 1715 avaritiam
1690 1676 1900 1729 appetisse
1934 1679 1975 1714 et

225 1737 429 1776 Fannium
474 1737 705 1790 quidquam
749 1751 823 1790 per
864 1738 1093 1777 bonitatem
1133 1738 1335 1777 amisisse.
1396 1738 1501 1777 vlu.
1533 1736 1598 1776 ⁶22.
1639 1739 1847 1791 Principia
1878 1741 1974 1777 sunt

225 1798 479 1839 huiusmodi.
526 1799 768 1851 Spectemus
799 1799 974 1853 reliqua.
1021 1800 1098 1839 HS
1129 1813 1220 1837 1000
1254 1800 1302 1848 Q.
1324 1800 1498 1840 Roscius
1528 1799 1735 1840 fraudavit
1756 1800 1971 1839 Fannium.

176 1877 213 1907 25
228 1861 322 1910 Qua
352 1862 402 1901 de
433 1863 586 1901 causa?
633 1861 831 1901 Subridet
862 1862 1072 1909 Saturius,
1102 1867 1331 1910 veterator,
1363 1868 1409 1902 ut
1438 1862 1515 1901 sibi
1538 1863 1713 1902 videtur.
1757 1862 1845 1909 Ait,
1876 1874 1973 1914 pro-

226 1929 318 1977 pter
347 1924 437 1977 ipsa
467 1924 544 1963 Hs
568 1935 671 1962 1000.
716 1924 872 1970 Video,
904 1924 976 1963 sed
997 1929 1156 1971 tamen,
1187 1937 1260 1963 cur
1282 1924 1373 1976 ipsa
1394 1924 1471 1964 Hs
1493 1936 1584 1962 1000
1606 1929 1687 1963 tam
1708 1924 1974 1964 vehementer

225 1985 504 2039 concupierit,
545 1998 715 2039 quaero.
774 1987 877 2025 Nam
907 1985 1004 2034 tibi,
1036 1988 1089 2026 M.
1120 1988 1358 2039 Perpenna,
1391 1986 1433 2026 C.
1464 1987 1582 2034 Piso,
1614 1992 1724 2027 certe
1755 1987 1858 2026 tanti
1886 1999 1971 2026 non

223 2048 422 2096 fuissent,
451 2052 498 2087 ut
518 2048 678 2088 socium
697 2047 958 2088 fraudaretis.
1006 2048 1156 2088 Roscio
1179 2062 1252 2088 cur
1273 2048 1376 2088 tanti
1398 2048 1570 2096 fuerint,
1602 2062 1767 2089 causam
1788 2048 1971 2102 requiro.

224 2111 410 2163 Egebat?
450 2111 580 2150 Immo
618 2110 806 2164 locuples
845 2115 946 2150 erat.
1005 2111 1223 2151 Debebat?
1268 2112 1397 2150 Immo
1435 2111 1478 2150 in
1509 2112 1594 2151 suis
1626 2112 1805 2151 nummis
1834 2123 1973 2151 versa-

174 2187 210 2217 30
223 2172 356 2212 batur.
409 2173 568 2212 Avarus
599 2174 716 2211 erat?
761 2172 891 2212 Immo
923 2173 1047 2212 etiam
1077 2177 1172 2212 ante
1203 2185 1327 2225 quam
1359 2173 1544 2226 locuples
1575 2186 1739 2226 semper
1769 2172 1972 2213 liberalis-

224 2235 352 2274 simus
390 2232 886 2288 munificentissimusque
927 2235 1018 2274 suit.
1085 2233 1152 2273 ⁰23.
1192 2235 1269 2274 Pro
1321 2236 1443 2274 deum
1484 2235 1787 2289 hominumque
1826 2233 1970 2275 fidem!

225 2297 296 2350 qui
338 2296 415 2337 Hs
447 2309 614 2334 0001333
651 2310 819 2335 0001333
850 2310 1017 2335 0001333
1049 2303 1246 2351 quaestus
1282 2297 1418 2336 facere
1449 2298 1583 2337 noluit
1614 2295 1721 2349 (nam
1752 2303 1860 2338 certe
1893 2296 1970 2337 HS

224 2371 390 2397 0001333
427 2371 594 2397 0001333
626 2372 793 2398 0001333
824 2373 981 2399 merere
1013 2365 1053 2399 et
1089 2360 1226 2412 potuit
1256 2364 1297 2399 et
1327 2360 1491 2407 debuit,
1532 2360 1566 2399 si
1605 2367 1743 2413 potest
1772 2360 1972 2414 Dionysia

224 2421 302 2462 Hs
324 2432 492 2459 0001333
522 2434 689 2460 0001333
721 2421 915 2474 merere),
946 2423 980 2461 is
1013 2435 1086 2474 per
1107 2435 1307 2461 summam
1330 2421 1516 2461 fraudem
1539 2428 1580 2462 et
1598 2423 1795 2462 malitiam
1817 2428 1858 2462 et
1878 2435 1970 2474 per-

174 2498 210 2527 35
225 2482 363 2524 fidiam
395 2484 472 2524 Hs
504 2497 594 2522 1000
626 2485 827 2538 appetiit?
879 2485 932 2524 Et
971 2484 1042 2523 illa
1071 2484 1150 2524 fuit
1179 2484 1356 2537 pecunia
1386 2485 1600 2532 immanis,
1641 2485 1744 2524 haec
1775 2484 1969 2537 parvula;

224 2546 296 2587 illa
323 2547 522 2595 honesta,
552 2547 654 2587 haec
686 2547 877 2595 sordida;
909 2546 980 2586 illa
1006 2546 1204 2595 iucunda,
1235 2546 1337 2587 haec
1358 2548 1526 2595 acerba3
1558 2548 1627 2587 illa
1648 2547 1839 2601 propria,
1868 2546 1969 2587 haec

310 2726 341 2758 2.
368 2725 423 2765 qui
445 2728 620 2764 utrumque
641 2725 742 2756 nostis
764 2733 844 2756 cum
862 2725 1054 2757 Hotomano
1072 2725 1106 2756 L.
1129 2743 1164 2747 —
1191 2724 1221 2756 3.
1247 2724 1393 2764 conferre
1415 2735 1439 2756 α
1453 2726 1494 2756 M.
1516 2742 1549 2747 —
1576 2726 1606 2756 5.
1626 2734 1691 2756 uon
1708 2726 1733 2757 G
1747 2725 1839 2757 MA:
1863 2733 1970 2756 nonne

224 2782 304 2805 cum
320 2775 452 2805 Iuntina
472 2773 570 2808 Leo.
598 2773 647 2805 Cf.
673 2774 870 2815 Zumptium
895 2773 938 2805 ad
954 2774 1088 2805 Verrin.
1114 2783 1147 2815 p.
1168 2774 1240 2806 783.
1261 2776 1346 2805 extr.
1369 2792 1402 2796 -
1428 2775 1458 2805 7.
1483 2775 1648 2806 videretur
1664 2776 1746 2807 MA.
1765 2791 1799 2797 —
1819 2775 1850 2806 8.
1875 2783 1970 2806 rasus

224 2823 327 2864 (quod
352 2824 498 2854 coniecit
522 2823 710 2863 Ernestius>
728 2834 763 2855 α.
785 2842 820 2846 -
848 2824 898 2855 42.
925 2824 1086 2855 luculenta
1102 2826 1140 2855 A.
1162 2842 1196 2845 —-
1221 2823 1325 2864 huius]
1350 2824 1442 2854 istius
1460 2823 1622 2856 Halmius.
1646 2843 1680 2847 —
1707 2824 1758 2856 44.
1783 2824 1863 2855 mihi
1883 2825 1970 2856 vide-

222 2876 277 2904 tur
291 2883 316 2903 α
329 2874 354 2903 G
368 2874 399 2904 M
411 2874 455 2911 A,
480 2882 544 2904 'non
560 2874 686 2904 videtur
703 2874 742 2911 F,
768 2883 833 2904 non
848 2874 926 2904 mihi
941 2874 1068 2904 videtur
1084 2874 1234 2912 Iuntina,
1259 2873 1338 2904 nihil
1359 2882 1479 2904 causac
1494 2874 1621 2904 videtur
1637 2873 1867 2911 Guilielmius,
1891 2873 1969 2904 lmihi

220 2923 301 2954 nihil
321 2923 448 2953 videtur
470 2922 618 2954 Klotzius
636 2922 691 2954 ed.
711 2922 766 2954 alt.
795 2923 843 2954 Cf.
872 2925 1081 2963 interpretes
1106 2923 1149 2953 ad
1174 2923 1243 2954 Liv.
1268 2923 1320 2960 025,
1346 2923 1376 2954 7.
1403 2923 1496 2963 (nihil
1517 2925 1644 2955 videtur
1668 2925 1734 2955 iam
1758 2922 1903 2962 Aldina.)
1930 2938 1966 2945 ——

221 2972 304 3003 hunc
326 2972 462 3003 imiteris
484 2973 517 3002 in
540 2973 577 3003 A.
607 2988 642 2994 —
675 2972 725 3004 48.
751 2973 893 3004 avidum.
930 2972 1117 3004 Incredibile
1140 2976 1194 3004 εει.
1232 2973 1501 3011 quemadmodum
1524 2972 1568 3006 Ως
1595 2972 1752 3004 avidum?
1785 2971 1969 3004 incredibile

221 3025 275 3053 esl.
302 3022 573 3061 quemadmodum
596 3022 637 3059 L,
663 3022 808 3053 avidum.
832 3022 1020 3053 Incredibile
1043 3025 1104 3061 esc,
1129 3022 1399 3062 quemadmodum
1422 3023 1446 3053 A
1462 3023 1541 3053 O.—
1569 3023 1619 3053 49.
1645 3026 1757 3054 utrum
1779 3031 1822 3054 ex
1842 3022 1968 3053 utrius-

222 3079 282 3110 que
304 3072 351 3110 A,
375 3074 487 3102 utrum
509 3074 537 3102 el
559 3072 727 3110 utriusque
742 3073 785 3103 Μ.
808 3090 841 3094 -
867 3073 919 3103 24.
937 3072 1021 3112 cum]
1047 3075 1115 3102 lum
1131 3082 1166 3103 α.
1188 3089 1223 3094 -
1248 3071 1402 3111 arquitur
1417 3081 1442 3101 α
1464 3074 1497 3103 et
1513 3080 1580 3111 mg.
1602 3070 1633 3105 ξ’.
1659 3089 1693 3095 -
1718 3072 1771 3103 23.
1794 3080 1854 3111 per
1877 3071 1969 3101 bom·-

221 3123 320 3151 latem
342 3120 531 3151 Manutius:
553 3129 614 3159 per
635 3129 667 3151 se
690 3120 830 3151 bonitate
853 3129 933 3152 cum
957 3120 1136 3153 codicibus
1152 3120 1263 3160 Asso,
1283 3128 1346 3160 per
1367 3129 1460 3151 suam
1483 3121 1656 3152 bonitatem
1679 3128 1759 3151 cum
1776 3120 1967 3151 Hotomano

224 3169 259 3200 L.
282 3187 316 3192 —
341 3168 394 3201 24.
421 3170 457 3208 Q.
476 3170 606 3201 Roscius
620 3186 698 3192 --—
712 3171 785 3209 ipsa
799 3170 853 3201 HS
866 3177 938 3202 10³0
963 3178 1032 3201 om.
1051 3171 1083 3202 M
1092 3172 1129 3202 A.
1151 3187 1187 3193 —
1212 3170 1265 3201 25.
1285 3169 1434 3200 Subi-{det
1456 3170 1619 3200 Saturius.
1650 3170 1826 3207 Veterator,
1850 3171 1887 3199 ul
1908 3167 1968 3198 sibi

222 3218 365 3256 videtur,
401 3219 448 3249 ail
472 3219 505 3250 F.
534 3236 569 3241 —-
594 3219 647 3250 26.
673 3223 741 3250 tam
767 3228 837 3251 om.
864 3222 901 3251 Α.
930 3237 965 3243 —
990 3220 1042 3251 ⁶27.
1069 3220 1102 3252 C.
1127 3221 1198 3251 Piso
1220 3220 1266 3251 M.
1290 3220 1454 3259 Perperna
1478 3228 1545 3259 mg.
1571 3218 1603 3252 Β.
1630 3219 1680 3250 De
1703 3218 1873 3258 scriptura
1895 3215 1963 3248 vid.

224 3267 268 3299 ad
292 3276 324 3309 p.
343 3267 396 3300 74.
414 3277 447 3300 v.
466 3269 517 3300 43.
532 3286 566 3290 »-
592 3268 644 3300 28.
668 3269 779 3309 fuisset
793 3287 811 3292 —
826 3269 957 3310 -fuerit
979 3279 1003 3300 α
1017 3271 1042 3300 G
1055 3270 1081 3301 Α
1094 3269 1127 3308 Β,
1152 3270 1215 3310 fuit
1228 3268 1386 3308 --fuerit
1409 3269 1451 3299 M.
1472 3268 1687 3308 (Emendavit
1702 3265 1908 3305 Turnebus.)
1928 3282 1963 3288 -

224 3318 277 3349 29.
302 3318 368 3349 suis
388 3319 539 3361 nummis]
562 3319 696 3350 summis
717 3320 784 3350 suis
798 3330 843 3358 α,
868 3320 934 3351 suis
955 3320 1088 3351 summis
1104 3322 1129 3351 G
1143 3320 1224 3352 MA.
1255 3317 1459 3350 Emendavit
1481 3317 1681 3357 Naugerius.
1714 3315 1763 3347 Cf.
1782 3315 1880 3346 Veri.
1898 3315 1966 3346 Ac-

226 3375 301 3400 cus.
316 3367 349 3408 4,
367 3368 399 3409 6,
417 3369 470 3402 Μ.
491 3385 526 3393 -
552 3368 606 3402 30.
622 3369 762 3410 locuples
774 3372 853 3403 esset
865 3377 990 3410 semper
1005 3368 1212 3402 Halmius.—-
1227 3367 1280 3401 3⁴.
1297 3367 1403 3409 deum]
1420 3367 1554 3400 deorum
1566 3367 1607 3399 A.
1623 3383 1659 3389 —-
1676 3365 1730 3399 35.
1748 3365 1869 3406 appetit
1883 3364 1963 3397 MA.
