2143 3713
210 208 290 250 386
683 208 738 248 ΙΝ
766 206 985 247 VERREM
1013 204 1172 247 ACTIO
1204 205 1446 247 SECUNDA

212 335 283 363 eos
314 322 403 362 sine
425 319 590 360 consilii
611 320 817 360 sententia
839 332 913 358 sua
935 322 1082 372 sponte
1104 318 1217 358 omni
1239 317 1446 371 supplicio
1468 315 1671 356 liberavit.
1715 312 1783 355 49.
1814 314 1953 364 Quid?

209 384 243 424 si
273 382 432 436 aliquid
462 382 512 422 ab
540 381 767 435 Apollonio
804 381 1072 421 commissum
1104 385 1185 427 est,
1217 394 1340 434 quam
1362 380 1413 420 ob
1435 393 1520 419 rem
1550 379 1593 418 in
1624 391 1718 418 eum
1746 378 1837 418 iure
1867 378 1954 417 ani-

208 445 553 486 madverteretur:
592 448 784 484 tamenne
825 443 935 483 hanc
974 456 1059 481 rem
1091 442 1150 481 sic
1180 455 1370 495 agemus,
1409 448 1453 481 ut
1484 440 1644 480 crimini
1675 444 1746 480 aut
1774 439 1954 479 invidiae

207 520 278 547 reo
309 511 501 560 putemus
532 519 622 546 esse
654 510 860 558 oportere,
891 505 925 543 si
957 517 1040 558 quo
1073 504 1123 543 de
1144 503 1313 544 homine
1337 504 1522 544 severius
1543 501 1814 542 iudicaverit?
1861 502 1955 540 Non

180 577 326 623 sagam
356 574 440 610 tam
469 569 637 609 acerbe:
676 582 761 608 non
798 573 890 607 utar
918 567 997 606 ista
1035 566 1290 605 accusatoria
1332 564 1655 610 consuetudine,
1697 563 1730 603 si
1762 562 1864 616 quid
1894 567 1983 604 est,

206 631 362 673 factum
391 632 635 678 clementer,
672 635 719 669 ut
749 629 950 669 dissolute
980 626 1134 666 factum
1165 628 1376 675 criminer-3
1414 628 1447 667 si
1480 626 1580 680 quid
1613 625 1864 665 vindicatum
1895 630 1958 665 est

208 707 363 742 severe,
393 700 440 734 ut
470 707 521 734 ex
552 706 600 733 eo
632 691 888 732 crudelitatis
918 689 1117 730 invidiam
1148 689 1351 742 colligam.
1396 691 1489 729 Non
1519 702 1636 741 agani
1666 688 1745 727 ista
1774 688 1957 727 ratione:

208 763 278 798 tua
308 770 459 811 sequar
487 755 661 801 iudicia,
693 760 803 794 tuam
835 752 1055 792 defendam
1086 752 1394 799 auctoritatem,
1427 752 1563 805 quoad
1595 757 1639 790 tu
1669 750 1806 798 voles3
1836 747 1959 789 simul

208 832 256 859 ac
284 824 372 859 tute
404 817 591 871 coeperis
621 822 691 856 tua
728 815 883 855 iudicia
912 813 1170 860 rescindere,
1211 813 1312 853 mihi
1343 826 1583 853 suscensere
1615 812 1806 851 desinito.
1865 811 1958 850 Meo

162 881 297 921 aoiure
338 881 448 920 enim
486 878 736 919 contendam
778 891 897 924 eum,
944 877 1015 930 qui
1056 888 1130 915 suo
1171 875 1322 916 iudicio
1361 877 1576 915 damnatus
1618 876 1690 921 sit,
1730 874 1960 914 iuratorum

207 943 391 984 iudicum
423 941 637 982 sententiis
668 939 855 980 damnari
887 944 1091 992 oportere.
1152 935 1217 976 ⁶20.
1249 938 1341 976 Non
1371 937 1590 977 defendam
1621 935 1834 989 Apollonii
1867 947 1961 975 cau-

209 1018 320 1051 sam,
365 1002 486 1043 amici
524 1007 650 1055 atque
688 1001 865 1053 hospitis
907 1001 1010 1047 mei,
1051 1013 1102 1039 ne
1142 1005 1257 1038 tuum
1297 999 1497 1039 iudicium
1526 999 1670 1038 videar
1699 997 1959 1037 rescindere:

208 1066 313 1106 nihil
355 1066 406 1105 de
445 1064 626 1104 hominis
667 1063 926 1117 frugalitate,
965 1063 1136 1109 virtute,
1178 1061 1393 1113 diligentia
1433 1062 1590 1100 dicam:
1635 1060 1960 1113 praetermittam

208 1128 315 1168 illud
346 1129 484 1174 etiam,
516 1126 567 1166 de
599 1139 682 1179 quo
713 1131 808 1165 ante
840 1125 940 1172 dixi,
970 1124 1160 1163 fortunas
1182 1123 1271 1163 eius
1294 1123 1350 1162 ita
1372 1123 1617 1163 constitutas
1638 1121 1769 1161 fuisse
1790 1120 1960 1166 familia,

162 1197 382 1244 ⁴5pecore,
422 1188 553 1236 villis,
595 1188 785 1241 pecuniis
824 1187 1013 1233 creditis,
1054 1190 1100 1224 ut
1139 1184 1295 1224 nemini
1337 1184 1472 1224 minus
1513 1183 1728 1236 expediret
1757 1183 1888 1221 ullum
1918 1182 1961 1221 in

209 1252 353 1292 Sicilia
380 1250 605 1290 tumultum
636 1256 705 1290 aut
742 1246 897 1289 bellum
928 1248 1198 1288 commoveri:
1239 1260 1322 1287 non
1362 1247 1496 1286 dicam
1536 1260 1587 1285 ne
1627 1244 1729 1285 illud
1776 1244 1961 1298 quidem,

209 1316 243 1356 si
274 1314 453 1355 maxime
484 1314 527 1353 in
559 1313 680 1366 culpa
708 1312 833 1352 fuerit
861 1310 1132 1365 Apollonius,
1164 1314 1301 1348 tamen
1332 1309 1374 1347 in
1403 1309 1613 1348 hominem
1644 1307 1962 1347 honestissimae

208 1376 388 1418 civitatis
418 1375 760 1415 honestissimum
791 1379 873 1414 tam
906 1373 1086 1426 graviter
1116 1370 1387 1410 animadverti
1420 1384 1543 1410 causa
1563 1370 1716 1409 indicta
1736 1383 1821 1409 non
1842 1381 1963 1421 opor-

207 1440 352 1481 tuisse.
410 1434 476 1477 2‘1.
516 1436 680 1477 Nullam
712 1438 754 1476 in
785 1441 825 1476 te
856 1434 1053 1475 invidiam
1085 1447 1136 1473 ne
1168 1446 1220 1472 ex
1252 1433 1334 1472 illis
1376 1433 1546 1486 quidem
1577 1432 1699 1471 rebus
1731 1431 1963 1477 concitabo,

161 1509 304 1542 mcum
342 1503 451 1540 esset
488 1498 582 1539 talis
620 1499 682 1539 vir
712 1499 754 1538 in
786 1510 971 1543 carcere,
1014 1497 1058 1535 in
1098 1495 1300 1542 tenebris,
1339 1495 1382 1535 in
1421 1495 1636 1548 squalore,
1675 1494 1719 1532 in
1759 1493 1964 1538 sordibus,

208 1562 435 1617 tyrannicis
464 1561 697 1600 interdictis
728 1561 810 1600 tuis
841 1559 948 1613 patri
980 1563 1125 1598 exacta
1155 1562 1287 1597 aetate
1320 1562 1361 1596 et
1391 1556 1645 1596 adolescenti
1676 1553 1762 1595 filio
1784 1555 1965 1595 adeundi

209 1626 260 1667 ad
291 1625 409 1665 illum
439 1623 636 1662 miserum
665 1626 915 1675 potestatem
946 1632 1173 1672 numquam
1205 1632 1295 1658 esse
1325 1617 1488 1657 factam.
1537 1618 1672 1657 Etiam
1703 1618 1806 1657 illud
1847 1630 1967 1670 prae-

207 1688 365 1735 teribo,
413 1686 763 1739 quotiescumque
805 1684 1053 1722 Panormum
1087 1680 1250 1720 veneris
1291 1680 1364 1719 illo
1405 1693 1514 1720 anno
1546 1685 1588 1719 et
1627 1693 1701 1719 sex
1741 1679 1966 1726 mensibus,

210 1748 316 1803 (nam
349 1754 431 1788 tam
464 1747 535 1786 diu
564 1746 644 1786 fuit
673 1745 925 1798 Apollonius
956 1745 998 1784 in
1031 1741 1221 1795 carcere,)
1264 1742 1386 1782 toties
1417 1748 1457 1781 te
1494 1746 1681 1781 senatum
1712 1741 1967 1781 Panormita·

161 1822 307 1851 25num
337 1809 475 1850 adisse
506 1808 737 1861 supplicem
769 1821 860 1846 cum
892 1806 1198 1859 magistratibus
1230 1804 1601 1856 sacerdotibusque
1622 1803 1816 1855 publicis,
1848 1816 1968 1843 oran-

212 1879 295 1914 tem
324 1878 449 1926 atque
481 1871 790 1916 obsecrantem,
823 1874 868 1908 ut
897 1868 1124 1922 aliquando
1156 1867 1227 1906 ille
1258 1868 1382 1906 miser
1412 1871 1537 1919 atque
1568 1867 1769 1905 innocens
1801 1865 1968 1905 calami-

211 1942 293 1977 tate
330 1935 404 1975 illa
441 1933 701 1973 liberaretur.
768 1932 976 1984 Relinque
1017 1931 1119 1970 haec
1160 1930 1319 1970 omnia:
1366 1942 1474 1983 quae
1515 1929 1549 1968 si
1589 1927 1713 1968 velim
1758 1927 1969 1981 persequi,

209 1998 331 2039 facile
363 1994 580 2038 ostendam
609 2000 682 2034 tua
712 1994 955 2035 crudelitate
995 1993 1038 2032 in
1074 1992 1178 2032 alios
1211 2005 1355 2031 omnes
1387 1991 1462 2030 tibi
1493 1990 1629 2030 aditus
1660 1990 1969 2031 misericordiae

210 2061 394 2102 iudicum
425 2060 507 2099 iam
536 2057 700 2110 pridem
733 2069 822 2096 esse
854 2056 1106 2109 praeclusos.
1158 2055 1229 2093 IX.
1260 2052 1326 2093 22.
1358 2053 1509 2093 Omnia
1539 2053 1612 2092 tibi
1643 2052 1723 2092 ista
1745 2052 1971 2092 concedam

162 2134 198 2164 30
212 2129 254 2164 et
282 2122 502 2163 remittam.
560 2119 764 2159 Provideo
798 2119 921 2166 enim,
954 2118 1054 2171 quid
1085 2118 1137 2156 sit
1168 2117 1415 2156 defensurus
1445 2115 1706 2155 Hortensius.
1762 2115 1973 2156 Fatebitur

213 2186 323 2238 apud
362 2185 487 2224 istum
526 2195 663 2235 neque
705 2186 960 2221 senectutem
1002 2181 1129 2233 patris
1173 2192 1311 2231 neque
1352 2178 1677 2217 adolescentiam
1718 2178 1794 2217 filii
1833 2190 1971 2231 neque

213 2246 402 2287 lacrimas
432 2245 651 2296 utriusque
681 2244 775 2296 plus
806 2243 987 2282 valuisse
1019 2255 1141 2294 quam
1174 2241 1393 2280 utilitatem
1426 2240 1683 2292 salutemque
1710 2240 1972 2292 provinciae:

214 2309 322 2349 dicet
362 2320 450 2347 rem
488 2306 698 2359 publicam
737 2305 1017 2345 administrari
1065 2304 1154 2343 sine
1194 2308 1306 2342 metu
1346 2316 1392 2341 ac
1433 2302 1652 2341 severitate
1694 2314 1781 2341 non
1825 2314 1971 2355 posse:

214 2374 411 2424 quaeret,
443 2382 567 2421 quam
589 2368 641 2408 ob
663 2381 750 2407 rem
779 2367 910 2407 fasces
932 2366 1196 2419 praetoribus
1217 2365 1525 2418 praeferantur,
1557 2376 1628 2403 cur
1651 2378 1817 2404 secures
1839 2364 1973 2414 datae,

165 2445 201 2474 35
217 2447 289 2474 cur
320 2444 458 2472 carcer
487 2428 741 2477 aedificatus,
773 2442 845 2468 cur
877 2434 936 2468 tot
966 2428 1171 2481 supplicia
1201 2428 1283 2467 sint
1313 2428 1357 2466 in
1387 2426 1597 2480 improbos
1628 2438 1740 2465 more
1770 2425 1975 2466 maiorum

216 2495 470 2535 constituta?
532 2492 648 2541 Quae
680 2505 773 2532 curn
804 2490 943 2531 omnia
973 2490 1151 2542 graviter
1181 2502 1408 2542 severeque
1440 2488 1612 2535 dixerit,
1652 2500 1871 2541 quaeram,
1902 2499 1975 2526 cur

215 2558 327 2598 hunc
368 2556 545 2596 eundem
581 2553 851 2607 Apollonium
895 2553 1045 2592 Verres
1083 2552 1193 2592 idem
1224 2557 1415 2605 repente,
1455 2551 1569 2590 nulla
1608 2563 1652 2590 re
1692 2563 1801 2590 nova
1837 2548 1974 2596 allata,

216 2619 331 2660 nulla
368 2618 636 2665 defensione,
677 2616 766 2656 sine
809 2628 932 2655 causa
970 2615 1021 2654 de
1052 2627 1214 2654 carcere
1246 2614 1377 2654 emitti
1407 2613 1600 2653 iusserit?
1645 2617 1888 2666 tantumque
1930 2611 1975 2651 in

304 2823 335 2854 2.
362 2821 403 2853 ab
425 2821 484 2861 Ap.
511 2820 637 2859 aliquid
661 2819 743 2851 dett.
771 2819 808 2850 Ο.
830 2835 864 2840 -
885 2827 1000 2849 comm.
1027 2821 1104 2849 esset
1128 2818 1231 2857 Lagg.
1251 2834 1286 2838 -
1306 2817 1378 2847 iure
1400 2816 1434 2846 in
1457 2824 1530 2847 eum
1555 2815 1600 2846 03
1625 2815 1709 2847 dett.
1731 2816 1767 2847 Ο.
1789 2833 1823 2838 -
1843 2814 1873 2847 4.
1892 2814 1977 2845 iudi-

220 2876 310 2904 caret
332 2871 440 2912 Lg29;
465 2870 623 2901 iudicavit
647 2869 731 2900 dett.
759 2869 795 2899 O.
824 2885 858 2889 ——
886 2868 916 2899 5
943 2868 969 2898 si
994 2868 1078 2907 quod
1103 2868 1204 2907 [ἃς-73.
1230 2868 1369 2907 praeter
1394 2865 1445 2896 42.
1466 2882 1500 2886 -—
1521 2866 1552 2897 7.
1578 2874 1684 2897 severe
1707 2868 1751 2896 est
1775 2864 1858 2896 dett.
1878 2864 1915 2896 Ο.
1938 2881 1973 2886 -

221 2924 251 2955 9.
270 2930 450 2954 suscensere
466 2921 508 2951 R:
534 2927 718 2950 succensere
735 2919 771 2949 Ο,
786 2935 820 2939 -
842 2919 893 2949 40.
912 2918 983 2948 inre
1006 2918 1091 2949 enim
1108 2917 1131 2947 Γ.
1147 2918 1167 2947 S
1186 2917 1287 2956 Lagg.
1307 2924 1446 2946 omncs:
1475 2916 1557 2946 enim
1575 2916 1646 2947 iure
1662 2916 1720 2947 ett.
1740 2915 1777 2945 O.
1794 2931 1831 2937 —
1857 2914 1976 2945 conde-

220 2976 352 3004 mnatus
368 2971 453 3003 dett.
473 2970 510 3001 O.
532 2987 565 2990 —
588 2969 638 2999 Μ.
657 2968 814 2999 iudicium
830 2968 866 2998 R.
888 2984 924 2989 —
942 2966 1092 3005 Apolloni
1109 2967 1145 2997 R.
1161 2983 1196 2988 -
1215 2966 1265 2997 43.
1283 2965 1487 3004 frmqalae'lczlis
1507 2966 1542 2995 R.
1561 2982 1597 2987 —
1625 2963 1675 2996 lli.
1699 2967 1774 2995 ante
1788 2963 1852 2995 Ra:
1878 2967 1977 2995 antea

223 3022 306 3054 dett.
332 3022 369 3053 O.
389 3037 424 3043 —
445 3020 497 3051 47.
521 3019 619 3058 fuerit
642 3018 673 3049 in
699 3019 797 3057 culpa
821 3017 921 3057 Lg29.
943 3034 977 3037 —-
996 3017 1069 3047 Ιιοη.
1096 3017 1157 3046 civ.
1183 3013 1316 3054 honest]
1341 3014 1540 3044 l1o›2es‹inzc1e
1561 3013 1732 3044 maximae
1754 3013 1842 3044 civit.
1867 3013 1978 3045 hones-

222 3073 340 3102 simum
362 3071 405 3107 R;
432 3068 648 3100 honestissime
670 3069 816 3098 inarime
832 3068 893 3098 civ.
911 3067 1031 3098 honest.
1051 3067 1117 3103 (3533
1142 3066 1396 3097 honestissimum
1415 3065 1502 3095 civit.
1520 3064 1759 3095 honestissimae
1775 3061 1859 3093 dett.
1879 3062 1916 3093 Ο.
1938 3078 1972 3083 -

224 3121 275 3152 48.
303 3119 493 3160 oportuisset
517 3119 554 3148 R.
583 3134 616 3137 —
647 3117 697 3147 19.
731 3117 888 3147 invidiam
918 3117 949 3146 in
976 3120 1004 3147 lc
1034 3116 1118 3146 dett.
1146 3116 1180 3146 Ο.
1212 3133 1247 3136 —
1275 3116 1325 3145 23.
1352 3115 1636 3152 ‹suole'enscumquc
1658 3113 1695 3143 11.
1723 3129 1756 3133 —-
1784 3115 1812 3143 ct
1835 3111 1904 3152 sear]
1934 3120 1978 3143 ea:

223 3179 281 3202 sex
304 3171 329 3201 R
354 3170 419 3206 <3⁴3
446 3176 488 3199 ea:
511 3167 557 3197 (³2
582 3166 642 3198 Ld.
671 3183 705 3188 ——
733 3166 786 3198 ⁶24.
813 3168 844 3197 in
870 3174 1002 3197 carcerc
1017 3166 1076 3203 Ap.
1096 3164 1179 3195 dett.
1200 3165 1236 3194 t).
1259 3181 1293 3186 —
1314 3167 1341 3194 te
1359 3164 1422 3194 1³3:
1449 3164 1491 3193 acl
1508 3167 1536 3194 te
1553 3162 1637 3193 dett.
1658 3163 1694 3193 Ο.
1716 3179 1749 3183 —
1770 3162 1822 3193 25.
1839 3161 1977 3201 publicis

225 3228 294 3250 om.
320 3218 422 3259 Lga9.
451 3235 485 3239 —
513 3217 566 3248 ΕΠ.
591 3217 777 3255 relinquam
801 3216 885 3247 dett.
911 3216 947 3247 O.
968 3233 1002 3237 —-
1030 3217 1085 3250 ⁶28,
1110 3215 1222 3245 aditur
1245 3214 1281 3244 R.
1303 3231 1337 3234 —
1360 3214 1412 3244 29.
1439 3212 1494 3243 tibi
1518 3213 1564 3244 1z3
1588 3211 1609 3242 λ
1632 3212 1738 3251 1:529:
1764 3211 1867 3252 igitur
1889 3210 1974 3242 dett.

226 3269 264 3299 0.
292 3286 326 3290 ——
354 3268 405 3300 30.
435 3267 590 3307 provideo
615 3266 661 3297 R3
685 3265 722 3305 λ,
754 3266 808 3297 alii
841 3267 889 3306 (ut
912 3275 945 3306 p.
972 3266 1058 3296 Mur.
1087 3264 1116 3305 g.
1143 3264 1173 3296 4.
1195 3263 1387 3303 pror-idere,
1422 3263 1500 3301 quid
1521 3263 1671 3302 futurum
1694 3261 1764 3301 sity:
1798 3260 1976 3302 praevideo

227 3316 316 3357 Lg48
340 3317 378 3350 O.
405 3332 440 3340 --
466 3316 518 3349 33.
544 3316 621 3348 dicit
643 3316 669 3347 R
693 3317 740 3347 ‹32
764 3315 824 3347 Ld.
854 3331 889 3337 -
916 3315 968 3346 37.
1000 3315 1086 3346 idem
1114 3314 1224 3345 l'erres
1251 3312 1353 3353 Lges.
1381 3329 1415 3334 -
1441 3320 1528 3343 nova
1549 3319 1586 3344 re
1616 3310 1700 3343 dett.
1727 3312 1765 3343 O.
