<?xml version="1.0" encoding="UTF-8"?>
<!DOCTYPE html PUBLIC "-//W3C//DTD XHTML 1.0 Transitional//EN"
    "http://www.w3.org/TR/xhtml1/DTD/xhtml1-transitional.dtd">
<html xmlns="http://www.w3.org/1999/xhtml" xml:lang="en" lang="en">
 <head>
  <title>
</title>
<meta http-equiv="Content-Type" content="text/html;charset=utf-8" />
  <meta name='ocr-system' content='tesseract 3.04.00' />
  <meta name='ocr-capabilities' content='ocr_page ocr_carea ocr_par ocr_line ocrx_word'/>
</head>
<body>
  <div class='ocr_page' id='page_1' title='image "./p1operaquaesupersu02ciceuoft_0492.png"; bbox 0 0 2143 3713; ppageno 0'>
   <div class='ocr_carea' id='block_1_1' title="bbox 190 214 1409 259">
    <p class='ocr_par' dir='ltr' id='par_1_1' title="bbox 190 214 1409 259">
     <span class='ocr_line' id='line_1_1' title="bbox 190 214 1409 259; baseline 0.002 -3"><span class='ocrx_word' id='word_1_1' title='bbox 190 214 271 256; x_wconf 74' lang='lat'>476</span> <span class='ocrx_word' id='word_1_2' title='bbox 731 214 929 257; x_wconf 90' lang='lat' dir='ltr'><strong>ORATIO</strong></span> <span class='ocrx_word' id='word_1_3' title='bbox 960 216 1063 257; x_wconf 91' lang='lat' dir='ltr'>PRN</span> <span class='ocrx_word' id='word_1_4' title='bbox 1091 216 1146 257; x_wconf 91' lang='lat' dir='ltr'>M.</span> <span class='ocrx_word' id='word_1_5' title='bbox 1175 217 1409 259; x_wconf 90' lang='lat' dir='ltr'><strong>FONTEIO</strong></span> 
     </span>
    </p>
   </div>
   <div class='ocr_carea' id='block_1_2' title="bbox 140 327 1946 2864">
    <p class='ocr_par' dir='ltr' id='par_1_2' title="bbox 140 327 1946 2864">
     <span class='ocr_line' id='line_1_2' title="bbox 189 327 1936 382; baseline 0.002 -14"><span class='ocrx_word' id='word_1_6' title='bbox 189 329 293 368; x_wconf 86' lang='lat' dir='ltr'>sima</span> <span class='ocrx_word' id='word_1_7' title='bbox 329 327 485 367; x_wconf 84' lang='lat' dir='ltr'>auxilia</span> <span class='ocrx_word' id='word_1_8' title='bbox 525 331 754 367; x_wconf 89' lang='lat' dir='ltr'>sumuntur.</span> <span class='ocrx_word' id='word_1_9' title='bbox 818 328 942 367; x_wconf 82' lang='lat' dir='ltr'>Venit</span> <span class='ocrx_word' id='word_1_10' title='bbox 980 327 1077 367; x_wconf 89' lang='lat' dir='ltr'>huic</span> <span class='ocrx_word' id='word_1_11' title='bbox 1117 328 1323 378; x_wconf 89' lang='lat' dir='ltr'>subsidio,</span> <span class='ocrx_word' id='word_1_12' title='bbox 1368 330 1520 370; x_wconf 88' lang='lat' dir='ltr'>misero</span> <span class='ocrx_word' id='word_1_13' title='bbox 1552 333 1673 382; x_wconf 90' lang='lat' dir='ltr'>atque</span> <span class='ocrx_word' id='word_1_14' title='bbox 1705 330 1936 379; x_wconf 83' lang='lat' dir='ltr'>innocenti,</span> 
     </span>
     <span class='ocr_line' id='line_1_3' title="bbox 188 389 1937 445; baseline 0.002 -16"><span class='ocrx_word' id='word_1_15' title='bbox 188 389 507 429; x_wconf 85' lang='lat' dir='ltr'>Massiliensium</span> <span class='ocrx_word' id='word_1_16' title='bbox 545 394 693 429; x_wconf 88' lang='lat' dir='ltr'>cuncta</span> <span class='ocrx_word' id='word_1_17' title='bbox 732 390 896 436; x_wconf 80' lang='lat' dir='ltr'>civitas,</span> <span class='ocrx_word' id='word_1_18' title='bbox 941 402 1047 442; x_wconf 89' lang='lat' dir='ltr'>quae</span> <span class='ocrx_word' id='word_1_19' title='bbox 1087 403 1169 429; x_wconf 91' lang='lat' dir='ltr'>non</span> <span class='ocrx_word' id='word_1_20' title='bbox 1201 392 1333 431; x_wconf 87' lang='lat' dir='ltr'>solum</span> <span class='ocrx_word' id='word_1_21' title='bbox 1367 393 1417 431; x_wconf 90' lang='lat' dir='ltr'>ob</span> <span class='ocrx_word' id='word_1_22' title='bbox 1450 406 1539 431; x_wconf 86' lang='lat' dir='ltr'>eam</span> <span class='ocrx_word' id='word_1_23' title='bbox 1570 404 1733 431; x_wconf 85' lang='lat' dir='ltr'>causam</span> <span class='ocrx_word' id='word_1_24' title='bbox 1765 392 1937 445; x_wconf 86' lang='lat' dir='ltr'>laborat,</span> 
     </span>
     <span class='ocr_line' id='line_1_4' title="bbox 187 451 1938 524; baseline 0.002 -33"><span class='ocrx_word' id='word_1_25' title='bbox 187 456 234 491; x_wconf 81' lang='lat' dir='ltr'>ut</span> <span class='ocrx_word' id='word_1_26' title='bbox 269 451 386 498; x_wconf 88' lang='lat' dir='ltr'>huic,</span> <span class='ocrx_word' id='word_1_27' title='bbox 429 463 451 490; x_wconf 90' lang='lat' dir='ltr'>a</span> <span class='ocrx_word' id='word_1_28' title='bbox 492 463 576 504; x_wconf 90' lang='lat' dir='ltr'>quo</span> <span class='ocrx_word' id='word_1_29' title='bbox 613 451 704 503; x_wconf 91' lang='lat' dir='ltr'>ipsa</span> <span class='ocrx_word' id='word_1_30' title='bbox 735 458 893 491; x_wconf 73' lang='lat' dir='ltr'>servata</span> <span class='ocrx_word' id='word_1_31' title='bbox 925 456 1007 498; x_wconf 86' lang='lat' dir='ltr'>est,</span> <span class='ocrx_word' id='word_1_32' title='bbox 1054 465 1193 504; x_wconf 89' lang='lat' dir='ltr'>parem</span> <span class='ocrx_word' id='word_1_33' title='bbox 1225 455 1394 524; x_wconf 80' lang='lat' dir='ltr'>gratiam</span> <span class='ocrx_word' id='word_1_34' title='bbox 1426 454 1578 493; x_wconf 87' lang='lat' dir='ltr'>referre</span> <span class='ocrx_word' id='word_1_35' title='bbox 1610 453 1820 501; x_wconf 71' lang='lat' dir='ltr'>videatur,</span> <span class='ocrx_word' id='word_1_36' title='bbox 1865 455 1938 494; x_wconf 91' lang='lat' dir='ltr'>sed</span> 
     </span>
     <span class='ocr_line' id='line_1_5' title="bbox 188 512 1939 566; baseline 0.002 -13"><span class='ocrx_word' id='word_1_37' title='bbox 188 514 326 560; x_wconf 87' lang='lat' dir='ltr'>etiam,</span> <span class='ocrx_word' id='word_1_38' title='bbox 358 512 468 566; x_wconf 90' lang='lat' dir='ltr'>quod</span> <span class='ocrx_word' id='word_1_39' title='bbox 500 526 547 553; x_wconf 92' lang='lat' dir='ltr'>ea</span> <span class='ocrx_word' id='word_1_40' title='bbox 579 513 825 553; x_wconf 90' lang='lat' dir='ltr'>condicione</span> <span class='ocrx_word' id='word_1_41' title='bbox 857 518 980 566; x_wconf 84' lang='lat' dir='ltr'>atqm</span> <span class='ocrx_word' id='word_1_42' title='bbox 1012 526 1061 552; x_wconf 88' lang='lat' dir='ltr'>eo</span> <span class='ocrx_word' id='word_1_43' title='bbox 1093 513 1174 553; x_wconf 88' lang='lat' dir='ltr'>sato</span> <span class='ocrx_word' id='word_1_44' title='bbox 1207 528 1249 554; x_wconf 90' lang='lat' dir='ltr'>se</span> <span class='ocrx_word' id='word_1_45' title='bbox 1281 516 1322 555; x_wconf 92' lang='lat' dir='ltr'>in</span> <span class='ocrx_word' id='word_1_46' title='bbox 1354 516 1403 555; x_wconf 88' lang='lat' dir='ltr'>iis</span> <span class='ocrx_word' id='word_1_47' title='bbox 1436 517 1552 555; x_wconf 86' lang='lat' dir='ltr'>terris</span> <span class='ocrx_word' id='word_1_48' title='bbox 1582 515 1826 555; x_wconf 83' lang='lat' dir='ltr'>(ollocatam</span> <span class='ocrx_word' id='word_1_49' title='bbox 1848 530 1939 556; x_wconf 87' lang='lat' dir='ltr'>esse</span> 
     </span>
     <span class='ocr_line' id='line_1_6' title="bbox 157 574 1936 630; baseline -0.001 -14"><span class='ocrx_word' id='word_1_50' title='bbox 157 575 427 622; x_wconf 67' lang='lat' dir='ltr'>sarbia-‚atui</span> <span class='ocrx_word' id='word_1_51' title='bbox 451 588 502 615; x_wconf 90' lang='lat' dir='ltr'>ne</span> <span class='ocrx_word' id='word_1_52' title='bbox 525 574 626 628; x_wconf 91' lang='lat' dir='ltr'>quid</span> <span class='ocrx_word' id='word_1_53' title='bbox 648 576 800 615; x_wconf 87' lang='lat' dir='ltr'>nostris</span> <span class='ocrx_word' id='word_1_54' title='bbox 822 575 1060 614; x_wconf 86' lang='lat' dir='ltr'>hominibus</span> <span class='ocrx_word' id='word_1_55' title='bbox 1082 575 1184 614; x_wconf 87' lang='lat' dir='ltr'>istae</span> <span class='ocrx_word' id='word_1_56' title='bbox 1206 582 1348 627; x_wconf 79' lang='lat' dir='ltr'>gentes</span> <span class='ocrx_word' id='word_1_57' title='bbox 1371 591 1520 617; x_wconf 86' lang='lat' dir='ltr'>nocere</span> <span class='ocrx_word' id='word_1_58' title='bbox 1542 577 1715 629; x_wconf 86' lang='lat' dir='ltr'>possint.</span> <span class='ocrx_word' id='word_1_59' title='bbox 1747 575 1813 616; x_wconf 67' lang='grc'><strong>4-6.</strong></span> <span class='ocrx_word' id='word_1_60' title='bbox 1840 575 1936 630; x_wconf 72' lang='grc'><strong>[36]</strong></span> 
     </span>
     <span class='ocr_line' id='line_1_7' title="bbox 188 637 1939 708; baseline 0.001 -32"><span class='ocrx_word' id='word_1_61' title='bbox 188 638 424 690; x_wconf 84' lang='lat' dir='ltr'>Propugnat</span> <span class='ocrx_word' id='word_1_62' title='bbox 463 638 616 689; x_wconf 90' lang='lat' dir='ltr'>pariter</span> <span class='ocrx_word' id='word_1_63' title='bbox 653 651 727 689; x_wconf 92' lang='lat' dir='ltr'>pro</span> <span class='ocrx_word' id='word_1_64' title='bbox 759 637 889 676; x_wconf 75' lang='grc' dir='ltr'>5ι1ιιῑρ</span> <span class='ocrx_word' id='word_1_65' title='bbox 922 638 974 676; x_wconf 82' lang='grc' dir='ltr'><strong>Μ.</strong></span> <span class='ocrx_word' id='word_1_66' title='bbox 1005 637 1148 675; x_wconf 87' lang='lat' dir='ltr'>lontei</span> <span class='ocrx_word' id='word_1_67' title='bbox 1180 638 1461 678; x_wconf 79' lang='lat' dir='ltr'>Narbonensis</span> <span class='ocrx_word' id='word_1_68' title='bbox 1493 639 1680 685; x_wconf 85' lang='lat' dir='ltr'>colonia,</span> <span class='ocrx_word' id='word_1_69' title='bbox 1727 652 1840 708; x_wconf 79' lang='lat' dir='ltr'>quae</span> <span class='ocrx_word' id='word_1_70' title='bbox 1866 652 1939 691; x_wconf 90' lang='lat' dir='ltr'>per</span> 
     </span>
     <span class='ocr_line' id='line_1_8' title="bbox 186 698 1941 751; baseline 0 -12"><span class='ocrx_word' id='word_1_71' title='bbox 186 699 297 739; x_wconf 90' lang='lat' dir='ltr'>hunc</span> <span class='ocrx_word' id='word_1_72' title='bbox 333 699 424 751; x_wconf 87' lang='lat' dir='ltr'>ipsa</span> <span class='ocrx_word' id='word_1_73' title='bbox 461 712 596 751; x_wconf 84' lang='lat' dir='ltr'>nuper</span> <span class='ocrx_word' id='word_1_74' title='bbox 626 698 842 738; x_wconf 76' lang='lat' dir='ltr'>obsidione</span> <span class='ocrx_word' id='word_1_75' title='bbox 888 698 1066 737; x_wconf 88' lang='lat' dir='ltr'>hostium</span> <span class='ocrx_word' id='word_1_76' title='bbox 1099 698 1288 746; x_wconf 88' lang='lat' dir='ltr'>liberata,</span> <span class='ocrx_word' id='word_1_77' title='bbox 1327 714 1436 739; x_wconf 90' lang='lat' dir='ltr'>nunc</span> <span class='ocrx_word' id='word_1_78' title='bbox 1468 701 1654 740; x_wconf 89' lang='lat' dir='ltr'>eiusdem</span> <span class='ocrx_word' id='word_1_79' title='bbox 1687 700 1863 739; x_wconf 84' lang='lat' dir='ltr'>miseriis</span> <span class='ocrx_word' id='word_1_80' title='bbox 1895 713 1941 740; x_wconf 86' lang='lat' dir='ltr'>ao</span> 
     </span>
     <span class='ocr_line' id='line_1_9' title="bbox 187 761 1940 815; baseline -0.001 -14"><span class='ocrx_word' id='word_1_81' title='bbox 187 761 380 815; x_wconf 87' lang='lat' dir='ltr'>periculis</span> <span class='ocrx_word' id='word_1_82' title='bbox 410 767 705 800; x_wconf 89' lang='lat' dir='ltr'>commovetur.</span> <span class='ocrx_word' id='word_1_83' title='bbox 764 761 981 813; x_wconf 86' lang='lat' dir='ltr'>Denique,</span> <span class='ocrx_word' id='word_1_84' title='bbox 1024 766 1067 799; x_wconf 87' lang='lat' dir='ltr'>ut</span> <span class='ocrx_word' id='word_1_85' title='bbox 1109 766 1271 813; x_wconf 78' lang='lat' dir='ltr'>oportet</span> <span class='ocrx_word' id='word_1_86' title='bbox 1300 762 1409 801; x_wconf 86' lang='lat' dir='ltr'>bello</span> <span class='ocrx_word' id='word_1_87' title='bbox 1442 763 1621 809; x_wconf 82' lang='lat' dir='ltr'>Gallico,</span> <span class='ocrx_word' id='word_1_88' title='bbox 1664 768 1707 801; x_wconf 90' lang='lat' dir='ltr'>ut</span> <span class='ocrx_word' id='word_1_89' title='bbox 1738 762 1940 801; x_wconf 91' lang='lat' dir='ltr'>maiorum</span> 
     </span>
     <span class='ocr_line' id='line_1_10' title="bbox 187 822 1943 877; baseline 0 -14"><span class='ocrx_word' id='word_1_90' title='bbox 187 824 278 863; x_wconf 91' lang='lat' dir='ltr'>iura</span> <span class='ocrx_word' id='word_1_91' title='bbox 309 837 527 876; x_wconf 87' lang='lat' dir='ltr'>moresque</span> <span class='ocrx_word' id='word_1_92' title='bbox 559 823 868 875; x_wconf 87' lang='lat' dir='ltr'>praescribunt,</span> <span class='ocrx_word' id='word_1_93' title='bbox 903 836 1021 861; x_wconf 90' lang='lat' dir='ltr'>nemo</span> <span class='ocrx_word' id='word_1_94' title='bbox 1054 827 1115 861; x_wconf 85' lang='lat' dir='ltr'>est</span> <span class='ocrx_word' id='word_1_95' title='bbox 1145 822 1244 861; x_wconf 65' lang='lat' dir='ltr'>ciris</span> <span class='ocrx_word' id='word_1_96' title='bbox 1276 822 1506 871; x_wconf 87' lang='lat' dir='ltr'>Romanus,</span> <span class='ocrx_word' id='word_1_97' title='bbox 1545 826 1614 877; x_wconf 88' lang='lat' dir='ltr'>qui</span> <span class='ocrx_word' id='word_1_98' title='bbox 1648 825 1724 863; x_wconf 89' lang='lat' dir='ltr'>sibi</span> <span class='ocrx_word' id='word_1_99' title='bbox 1756 824 1840 863; x_wconf 92' lang='lat' dir='ltr'>ulla</span> <span class='ocrx_word' id='word_1_100' title='bbox 1872 837 1943 863; x_wconf 84' lang='lat' dir='ltr'>ex—</span> 
     </span>
     <span class='ocr_line' id='line_1_11' title="bbox 140 883 1943 940; baseline -0.001 -14"><span class='ocrx_word' id='word_1_101' title='bbox 140 885 404 927; x_wconf 73' lang='lat' dir='ltr'>aocusatione</span> <span class='ocrx_word' id='word_1_102' title='bbox 443 884 642 925; x_wconf 86' lang='lat' dir='ltr'>utendum</span> <span class='ocrx_word' id='word_1_103' title='bbox 681 889 810 937; x_wconf 91' lang='lat' dir='ltr'>putet.</span> <span class='ocrx_word' id='word_1_104' title='bbox 860 883 1015 923; x_wconf 88' lang='lat' dir='ltr'>Omnes</span> <span class='ocrx_word' id='word_1_105' title='bbox 1047 884 1157 923; x_wconf 89' lang='lat' dir='ltr'>illius</span> <span class='ocrx_word' id='word_1_106' title='bbox 1189 885 1427 936; x_wconf 86' lang='lat' dir='ltr'>provinciae</span> <span class='ocrx_word' id='word_1_107' title='bbox 1459 887 1689 940; x_wconf 87' lang='lat' dir='ltr'>publicani,</span> <span class='ocrx_word' id='word_1_108' title='bbox 1727 886 1943 939; x_wconf 82' lang='lat' dir='ltr'>agricolae,</span> 
     </span>
     <span class='ocr_line' id='line_1_12' title="bbox 188 946 1941 1002; baseline -0.001 -15"><span class='ocrx_word' id='word_1_109' title='bbox 188 947 383 1001; x_wconf 89' lang='lat' dir='ltr'>pecuarii,</span> <span class='ocrx_word' id='word_1_110' title='bbox 410 948 534 986; x_wconf 89' lang='lat' dir='ltr'>ceteri</span> <span class='ocrx_word' id='word_1_111' title='bbox 558 947 834 999; x_wconf 81' lang='lat' dir='ltr'>negotiatores</span> <span class='ocrx_word' id='word_1_112' title='bbox 859 959 943 985; x_wconf 90' lang='lat' dir='ltr'>uno</span> <span class='ocrx_word' id='word_1_113' title='bbox 967 946 1104 985; x_wconf 89' lang='lat' dir='ltr'>animo</span> <span class='ocrx_word' id='word_1_114' title='bbox 1124 947 1176 985; x_wconf 83' lang='lat' dir='ltr'>M.</span> <span class='ocrx_word' id='word_1_115' title='bbox 1194 947 1408 987; x_wconf 88' lang='lat' dir='ltr'>Fonteium</span> <span class='ocrx_word' id='word_1_116' title='bbox 1433 954 1555 1002; x_wconf 89' lang='lat' dir='ltr'>atque</span> <span class='ocrx_word' id='word_1_117' title='bbox 1575 962 1655 988; x_wconf 89' lang='lat' dir='ltr'>una</span> <span class='ocrx_word' id='word_1_118' title='bbox 1676 962 1777 987; x_wconf 78' lang='lat' dir='ltr'>voce</span> <span class='ocrx_word' id='word_1_119' title='bbox 1800 947 1941 987; x_wconf 87' lang='lat' dir='ltr'>defen-</span> 
     </span>
     <span class='ocr_line' id='line_1_13' title="bbox 189 1005 1943 1063; baseline 0 -15"><span class='ocrx_word' id='word_1_120' title='bbox 189 1009 303 1048; x_wconf 88' lang='lat' dir='ltr'>dunt.</span> <span class='ocrx_word' id='word_1_121' title='bbox 344 1009 457 1048; x_wconf 85' lang='lat' dir='ltr'><strong>XXI.</strong></span> <span class='ocrx_word' id='word_1_122' title='bbox 491 1005 650 1062; x_wconf 54' lang='lat' dir='ltr'>[xva]</span> <span class='ocrx_word' id='word_1_123' title='bbox 685 1008 808 1056; x_wconf 85' lang='lat' dir='ltr'>Quod</span> <span class='ocrx_word' id='word_1_124' title='bbox 836 1008 868 1047; x_wconf 90' lang='lat' dir='ltr'>si</span> <span class='ocrx_word' id='word_1_125' title='bbox 898 1014 1030 1047; x_wconf 87' lang='lat' dir='ltr'>tantas</span> <span class='ocrx_word' id='word_1_126' title='bbox 1055 1008 1305 1048; x_wconf 82' lang='lat' dir='ltr'>auxiliorum</span> <span class='ocrx_word' id='word_1_127' title='bbox 1338 1016 1572 1049; x_wconf 87' lang='lat' dir='ltr'>nostrorum</span> <span class='ocrx_word' id='word_1_128' title='bbox 1596 1011 1734 1063; x_wconf 86' lang='lat' dir='ltr'>copias</span> <span class='ocrx_word' id='word_1_129' title='bbox 1759 1010 1943 1049; x_wconf 86' lang='lat' dir='ltr'>Indutio-</span> 
     </span>
     <span class='ocr_line' id='line_1_14' title="bbox 189 1070 1941 1125; baseline -0.001 -15"><span class='ocrx_word' id='word_1_130' title='bbox 189 1083 324 1111; x_wconf 87' lang='lat' dir='ltr'>marus</span> <span class='ocrx_word' id='word_1_131' title='bbox 346 1071 434 1124; x_wconf 90' lang='lat' dir='ltr'>ipse</span> <span class='ocrx_word' id='word_1_132' title='bbox 453 1071 705 1123; x_wconf 84' lang='lat' dir='ltr'>despexerit,</span> <span class='ocrx_word' id='word_1_133' title='bbox 726 1070 811 1109; x_wconf 82' lang='lat' dir='ltr'>dux</span> <span class='ocrx_word' id='word_1_134' title='bbox 830 1070 1097 1122; x_wconf 78' lang='lat' dir='ltr'>Allobrogum</span> <span class='ocrx_word' id='word_1_135' title='bbox 1119 1076 1431 1125; x_wconf 89' lang='lat' dir='ltr'>ceterorumque</span> <span class='ocrx_word' id='word_1_136' title='bbox 1451 1072 1676 1119; x_wconf 75' lang='lat' dir='ltr'>Gallorum,</span> <span class='ocrx_word' id='word_1_137' title='bbox 1699 1085 1794 1111; x_wconf 91' lang='lat' dir='ltr'>num</span> <span class='ocrx_word' id='word_1_138' title='bbox 1819 1072 1941 1111; x_wconf 90' lang='lat' dir='ltr'>etiam</span> 
     </span>
     <span class='ocr_line' id='line_1_15' title="bbox 189 1132 1943 1187; baseline 0.001 -17"><span class='ocrx_word' id='word_1_139' title='bbox 189 1132 239 1171; x_wconf 91' lang='lat' dir='ltr'>de</span> <span class='ocrx_word' id='word_1_140' title='bbox 271 1132 413 1172; x_wconf 89' lang='lat' dir='ltr'>matris</span> <span class='ocrx_word' id='word_1_141' title='bbox 443 1133 553 1172; x_wconf 90' lang='lat' dir='ltr'>hunc</span> <span class='ocrx_word' id='word_1_142' title='bbox 575 1132 821 1185; x_wconf 75' lang='lat' dir='ltr'>complexu,</span> <span class='ocrx_word' id='word_1_143' title='bbox 854 1132 1103 1172; x_wconf 80' lang='lat' dir='ltr'>lectissimae</span> <span class='ocrx_word' id='word_1_144' title='bbox 1135 1133 1473 1187; x_wconf 85' lang='lat' dir='ltr'>miserrimaeque</span> <span class='ocrx_word' id='word_1_145' title='bbox 1500 1133 1702 1180; x_wconf 86' lang='lat' dir='ltr'>feminae,</span> <span class='ocrx_word' id='word_1_146' title='bbox 1733 1134 1849 1173; x_wconf 79' lang='lat' dir='ltr'>vobis</span> <span class='ocrx_word' id='word_1_147' title='bbox 1880 1133 1943 1172; x_wconf 89' lang='lat' dir='ltr'>in-</span> 
     </span>
     <span class='ocr_line' id='line_1_16' title="bbox 141 1194 1943 1248; baseline 0 -14"><span class='ocrx_word' id='word_1_148' title='bbox 141 1194 470 1247; x_wconf 52' lang='lat' dir='ltr'>inspectantibus</span> <span class='ocrx_word' id='word_1_149' title='bbox 509 1194 660 1235; x_wconf 80' lang='lat' dir='ltr'>avellet</span> <span class='ocrx_word' id='word_1_150' title='bbox 697 1201 821 1247; x_wconf 90' lang='lat' dir='ltr'>atque</span> <span class='ocrx_word' id='word_1_151' title='bbox 862 1194 1098 1234; x_wconf 72' lang='lat' dir='ltr'>abstrahet?</span> <span class='ocrx_word' id='word_1_152' title='bbox 1140 1196 1381 1248; x_wconf 87' lang='lat' dir='ltr'>praesertim</span> <span class='ocrx_word' id='word_1_153' title='bbox 1414 1210 1505 1235; x_wconf 83' lang='lat' dir='ltr'>cum</span> <span class='ocrx_word' id='word_1_154' title='bbox 1538 1197 1649 1247; x_wconf 72' lang='lat' dir='ltr'>virgo</span> <span class='ocrx_word' id='word_1_155' title='bbox 1684 1195 1859 1235; x_wconf 76' lang='lat' dir='ltr'>Vestalis</span> <span class='ocrx_word' id='word_1_156' title='bbox 1891 1208 1943 1234; x_wconf 84' lang='lat' dir='ltr'>ex</span> 
     </span>
     <span class='ocr_line' id='line_1_17' title="bbox 190 1256 1942 1311; baseline 0.001 -16"><span class='ocrx_word' id='word_1_157' title='bbox 190 1256 317 1296; x_wconf 90' lang='lat' dir='ltr'>altera</span> <span class='ocrx_word' id='word_1_158' title='bbox 345 1262 460 1309; x_wconf 92' lang='lat' dir='ltr'>parte</span> <span class='ocrx_word' id='word_1_159' title='bbox 492 1270 733 1309; x_wconf 83' lang='lat' dir='ltr'>germanum</span> <span class='ocrx_word' id='word_1_160' title='bbox 763 1256 929 1296; x_wconf 86' lang='lat' dir='ltr'>fratrem</span> <span class='ocrx_word' id='word_1_161' title='bbox 962 1257 1179 1309; x_wconf 76' lang='lat' dir='ltr'>complexa</span> <span class='ocrx_word' id='word_1_162' title='bbox 1210 1262 1348 1297; x_wconf 89' lang='lat' dir='ltr'>teneat</span> <span class='ocrx_word' id='word_1_163' title='bbox 1377 1264 1662 1311; x_wconf 84' lang='lat' dir='ltr'>vestramque,</span> <span class='ocrx_word' id='word_1_164' title='bbox 1694 1258 1864 1305; x_wconf 83' lang='lat' dir='ltr'>iudices,</span> <span class='ocrx_word' id='word_1_165' title='bbox 1896 1270 1942 1297; x_wconf 89' lang='lat' dir='ltr'>ac</span> 
     </span>
     <span class='ocr_line' id='line_1_18' title="bbox 190 1318 1944 1373; baseline 0.001 -16"><span class='ocrx_word' id='word_1_166' title='bbox 190 1319 332 1372; x_wconf 91' lang='lat' dir='ltr'>populi</span> <span class='ocrx_word' id='word_1_167' title='bbox 364 1320 535 1359; x_wconf 89' lang='lat' dir='ltr'>Romani</span> <span class='ocrx_word' id='word_1_168' title='bbox 566 1318 688 1359; x_wconf 76' lang='lat' dir='ltr'>iidem</span> <span class='ocrx_word' id='word_1_169' title='bbox 720 1320 930 1373; x_wconf 88' lang='lat' dir='ltr'>imploret:</span> <span class='ocrx_word' id='word_1_170' title='bbox 963 1332 1067 1372; x_wconf 85' lang='lat' dir='ltr'>quae</span> <span class='ocrx_word' id='word_1_171' title='bbox 1099 1333 1173 1372; x_wconf 91' lang='lat' dir='ltr'>pro</span> <span class='ocrx_word' id='word_1_172' title='bbox 1195 1320 1310 1359; x_wconf 90' lang='lat' dir='ltr'>vobis</span> <span class='ocrx_word' id='word_1_173' title='bbox 1343 1320 1569 1373; x_wconf 87' lang='lat' dir='ltr'>liberisque</span> <span class='ocrx_word' id='word_1_174' title='bbox 1603 1321 1749 1359; x_wconf 65' lang='lat' dir='ltr'>vestris</span> <span class='ocrx_word' id='word_1_175' title='bbox 1780 1325 1841 1359; x_wconf 91' lang='lat' dir='ltr'>tot</span> <span class='ocrx_word' id='word_1_176' title='bbox 1871 1333 1944 1359; x_wconf 87' lang='lat' dir='ltr'>an-</span> 
     </span>
     <span class='ocr_line' id='line_1_19' title="bbox 191 1381 1942 1435; baseline 0.001 -15"><span class='ocrx_word' id='word_1_177' title='bbox 191 1394 267 1421; x_wconf 90' lang='lat' dir='ltr'>nos</span> <span class='ocrx_word' id='word_1_178' title='bbox 297 1381 340 1420; x_wconf 92' lang='lat' dir='ltr'>in</span> <span class='ocrx_word' id='word_1_179' title='bbox 371 1381 434 1421; x_wconf 91' lang='lat' dir='ltr'>dis</span> <span class='ocrx_word' id='word_1_180' title='bbox 464 1382 761 1422; x_wconf 88' lang='lat' dir='ltr'>immortalibus</span> <span class='ocrx_word' id='word_1_181' title='bbox 803 1381 1017 1434; x_wconf 84' lang='lat' dir='ltr'>placandis</span> <span class='ocrx_word' id='word_1_182' title='bbox 1050 1387 1247 1434; x_wconf 82' lang='lat' dir='ltr'>occupata</span> <span class='ocrx_word' id='word_1_183' title='bbox 1288 1387 1372 1427; x_wconf 89' lang='lat' dir='ltr'>est,</span> <span class='ocrx_word' id='word_1_184' title='bbox 1410 1387 1455 1420; x_wconf 87' lang='lat' dir='ltr'>ut</span> <span class='ocrx_word' id='word_1_185' title='bbox 1485 1394 1533 1420; x_wconf 87' lang='lat' dir='ltr'>ea</span> <span class='ocrx_word' id='word_1_186' title='bbox 1563 1395 1672 1420; x_wconf 89' lang='lat' dir='ltr'>nunc</span> <span class='ocrx_word' id='word_1_187' title='bbox 1705 1396 1779 1435; x_wconf 90' lang='lat' dir='ltr'>pro</span> <span class='ocrx_word' id='word_1_188' title='bbox 1811 1383 1942 1422; x_wconf 91' lang='lat' dir='ltr'>salute</span> 
     </span>
     <span class='ocr_line' id='line_1_20' title="bbox 192 1440 1942 1498; baseline 0.001 -15"><span class='ocrx_word' id='word_1_189' title='bbox 192 1457 266 1483; x_wconf 90' lang='lat' dir='ltr'>sua</span> <span class='ocrx_word' id='word_1_190' title='bbox 295 1443 517 1498; x_wconf 88' lang='lat' dir='ltr'>fratrisque</span> <span class='ocrx_word' id='word_1_191' title='bbox 549 1444 612 1483; x_wconf 88' lang='lat' dir='ltr'>sui</span> <span class='ocrx_word' id='word_1_192' title='bbox 644 1444 803 1483; x_wconf 88' lang='lat' dir='ltr'>animos</span> <span class='ocrx_word' id='word_1_193' title='bbox 834 1449 992 1483; x_wconf 69' lang='lat' dir='ltr'>vostros</span> <span class='ocrx_word' id='word_1_194' title='bbox 1025 1444 1186 1496; x_wconf 87' lang='lat' dir='ltr'>placare</span> <span class='ocrx_word' id='word_1_195' title='bbox 1219 1444 1362 1496; x_wconf 85' lang='lat' dir='ltr'>possit.</span> <span class='ocrx_word' id='word_1_196' title='bbox 1435 1440 1499 1481; x_wconf 65' lang='lat'>47.</span> <span class='ocrx_word' id='word_1_197' title='bbox 1535 1440 1630 1496; x_wconf 57' lang='lat'><em>[232]</em></span> <span class='ocrx_word' id='word_1_198' title='bbox 1666 1444 1737 1483; x_wconf 88' lang='lat' dir='ltr'>Cui</span> <span class='ocrx_word' id='word_1_199' title='bbox 1770 1445 1942 1484; x_wconf 87' lang='lat' dir='ltr'>miserae</span> 
     </span>
     <span class='ocr_line' id='line_1_21' title="bbox 141 1505 1943 1560; baseline 0 -15"><span class='ocrx_word' id='word_1_200' title='bbox 141 1521 177 1550; x_wconf 63' lang='grc' dir='ltr'>ρο</span> <span class='ocrx_word' id='word_1_201' title='bbox 192 1506 302 1560; x_wconf 90' lang='lat' dir='ltr'>quod</span> <span class='ocrx_word' id='word_1_202' title='bbox 334 1507 607 1559; x_wconf 89' lang='lat' dir='ltr'>praesidium,</span> <span class='ocrx_word' id='word_1_203' title='bbox 641 1506 750 1559; x_wconf 89' lang='lat' dir='ltr'>quod</span> <span class='ocrx_word' id='word_1_204' title='bbox 783 1505 983 1545; x_wconf 85' lang='lat' dir='ltr'>solacium</span> <span class='ocrx_word' id='word_1_205' title='bbox 1015 1506 1221 1558; x_wconf 89' lang='lat' dir='ltr'>reliquum</span> <span class='ocrx_word' id='word_1_206' title='bbox 1255 1510 1316 1545; x_wconf 83' lang='lat' dir='ltr'>est</span> <span class='ocrx_word' id='word_1_207' title='bbox 1346 1506 1422 1544; x_wconf 91' lang='lat' dir='ltr'>hoc</span> <span class='ocrx_word' id='word_1_208' title='bbox 1445 1506 1628 1544; x_wconf 77' lang='lat' dir='ltr'>amisso?</span> <span class='ocrx_word' id='word_1_209' title='bbox 1658 1507 1761 1545; x_wconf 78' lang='lat' dir='ltr'>Nam</span> <span class='ocrx_word' id='word_1_210' title='bbox 1785 1513 1943 1546; x_wconf 87' lang='lat' dir='ltr'>ceterae</span> 
     </span>
     <span class='ocr_line' id='line_1_22' title="bbox 190 1567 1940 1621; baseline 0 -14"><span class='ocrx_word' id='word_1_211' title='bbox 190 1568 369 1608; x_wconf 88' lang='lat' dir='ltr'>feminae</span> <span class='ocrx_word' id='word_1_212' title='bbox 400 1569 569 1621; x_wconf 83' lang='lat' dir='ltr'>gignere</span> <span class='ocrx_word' id='word_1_213' title='bbox 601 1569 714 1621; x_wconf 88' lang='lat' dir='ltr'>ipsae</span> <span class='ocrx_word' id='word_1_214' title='bbox 747 1568 823 1607; x_wconf 88' lang='lat' dir='ltr'>sibi</span> <span class='ocrx_word' id='word_1_215' title='bbox 856 1567 1060 1620; x_wconf 86' lang='lat' dir='ltr'>praesidia</span> <span class='ocrx_word' id='word_1_216' title='bbox 1093 1573 1132 1606; x_wconf 90' lang='lat' dir='ltr'>et</span> <span class='ocrx_word' id='word_1_217' title='bbox 1162 1568 1314 1607; x_wconf 81' lang='lat' dir='ltr'>habere</span> <span class='ocrx_word' id='word_1_218' title='bbox 1340 1568 1449 1606; x_wconf 91' lang='lat' dir='ltr'>domi</span> <span class='ocrx_word' id='word_1_219' title='bbox 1481 1568 1739 1607; x_wconf 87' lang='lat' dir='ltr'>fortunarum</span> <span class='ocrx_word' id='word_1_220' title='bbox 1762 1569 1940 1607; x_wconf 89' lang='lat' dir='ltr'>omnium</span> 
     </span>
     <span class='ocr_line' id='line_1_23' title="bbox 191 1629 1943 1683; baseline -0.001 -13"><span class='ocrx_word' id='word_1_221' title='bbox 191 1631 348 1670; x_wconf 88' lang='lat' dir='ltr'>socium</span> <span class='ocrx_word' id='word_1_222' title='bbox 380 1631 709 1683; x_wconf 83' lang='lat' dir='ltr'>participemque</span> <span class='ocrx_word' id='word_1_223' title='bbox 740 1635 939 1682; x_wconf 87' lang='lat' dir='ltr'>possunt:</span> <span class='ocrx_word' id='word_1_224' title='bbox 969 1630 1065 1669; x_wconf 90' lang='lat' dir='ltr'>huic</span> <span class='ocrx_word' id='word_1_225' title='bbox 1087 1643 1183 1668; x_wconf 70' lang='lat' dir='ltr'>vero</span> <span class='ocrx_word' id='word_1_226' title='bbox 1204 1630 1353 1681; x_wconf 77' lang='lat' dir='ltr'>virgini</span> <span class='ocrx_word' id='word_1_227' title='bbox 1376 1629 1476 1682; x_wconf 90' lang='lat' dir='ltr'>quid</span> <span class='ocrx_word' id='word_1_228' title='bbox 1500 1635 1560 1668; x_wconf 88' lang='lat' dir='ltr'>est</span> <span class='ocrx_word' id='word_1_229' title='bbox 1582 1636 1744 1681; x_wconf 85' lang='lat' dir='ltr'>praeter</span> <span class='ocrx_word' id='word_1_230' title='bbox 1763 1630 1943 1678; x_wconf 83' lang='lat' dir='ltr'>fratrem,</span> 
     </span>
     <span class='ocr_line' id='line_1_24' title="bbox 191 1691 1944 1745; baseline -0.001 -13"><span class='ocrx_word' id='word_1_231' title='bbox 191 1692 303 1745; x_wconf 91' lang='lat' dir='ltr'>quod</span> <span class='ocrx_word' id='word_1_232' title='bbox 344 1697 414 1731; x_wconf 85' lang='lat' dir='ltr'>aut</span> <span class='ocrx_word' id='word_1_233' title='bbox 457 1692 683 1732; x_wconf 82' lang='lat' dir='ltr'>iucundum</span> <span class='ocrx_word' id='word_1_234' title='bbox 715 1697 784 1731; x_wconf 91' lang='lat' dir='ltr'>aut</span> <span class='ocrx_word' id='word_1_235' title='bbox 814 1705 954 1731; x_wconf 88' lang='lat' dir='ltr'>carum</span> <span class='ocrx_word' id='word_1_236' title='bbox 987 1705 1076 1730; x_wconf 86' lang='lat' dir='ltr'>esse</span> <span class='ocrx_word' id='word_1_237' title='bbox 1109 1692 1272 1744; x_wconf 78' lang='lat' dir='ltr'>possit‘?</span> <span class='ocrx_word' id='word_1_238' title='bbox 1318 1691 1452 1730; x_wconf 78' lang='lat' dir='ltr'>Nolite</span> <span class='ocrx_word' id='word_1_239' title='bbox 1483 1692 1590 1743; x_wconf 90' lang='lat' dir='ltr'>pati,</span> <span class='ocrx_word' id='word_1_240' title='bbox 1632 1692 1811 1739; x_wconf 84' lang='lat' dir='ltr'>iudices,</span> <span class='ocrx_word' id='word_1_241' title='bbox 1853 1706 1944 1732; x_wconf 89' lang='lat' dir='ltr'>aras</span> 
     </span>
     <span class='ocr_line' id='line_1_25' title="bbox 191 1754 1945 1807; baseline 0 -13"><span class='ocrx_word' id='word_1_242' title='bbox 191 1755 359 1794; x_wconf 92' lang='lat' dir='ltr'>deorum</span> <span class='ocrx_word' id='word_1_243' title='bbox 391 1755 682 1795; x_wconf 87' lang='lat' dir='ltr'>immortalium</span> <span class='ocrx_word' id='word_1_244' title='bbox 712 1756 945 1807; x_wconf 84' lang='lat' dir='ltr'>Vestaeque</span> <span class='ocrx_word' id='word_1_245' title='bbox 982 1754 1122 1793; x_wconf 88' lang='lat' dir='ltr'>matris</span> <span class='ocrx_word' id='word_1_246' title='bbox 1156 1754 1410 1807; x_wconf 84' lang='lat' dir='ltr'>quotidianis</span> <span class='ocrx_word' id='word_1_247' title='bbox 1441 1754 1611 1806; x_wconf 73' lang='lat' dir='ltr'>virginis</span> <span class='ocrx_word' id='word_1_248' title='bbox 1642 1754 1945 1794; x_wconf 84' lang='lat' dir='ltr'>lamentationi-</span> 
     </span>
     <span class='ocr_line' id='line_1_26' title="bbox 141 1816 1945 1869; baseline -0.002 -9"><span class='ocrx_word' id='word_1_249' title='bbox 141 1831 176 1861; x_wconf 75' lang='lat'>25</span> <span class='ocrx_word' id='word_1_250' title='bbox 191 1819 265 1858; x_wconf 89' lang='lat' dir='ltr'>bus</span> <span class='ocrx_word' id='word_1_251' title='bbox 297 1819 347 1857; x_wconf 88' lang='lat' dir='ltr'>de</span> <span class='ocrx_word' id='word_1_252' title='bbox 378 1822 514 1857; x_wconf 65' lang='lat' dir='ltr'>vestro</span> <span class='ocrx_word' id='word_1_253' title='bbox 547 1817 701 1857; x_wconf 88' lang='lat' dir='ltr'>iudicio</span> <span class='ocrx_word' id='word_1_254' title='bbox 733 1816 1001 1856; x_wconf 83' lang='lat' dir='ltr'>commoneri.</span> <span class='ocrx_word' id='word_1_255' title='bbox 1048 1816 1274 1869; x_wconf 85' lang='lat' dir='ltr'>Prospicite</span> <span class='ocrx_word' id='word_1_256' title='bbox 1305 1829 1355 1855; x_wconf 88' lang='lat' dir='ltr'>ne</span> <span class='ocrx_word' id='word_1_257' title='bbox 1387 1816 1456 1855; x_wconf 84' lang='lat' dir='ltr'>illc</span> <span class='ocrx_word' id='word_1_258' title='bbox 1490 1816 1597 1867; x_wconf 73' lang='lat' dir='ltr'>ignis</span> <span class='ocrx_word' id='word_1_259' title='bbox 1626 1822 1840 1863; x_wconf 78' lang='lat' dir='ltr'>aeternus,</span> <span class='ocrx_word' id='word_1_260' title='bbox 1870 1829 1945 1856; x_wconf 90' lang='lat' dir='ltr'>no-</span> 
     </span>
     <span class='ocr_line' id='line_1_27' title="bbox 192 1877 1944 1931; baseline -0.002 -11"><span class='ocrx_word' id='word_1_261' title='bbox 192 1881 345 1921; x_wconf 87' lang='lat' dir='ltr'>cturnis</span> <span class='ocrx_word' id='word_1_262' title='bbox 369 1879 565 1919; x_wconf 86' lang='lat' dir='ltr'>Fonteiae</span> <span class='ocrx_word' id='word_1_263' title='bbox 597 1879 809 1919; x_wconf 90' lang='lat' dir='ltr'>laboribus</span> <span class='ocrx_word' id='word_1_264' title='bbox 834 1879 1072 1931; x_wconf 83' lang='lat' dir='ltr'>vigiliisque</span> <span class='ocrx_word' id='word_1_265' title='bbox 1097 1882 1303 1923; x_wconf 57' lang='lat' dir='ltr'>servitum,</span> <span class='ocrx_word' id='word_1_266' title='bbox 1335 1877 1563 1917; x_wconf 89' lang='lat' dir='ltr'>sacerdotis</span> <span class='ocrx_word' id='word_1_267' title='bbox 1585 1882 1744 1917; x_wconf 88' lang='lat' dir='ltr'>vestrae</span> <span class='ocrx_word' id='word_1_268' title='bbox 1766 1877 1944 1918; x_wconf 82' lang='lat' dir='ltr'>lacrimis</span> 
     </span>
     <span class='ocr_line' id='line_1_28' title="bbox 192 1938 1945 1994; baseline -0.002 -12"><span class='ocrx_word' id='word_1_269' title='bbox 192 1943 421 1983; x_wconf 80' lang='lat' dir='ltr'>exstinctus</span> <span class='ocrx_word' id='word_1_270' title='bbox 463 1956 554 1981; x_wconf 84' lang='lat' dir='ltr'>csse</span> <span class='ocrx_word' id='word_1_271' title='bbox 593 1942 766 1981; x_wconf 88' lang='lat' dir='ltr'>dicatur.</span> <span class='ocrx_word' id='word_1_272' title='bbox 827 1938 892 1980; x_wconf 78' lang='lat'>4-8.</span> <span class='ocrx_word' id='word_1_273' title='bbox 928 1938 1025 1994; x_wconf 50' lang='lat' dir='ltr'>[affl]</span> <span class='ocrx_word' id='word_1_274' title='bbox 1060 1940 1210 1979; x_wconf 88' lang='lat' dir='ltr'>Tendit</span> <span class='ocrx_word' id='word_1_275' title='bbox 1247 1939 1298 1979; x_wconf 92' lang='lat' dir='ltr'>ad</span> <span class='ocrx_word' id='word_1_276' title='bbox 1331 1953 1404 1979; x_wconf 74' lang='lat' dir='ltr'>vos</span> <span class='ocrx_word' id='word_1_277' title='bbox 1435 1941 1550 1992; x_wconf 81' lang='lat' dir='ltr'>virgo</span> <span class='ocrx_word' id='word_1_278' title='bbox 1582 1939 1759 1979; x_wconf 78' lang='lat' dir='ltr'>Vestalis</span> <span class='ocrx_word' id='word_1_279' title='bbox 1799 1953 1945 1980; x_wconf 91' lang='lat' dir='ltr'>manus</span> 
     </span>
     <span class='ocr_line' id='line_1_29' title="bbox 192 2002 1944 2058; baseline -0.002 -13"><span class='ocrx_word' id='word_1_280' title='bbox 192 2005 420 2058; x_wconf 86' lang='lat' dir='ltr'>supplices,</span> <span class='ocrx_word' id='word_1_281' title='bbox 460 2004 627 2044; x_wconf 88' lang='lat' dir='ltr'>easdem</span> <span class='ocrx_word' id='word_1_282' title='bbox 668 2018 770 2057; x_wconf 87' lang='lat' dir='ltr'>quas</span> <span class='ocrx_word' id='word_1_283' title='bbox 810 2018 883 2057; x_wconf 90' lang='lat' dir='ltr'>pro</span> <span class='ocrx_word' id='word_1_284' title='bbox 922 2003 1040 2043; x_wconf 67' lang='lat' dir='ltr'>vobis</span> <span class='ocrx_word' id='word_1_285' title='bbox 1078 2002 1140 2041; x_wconf 88' lang='lat' dir='ltr'>dis</span> <span class='ocrx_word' id='word_1_286' title='bbox 1182 2002 1484 2041; x_wconf 83' lang='lat' dir='ltr'>immortalibus</span> <span class='ocrx_word' id='word_1_287' title='bbox 1516 2003 1686 2041; x_wconf 87' lang='lat' dir='ltr'>tendere</span> <span class='ocrx_word' id='word_1_288' title='bbox 1718 2002 1944 2042; x_wconf 83' lang='lat' dir='ltr'>consuevit.</span> 
     </span>
     <span class='ocr_line' id='line_1_30' title="bbox 194 2064 1945 2119; baseline -0.001 -13"><span class='ocrx_word' id='word_1_289' title='bbox 194 2067 343 2107; x_wconf 83' lang='lat' dir='ltr'>Cavete</span> <span class='ocrx_word' id='word_1_290' title='bbox 374 2081 426 2106; x_wconf 91' lang='lat' dir='ltr'>ne</span> <span class='ocrx_word' id='word_1_291' title='bbox 450 2067 732 2119; x_wconf 85' lang='lat' dir='ltr'>periculosum</span> <span class='ocrx_word' id='word_1_292' title='bbox 756 2066 1063 2119; x_wconf 87' lang='lat' dir='ltr'>superbumque</span> <span class='ocrx_word' id='word_1_293' title='bbox 1085 2064 1140 2103; x_wconf 87' lang='lat' dir='ltr'>sit</span> <span class='ocrx_word' id='word_1_294' title='bbox 1161 2064 1248 2103; x_wconf 89' lang='lat' dir='ltr'>eius</span> <span class='ocrx_word' id='word_1_295' title='bbox 1270 2077 1343 2104; x_wconf 78' lang='lat' dir='ltr'>vos</span> <span class='ocrx_word' id='word_1_296' title='bbox 1365 2065 1690 2104; x_wconf 84' lang='lat' dir='ltr'>obsecrationem</span> <span class='ocrx_word' id='word_1_297' title='bbox 1711 2065 1945 2117; x_wconf 87' lang='lat' dir='ltr'>repudiare,</span> 
     </span>
     <span class='ocr_line' id='line_1_31' title="bbox 143 2125 1945 2182; baseline -0.001 -14"><span class='ocrx_word' id='word_1_298' title='bbox 143 2144 177 2173; x_wconf 86' lang='lat'>30</span> <span class='ocrx_word' id='word_1_299' title='bbox 193 2130 310 2168; x_wconf 89' lang='lat' dir='ltr'>cuius</span> <span class='ocrx_word' id='word_1_300' title='bbox 341 2142 484 2181; x_wconf 91' lang='lat' dir='ltr'>preces</span> <span class='ocrx_word' id='word_1_301' title='bbox 515 2130 549 2169; x_wconf 90' lang='lat' dir='ltr'>si</span> <span class='ocrx_word' id='word_1_302' title='bbox 581 2128 621 2167; x_wconf 90' lang='lat' dir='ltr'>di</span> <span class='ocrx_word' id='word_1_303' title='bbox 654 2132 992 2182; x_wconf 87' lang='lat' dir='ltr'>aspernarentur,</span> <span class='ocrx_word' id='word_1_304' title='bbox 1024 2127 1125 2166; x_wconf 85' lang='lat' dir='ltr'>haec</span> <span class='ocrx_word' id='word_1_305' title='bbox 1150 2126 1264 2165; x_wconf 87' lang='lat' dir='ltr'>salva</span> <span class='ocrx_word' id='word_1_306' title='bbox 1285 2140 1376 2166; x_wconf 89' lang='lat' dir='ltr'>esse</span> <span class='ocrx_word' id='word_1_307' title='bbox 1399 2140 1482 2165; x_wconf 90' lang='lat' dir='ltr'>non</span> <span class='ocrx_word' id='word_1_308' title='bbox 1504 2131 1687 2179; x_wconf 88' lang='lat' dir='ltr'>possent.</span> <span class='ocrx_word' id='word_1_309' title='bbox 1728 2125 1945 2166; x_wconf 70' lang='lat' dir='ltr'>Videtisne</span> 
     </span>
     <span class='ocr_line' id='line_1_32' title="bbox 193 2188 1945 2258; baseline -0.001 -27"><span class='ocrx_word' id='word_1_310' title='bbox 193 2192 349 2238; x_wconf 88' lang='lat' dir='ltr'>subito,</span> <span class='ocrx_word' id='word_1_311' title='bbox 389 2191 573 2238; x_wconf 85' lang='lat' dir='ltr'>iudices,</span> <span class='ocrx_word' id='word_1_312' title='bbox 618 2192 751 2230; x_wconf 67' lang='lat' dir='ltr'>virum</span> <span class='ocrx_word' id='word_1_313' title='bbox 790 2190 1082 2236; x_wconf 87' lang='lat' dir='ltr'>fortissimum,</span> <span class='ocrx_word' id='word_1_314' title='bbox 1128 2190 1181 2228; x_wconf 88' lang='lat' dir='ltr'>M.</span> <span class='ocrx_word' id='word_1_315' title='bbox 1213 2189 1455 2235; x_wconf 87' lang='lat' dir='ltr'>Fonteium,</span> <span class='ocrx_word' id='word_1_316' title='bbox 1502 2188 1681 2258; x_wconf 85' lang='lat' dir='ltr'>parentis</span> <span class='ocrx_word' id='word_1_317' title='bbox 1723 2194 1763 2228; x_wconf 88' lang='lat' dir='ltr'>et</span> <span class='ocrx_word' id='word_1_318' title='bbox 1794 2190 1945 2229; x_wconf 92' lang='lat' dir='ltr'>sororis</span> 
     </span>
     <span class='ocr_line' id='line_1_33' title="bbox 193 2250 1946 2305; baseline -0.001 -12"><span class='ocrx_word' id='word_1_319' title='bbox 193 2254 586 2293; x_wconf 86' lang='lat' dir='ltr'>commemoratione</span> <span class='ocrx_word' id='word_1_320' title='bbox 619 2253 806 2292; x_wconf 86' lang='lat' dir='ltr'>lacrimas</span> <span class='ocrx_word' id='word_1_321' title='bbox 837 2251 1071 2305; x_wconf 82' lang='lat' dir='ltr'>piofudisse.</span> <span class='ocrx_word' id='word_1_322' title='bbox 1088 2253 1105 2290; x_wconf 72' lang='grc' dir='ltr'>’ἲ</span> <span class='ocrx_word' id='word_1_323' title='bbox 1152 2250 1233 2298; x_wconf 83' lang='lat' dir='ltr'>Qui</span> <span class='ocrx_word' id='word_1_324' title='bbox 1258 2264 1480 2303; x_wconf 88' lang='lat' dir='ltr'>numquam</span> <span class='ocrx_word' id='word_1_325' title='bbox 1505 2251 1545 2289; x_wconf 96' lang='lat' dir='ltr'>in</span> <span class='ocrx_word' id='word_1_326' title='bbox 1567 2251 1654 2289; x_wconf 89' lang='lat' dir='ltr'>acie</span> <span class='ocrx_word' id='word_1_327' title='bbox 1675 2251 1946 2304; x_wconf 89' lang='lat' dir='ltr'>pertimuerit,</span> 
     </span>
     <span class='ocr_line' id='line_1_34' title="bbox 193 2313 1946 2370; baseline -0.002 -14"><span class='ocrx_word' id='word_1_328' title='bbox 193 2317 262 2370; x_wconf 91' lang='lat' dir='ltr'>qui</span> <span class='ocrx_word' id='word_1_329' title='bbox 305 2329 348 2355; x_wconf 84' lang='lat' dir='ltr'>se</span> <span class='ocrx_word' id='word_1_330' title='bbox 388 2322 568 2356; x_wconf 87' lang='lat' dir='ltr'>armatus</span> <span class='ocrx_word' id='word_1_331' title='bbox 607 2330 729 2369; x_wconf 90' lang='lat' dir='ltr'>saepe</span> <span class='ocrx_word' id='word_1_332' title='bbox 767 2316 813 2354; x_wconf 74' lang='lat' dir='ltr'>’in</span> <span class='ocrx_word' id='word_1_333' title='bbox 854 2314 1034 2354; x_wconf 85' lang='lat' dir='ltr'>hostium</span> <span class='ocrx_word' id='word_1_334' title='bbox 1073 2326 1239 2352; x_wconf 90' lang='lat' dir='ltr'>manum</span> <span class='ocrx_word' id='word_1_335' title='bbox 1281 2313 1677 2366; x_wconf 86' lang='lat' dir='ltr'>multitudinemque</span> <span class='ocrx_word' id='word_1_336' title='bbox 1716 2313 1946 2362; x_wconf 88' lang='lat' dir='ltr'>immiserit,</span> 
     </span>
     <span class='ocr_line' id='line_1_35' title="bbox 192 2375 1945 2431; baseline -0.002 -13"><span class='ocrx_word' id='word_1_337' title='bbox 192 2392 284 2418; x_wconf 88' lang='lat' dir='ltr'>cum</span> <span class='ocrx_word' id='word_1_338' title='bbox 305 2378 346 2417; x_wconf 94' lang='lat' dir='ltr'>in</span> <span class='ocrx_word' id='word_1_339' title='bbox 369 2378 455 2417; x_wconf 88' lang='lat' dir='ltr'>eius</span> <span class='ocrx_word' id='word_1_340' title='bbox 478 2379 589 2419; x_wconf 91' lang='lat' dir='ltr'>modi</span> <span class='ocrx_word' id='word_1_341' title='bbox 623 2378 817 2431; x_wconf 90' lang='lat' dir='ltr'>periculis</span> <span class='ocrx_word' id='word_1_342' title='bbox 845 2376 988 2416; x_wconf 90' lang='lat' dir='ltr'>eadem</span> <span class='ocrx_word' id='word_1_343' title='bbox 1020 2389 1063 2415; x_wconf 85' lang='lat' dir='ltr'>se</span> <span class='ocrx_word' id='word_1_344' title='bbox 1096 2375 1248 2415; x_wconf 70' lang='lat' dir='ltr'>solatia</span> <span class='ocrx_word' id='word_1_345' title='bbox 1279 2375 1363 2415; x_wconf 85' lang='lat' dir='ltr'>suis</span> <span class='ocrx_word' id='word_1_346' title='bbox 1394 2375 1633 2428; x_wconf 84' lang='lat' dir='ltr'>lelinque1e</span> <span class='ocrx_word' id='word_1_347' title='bbox 1664 2375 1945 2423; x_wconf 78' lang='lat' dir='ltr'>mbitraretur,</span> 
     </span>
     <span class='ocr_line' id='line_1_36' title="bbox 141 2437 1945 2495; baseline -0.003 -13"><span class='ocrx_word' id='word_1_348' title='bbox 141 2455 179 2485; x_wconf 80' lang='lat'>35</span> <span class='ocrx_word' id='word_1_349' title='bbox 194 2456 299 2495; x_wconf 86' lang='lat' dir='ltr'>quae</span> <span class='ocrx_word' id='word_1_350' title='bbox 333 2455 432 2481; x_wconf 89' lang='lat' dir='ltr'>suus</span> <span class='ocrx_word' id='word_1_351' title='bbox 462 2447 579 2495; x_wconf 89' lang='lat' dir='ltr'>pater</span> <span class='ocrx_word' id='word_1_352' title='bbox 603 2441 678 2479; x_wconf 82' lang='lat' dir='ltr'>sibi</span> <span class='ocrx_word' id='word_1_353' title='bbox 701 2438 961 2492; x_wconf 88' lang='lat' dir='ltr'>reliquisset:</span> <span class='ocrx_word' id='word_1_354' title='bbox 993 2438 1059 2476; x_wconf 83' lang='lat' dir='ltr'>id(</span> <span class='ocrx_word' id='word_1_355' title='bbox 1050 2451 1100 2477; x_wconf 92' lang='lat' dir='ltr'>m</span> <span class='ocrx_word' id='word_1_356' title='bbox 1123 2450 1233 2476; x_wconf 87' lang='lat' dir='ltr'>nunc</span> <span class='ocrx_word' id='word_1_357' title='bbox 1255 2437 1499 2477; x_wconf 90' lang='lat' dir='ltr'>conturbato</span> <span class='ocrx_word' id='word_1_358' title='bbox 1521 2437 1659 2476; x_wconf 84' lang='lat' dir='ltr'>animo</span> <span class='ocrx_word' id='word_1_359' title='bbox 1681 2437 1945 2490; x_wconf 87' lang='lat' dir='ltr'>pertimescit,</span> 
     </span>
     <span class='ocr_line' id='line_1_37' title="bbox 192 2499 1946 2546; baseline -0.001 -4"><span class='ocrx_word' id='word_1_360' title='bbox 192 2517 244 2543; x_wconf 90' lang='lat' dir='ltr'>ne</span> <span class='ocrx_word' id='word_1_361' title='bbox 276 2517 359 2543; x_wconf 91' lang='lat' dir='ltr'>non</span> <span class='ocrx_word' id='word_1_362' title='bbox 390 2504 512 2543; x_wconf 90' lang='lat' dir='ltr'>modo</span> <span class='ocrx_word' id='word_1_363' title='bbox 544 2507 784 2543; x_wconf 89' lang='lat' dir='ltr'>ornamento</span> <span class='ocrx_word' id='word_1_364' title='bbox 818 2505 857 2539; x_wconf 84' lang='lat' dir='ltr'>et</span> <span class='ocrx_word' id='word_1_365' title='bbox 887 2500 1126 2539; x_wconf 87' lang='lat' dir='ltr'>adiumento</span> <span class='ocrx_word' id='word_1_366' title='bbox 1158 2513 1241 2539; x_wconf 88' lang='lat' dir='ltr'>non</span> <span class='ocrx_word' id='word_1_367' title='bbox 1266 2500 1317 2539; x_wconf 90' lang='lat' dir='ltr'>sit</span> <span class='ocrx_word' id='word_1_368' title='bbox 1338 2500 1446 2546; x_wconf 83' lang='lat' dir='ltr'>suis,</span> <span class='ocrx_word' id='word_1_369' title='bbox 1478 2499 1697 2539; x_wconf 86' lang='lat' dir='ltr'>sedetiam</span> <span class='ocrx_word' id='word_1_370' title='bbox 1720 2514 1814 2539; x_wconf 90' lang='lat' dir='ltr'>cum</span> <span class='ocrx_word' id='word_1_371' title='bbox 1834 2513 1946 2540; x_wconf 90' lang='lat' dir='ltr'>acer-</span> 
     </span>
     <span class='ocr_line' id='line_1_38' title="bbox 190 2562 1945 2615; baseline -0.002 -9"><span class='ocrx_word' id='word_1_372' title='bbox 190 2566 361 2606; x_wconf 88' lang='lat' dir='ltr'>bissimo</span> <span class='ocrx_word' id='word_1_373' title='bbox 407 2566 520 2606; x_wconf 83' lang='lat' dir='ltr'>luctu</span> <span class='ocrx_word' id='word_1_374' title='bbox 567 2565 747 2604; x_wconf 79' lang='lat' dir='ltr'>dedecus</span> <span class='ocrx_word' id='word_1_375' title='bbox 795 2567 1007 2601; x_wconf 84' lang='lat' dir='ltr'>aeternum</span> <span class='ocrx_word' id='word_1_376' title='bbox 1050 2562 1210 2601; x_wconf 89' lang='lat' dir='ltr'>miseris</span> <span class='ocrx_word' id='word_1_377' title='bbox 1253 2562 1683 2615; x_wconf 62' lang='lat' dir='ltr'>atque,ig1101ni11ia¹11</span> <span class='ocrx_word' id='word_1_378' title='bbox 1723 2562 1945 2614; x_wconf 88' lang='lat' dir='ltr'>relinquat.</span> 
     </span>
     <span class='ocr_line' id='line_1_39' title="bbox 192 2623 1945 2681; baseline -0.002 -14"><span class='ocrx_word' id='word_1_379' title='bbox 192 2625 258 2668; x_wconf 70' lang='lat'>49.</span> <span class='ocrx_word' id='word_1_380' title='bbox 292 2624 388 2681; x_wconf 56' lang='lat'>[39]</span> <span class='ocrx_word' id='word_1_381' title='bbox 423 2628 456 2667; x_wconf 86' lang='grc' dir='ltr'><strong>Ο</strong></span> <span class='ocrx_word' id='word_1_382' title='bbox 488 2627 693 2667; x_wconf 85' lang='lat' dir='ltr'>fortunam</span> <span class='ocrx_word' id='word_1_383' title='bbox 728 2625 849 2676; x_wconf 71' lang='lat' dir='ltr'>longe.</span> <span class='ocrx_word' id='word_1_384' title='bbox 882 2624 1110 2677; x_wconf 84' lang='lat' dir='ltr'>disparem,</span> <span class='ocrx_word' id='word_1_385' title='bbox 1148 2626 1200 2663; x_wconf 81' lang='lat' dir='ltr'>M.</span> <span class='ocrx_word' id='word_1_386' title='bbox 1232 2623 1404 2663; x_wconf 81' lang='lat' dir='ltr'>Fontei!</span> <span class='ocrx_word' id='word_1_387' title='bbox 1444 2624 1476 2663; x_wconf 88' lang='lat' dir='ltr'>si</span> <span class='ocrx_word' id='word_1_388' title='bbox 1509 2624 1688 2675; x_wconf 79' lang='lat' dir='ltr'>deligere</span> <span class='ocrx_word' id='word_1_389' title='bbox 1727 2624 1945 2677; x_wconf 88' lang='lat' dir='ltr'>potuisses,</span> 
     </span>
     <span class='ocr_line' id='line_1_40' title="bbox 194 2685 1945 2743; baseline -0.003 -13"><span class='ocrx_word' id='word_1_390' title='bbox 194 2696 236 2729; x_wconf 89' lang='lat' dir='ltr'>ut</span> <span class='ocrx_word' id='word_1_391' title='bbox 264 2691 400 2743; x_wconf 91' lang='lat' dir='ltr'>potius</span> <span class='ocrx_word' id='word_1_392' title='bbox 433 2689 526 2728; x_wconf 87' lang='lat' dir='ltr'>telis</span> <span class='ocrx_word' id='word_1_393' title='bbox 558 2688 627 2727; x_wconf 90' lang='lat' dir='ltr'>tibi</span> <span class='ocrx_word' id='word_1_394' title='bbox 651 2687 864 2726; x_wconf 80' lang='lat' dir='ltr'>Gallorum</span> <span class='ocrx_word' id='word_1_395' title='bbox 887 2699 1008 2739; x_wconf 89' lang='lat' dir='ltr'>quam</span> <span class='ocrx_word' id='word_1_396' title='bbox 1032 2686 1222 2739; x_wconf 88' lang='lat' dir='ltr'>periuriis</span> <span class='ocrx_word' id='word_1_397' title='bbox 1244 2685 1530 2725; x_wconf 86' lang='lat' dir='ltr'>intereundum</span> <span class='ocrx_word' id='word_1_398' title='bbox 1555 2692 1674 2724; x_wconf 84' lang='lat' dir='ltr'>esset.</span> <span class='ocrx_word' id='word_1_399' title='bbox 1711 2687 1811 2725; x_wconf 89' lang='lat' dir='ltr'>Tum</span> <span class='ocrx_word' id='word_1_400' title='bbox 1836 2687 1945 2726; x_wconf 92' lang='lat' dir='ltr'>enim</span> 
     </span>
     <span class='ocr_line' id='line_1_41' title="bbox 143 2747 1944 2800; baseline -0.003 -8"><span class='ocrx_word' id='word_1_401' title='bbox 143 2767 179 2797; x_wconf 75' lang='lat'>40</span> <span class='ocrx_word' id='word_1_402' title='bbox 194 2754 300 2793; x_wconf 91' lang='lat' dir='ltr'>vitae</span> <span class='ocrx_word' id='word_1_403' title='bbox 332 2752 444 2791; x_wconf 88' lang='lat' dir='ltr'>socia</span> <span class='ocrx_word' id='word_1_404' title='bbox 473 2751 626 2797; x_wconf 87' lang='lat' dir='ltr'>virtus,</span> <span class='ocrx_word' id='word_1_405' title='bbox 658 2749 802 2788; x_wconf 89' lang='lat' dir='ltr'>mortis</span> <span class='ocrx_word' id='word_1_406' title='bbox 835 2761 973 2787; x_wconf 85' lang='lat' dir='ltr'>comcs</span> <span class='ocrx_word' id='word_1_407' title='bbox 1005 2748 1132 2800; x_wconf 78' lang='lat' dir='ltr'>g&#39;oria</span> <span class='ocrx_word' id='word_1_408' title='bbox 1164 2747 1333 2787; x_wconf 87' lang='lat' dir='ltr'>fnisset:</span> <span class='ocrx_word' id='word_1_409' title='bbox 1364 2761 1472 2786; x_wconf 78' lang='lat' dir='ltr'>nune</span> <span class='ocrx_word' id='word_1_410' title='bbox 1501 2761 1598 2787; x_wconf 85' lang='lat' dir='ltr'>vero</span> <span class='ocrx_word' id='word_1_411' title='bbox 1631 2748 1700 2800; x_wconf 90' lang='lat' dir='ltr'>qui</span> <span class='ocrx_word' id='word_1_412' title='bbox 1730 2753 1793 2788; x_wconf 92' lang='lat' dir='ltr'>est</span> <span class='ocrx_word' id='word_1_413' title='bbox 1812 2749 1944 2795; x_wconf 91' lang='lat' dir='ltr'>dolor,</span> 
     </span>
     <span class='ocr_line' id='line_1_42' title="bbox 194 2810 1946 2864; baseline -0.003 -10"><span class='ocrx_word' id='word_1_414' title='bbox 194 2815 388 2854; x_wconf 88' lang='lat' dir='ltr'>victoriae</span> <span class='ocrx_word' id='word_1_415' title='bbox 430 2818 468 2852; x_wconf 86' lang='lat' dir='ltr'>te</span> <span class='ocrx_word' id='word_1_416' title='bbox 501 2817 622 2864; x_wconf 87' lang='lat' dir='ltr'>atque</span> <span class='ocrx_word' id='word_1_417' title='bbox 655 2811 816 2864; x_wconf 91' lang='lat' dir='ltr'>imperii</span> <span class='ocrx_word' id='word_1_418' title='bbox 848 2823 1005 2864; x_wconf 87' lang='lat' dir='ltr'>poenas</span> <span class='ocrx_word' id='word_1_419' title='bbox 1037 2810 1089 2850; x_wconf 89' lang='lat' dir='ltr'>ad</span> <span class='ocrx_word' id='word_1_420' title='bbox 1121 2823 1265 2849; x_wconf 90' lang='lat' dir='ltr'>corum</span> <span class='ocrx_word' id='word_1_421' title='bbox 1295 2810 1509 2849; x_wconf 89' lang='lat' dir='ltr'>arbitrium</span> <span class='ocrx_word' id='word_1_422' title='bbox 1540 2811 1733 2857; x_wconf 86' lang='lat' dir='ltr'>suss&#39;erre,</span> <span class='ocrx_word' id='word_1_423' title='bbox 1774 2810 1846 2863; x_wconf 90' lang='lat' dir='ltr'>qui</span> <span class='ocrx_word' id='word_1_424' title='bbox 1875 2815 1946 2849; x_wconf 88' lang='lat' dir='ltr'>aut</span> 
     </span>
    </p>
   </div>
   <div class='ocr_carea' id='block_1_3' title="bbox 1208 2915 1346 2920">
    <p class='ocr_par' dir='ltr' id='par_1_3' title="bbox 1208 2915 1346 2920">
     <span class='ocr_line' id='line_1_43' title="bbox 1208 2915 1346 2920; baseline 0 0"><span class='ocrx_word' id='word_1_425' title='bbox 1208 2915 1346 2920; x_wconf 95' lang='lat' dir='ltr'> </span> 
     </span>
    </p>
   </div>
   <div class='ocr_carea' id='block_1_4' title="bbox 194 2975 1945 3314">
    <p class='ocr_par' dir='ltr' id='par_1_4' title="bbox 194 2975 1945 3314">
     <span class='ocr_line' id='line_1_44' title="bbox 281 2975 1945 3020; baseline -0.002 -9"><span class='ocrx_word' id='word_1_426' title='bbox 281 2980 311 3011; x_wconf 84' lang='lat'>3.</span> <span class='ocrx_word' id='word_1_427' title='bbox 338 2979 455 3020; x_wconf 74' lang='lat' dir='ltr'>referri</span> <span class='ocrx_word' id='word_1_428' title='bbox 477 2979 552 3009; x_wconf 78' lang='lat' dir='ltr'>VS.</span> <span class='ocrx_word' id='word_1_429' title='bbox 581 2995 615 2998; x_wconf 87' lang='lat'>—</span> <span class='ocrx_word' id='word_1_430' title='bbox 642 2976 672 3009; x_wconf 59' lang='lat' dir='ltr'>i.</span> <span class='ocrx_word' id='word_1_431' title='bbox 700 2978 730 3008; x_wconf 84' lang='lat' dir='ltr'>in</span> <span class='ocrx_word' id='word_1_432' title='bbox 756 2977 795 3008; x_wconf 78' lang='lat' dir='ltr'>iis</span> <span class='ocrx_word' id='word_1_433' title='bbox 818 2978 863 3008; x_wconf 88' lang='lat' dir='ltr'>L:</span> <span class='ocrx_word' id='word_1_434' title='bbox 890 2977 922 3008; x_wconf 84' lang='lat' dir='ltr'>in</span> <span class='ocrx_word' id='word_1_435' title='bbox 947 2976 995 3007; x_wconf 79' lang='lat' dir='ltr'>his</span> <span class='ocrx_word' id='word_1_436' title='bbox 1018 2978 1090 3008; x_wconf 69' lang='lat' dir='ltr'>VS.</span> <span class='ocrx_word' id='word_1_437' title='bbox 1121 2995 1154 2999; x_wconf 64' lang='lat'>—-</span> <span class='ocrx_word' id='word_1_438' title='bbox 1181 2977 1211 3007; x_wconf 82' lang='lat'>7.</span> <span class='ocrx_word' id='word_1_439' title='bbox 1237 2976 1387 3007; x_wconf 60' lang='lat' dir='ltr'>miset-(iis</span> <span class='ocrx_word' id='word_1_440' title='bbox 1409 2976 1448 3006; x_wconf 81' lang='lat' dir='ltr'>V.</span> <span class='ocrx_word' id='word_1_441' title='bbox 1480 2994 1512 2996; x_wconf 97' lang='lat'><strong>—</strong></span> <span class='ocrx_word' id='word_1_442' title='bbox 1549 2976 1600 3007; x_wconf 76' lang='lat'>40.</span> <span class='ocrx_word' id='word_1_443' title='bbox 1627 2975 1788 3007; x_wconf 75' lang='lat' dir='ltr'>acricolae</span> <span class='ocrx_word' id='word_1_444' title='bbox 1808 2977 1945 3015; x_wconf 76' lang='lat' dir='ltr'>pecuari</span> 
     </span>
     <span class='ocr_line' id='line_1_45' title="bbox 196 3024 1945 3068; baseline -0.003 -6"><span class='ocrx_word' id='word_1_445' title='bbox 196 3031 234 3061; x_wconf 73' lang='lat' dir='ltr'>V.</span> <span class='ocrx_word' id='word_1_446' title='bbox 261 3048 295 3052; x_wconf 83' lang='lat'>—</span> <span class='ocrx_word' id='word_1_447' title='bbox 325 3031 375 3061; x_wconf 72' lang='lat'>42.</span> <span class='ocrx_word' id='word_1_448' title='bbox 403 3029 487 3068; x_wconf 77' lang='lat' dir='ltr'>quod</span> <span class='ocrx_word' id='word_1_449' title='bbox 510 3028 536 3058; x_wconf 72' lang='lat' dir='ltr'>si</span> <span class='ocrx_word' id='word_1_450' title='bbox 561 3026 661 3058; x_wconf 67' lang='lat' dir='ltr'>edd:</span> <span class='ocrx_word' id='word_1_451' title='bbox 689 3036 768 3066; x_wconf 77' lang='lat' dir='ltr'>qnos</span> <span class='ocrx_word' id='word_1_452' title='bbox 790 3027 816 3057; x_wconf 75' lang='lat' dir='ltr'>si</span> <span class='ocrx_word' id='word_1_453' title='bbox 840 3027 912 3058; x_wconf 75' lang='lat' dir='ltr'>VS.</span> <span class='ocrx_word' id='word_1_454' title='bbox 940 3045 974 3048; x_wconf 88' lang='lat'><strong>—</strong></span> <span class='ocrx_word' id='word_1_455' title='bbox 1004 3028 1055 3058; x_wconf 63' lang='lat'>17.</span> <span class='ocrx_word' id='word_1_456' title='bbox 1083 3037 1122 3059; x_wconf 79' lang='lat' dir='ltr'>ac</span> <span class='ocrx_word' id='word_1_457' title='bbox 1140 3027 1253 3066; x_wconf 77' lang='lat' dir='ltr'>populi</span> <span class='ocrx_word' id='word_1_458' title='bbox 1278 3027 1312 3056; x_wconf 76' lang='lat' dir='ltr'>It.</span> <span class='ocrx_word' id='word_1_459' title='bbox 1340 3024 1439 3056; x_wconf 74' lang='lat' dir='ltr'>edd:</span> <span class='ocrx_word' id='word_1_460' title='bbox 1475 3035 1495 3056; x_wconf 81' lang='lat' dir='ltr'>a</span> <span class='ocrx_word' id='word_1_461' title='bbox 1515 3035 1550 3065; x_wconf 82' lang='lat' dir='ltr'>p.</span> <span class='ocrx_word' id='word_1_462' title='bbox 1576 3027 1612 3057; x_wconf 77' lang='lat' dir='ltr'>It.</span> <span class='ocrx_word' id='word_1_463' title='bbox 1640 3026 1711 3056; x_wconf 87' lang='lat' dir='ltr'>VS.</span> <span class='ocrx_word' id='word_1_464' title='bbox 1740 3042 1774 3046; x_wconf 92' lang='lat'>—</span> <span class='ocrx_word' id='word_1_465' title='bbox 1806 3025 1945 3064; x_wconf 74' lang='lat' dir='ltr'>inploret</span> 
     </span>
     <span class='ocr_line' id='line_1_46' title="bbox 194 3075 1943 3118; baseline -0.002 -9"><span class='ocrx_word' id='word_1_466' title='bbox 194 3080 233 3110; x_wconf 96' lang='lat' dir='ltr'>V.</span> <span class='ocrx_word' id='word_1_467' title='bbox 260 3097 294 3101; x_wconf 88' lang='lat'><em>-</em></span> <span class='ocrx_word' id='word_1_468' title='bbox 320 3088 403 3118; x_wconf 77' lang='lat' dir='ltr'>quac</span> <span class='ocrx_word' id='word_1_469' title='bbox 427 3086 496 3109; x_wconf 88' lang='lat' dir='ltr'>om.</span> <span class='ocrx_word' id='word_1_470' title='bbox 516 3078 548 3108; x_wconf 91' lang='lat' dir='ltr'>S.</span> <span class='ocrx_word' id='word_1_471' title='bbox 571 3094 604 3098; x_wconf 78' lang='lat'><em>-</em></span> <span class='ocrx_word' id='word_1_472' title='bbox 634 3077 684 3107; x_wconf 73' lang='lat'>48.</span> <span class='ocrx_word' id='word_1_473' title='bbox 704 3077 752 3107; x_wconf 83' lang='lat' dir='ltr'>dis</span> <span class='ocrx_word' id='word_1_474' title='bbox 767 3077 811 3106; x_wconf 87' lang='lat' dir='ltr'>V:</span> <span class='ocrx_word' id='word_1_475' title='bbox 840 3077 900 3107; x_wconf 76' lang='lat' dir='ltr'>(liis</span> <span class='ocrx_word' id='word_1_476' title='bbox 916 3077 936 3107; x_wconf 88' lang='lat' dir='ltr'>S</span> <span class='ocrx_word' id='word_1_477' title='bbox 950 3078 986 3108; x_wconf 93' lang='lat' dir='ltr'>O.</span> <span class='ocrx_word' id='word_1_478' title='bbox 1008 3095 1041 3098; x_wconf 94' lang='lat'>—</span> <span class='ocrx_word' id='word_1_479' title='bbox 1068 3078 1120 3108; x_wconf 67' lang='grc' dir='ltr'>σ30.</span> <span class='ocrx_word' id='word_1_480' title='bbox 1139 3077 1298 3107; x_wconf 72' lang='lat' dir='ltr'>salaciam</span> <span class='ocrx_word' id='word_1_481' title='bbox 1314 3076 1358 3111; x_wconf 78' lang='lat' dir='ltr'>V;</span> <span class='ocrx_word' id='word_1_482' title='bbox 1386 3076 1537 3106; x_wconf 69' lang='lat' dir='ltr'>solatium</span> <span class='ocrx_word' id='word_1_483' title='bbox 1555 3076 1624 3107; x_wconf 72' lang='grc' dir='ltr'><strong>ΞΟ.</strong></span> <span class='ocrx_word' id='word_1_484' title='bbox 1652 3076 1711 3114; x_wconf 88' lang='lat' dir='ltr'>(sic</span> <span class='ocrx_word' id='word_1_485' title='bbox 1729 3076 1808 3107; x_wconf 85' lang='lat' dir='ltr'>item</span> <span class='ocrx_word' id='word_1_486' title='bbox 1828 3084 1860 3107; x_wconf 75' lang='grc' dir='ltr'><strong>ν.</strong></span> <span class='ocrx_word' id='word_1_487' title='bbox 1875 3075 1943 3114; x_wconf 65' lang='grc'><strong>34.)</strong></span> 
     </span>
     <span class='ocr_line' id='line_1_47' title="bbox 199 3124 1941 3164; baseline -0.002 -5"><span class='ocrx_word' id='word_1_488' title='bbox 199 3146 233 3150; x_wconf 91' lang='lat'>—</span> <span class='ocrx_word' id='word_1_489' title='bbox 260 3129 416 3159; x_wconf 72' lang='lat' dir='ltr'>relicuum</span> <span class='ocrx_word' id='word_1_490' title='bbox 440 3127 486 3158; x_wconf 71' lang='lat' dir='ltr'>V:</span> <span class='ocrx_word' id='word_1_491' title='bbox 524 3134 592 3156; x_wconf 88' lang='lat' dir='ltr'>om.</span> <span class='ocrx_word' id='word_1_492' title='bbox 619 3126 649 3156; x_wconf 88' lang='lat' dir='ltr'>S.</span> <span class='ocrx_word' id='word_1_493' title='bbox 686 3143 719 3146; x_wconf 88' lang='lat'>—</span> <span class='ocrx_word' id='word_1_494' title='bbox 754 3126 804 3156; x_wconf 72' lang='lat'>23.</span> <span class='ocrx_word' id='word_1_495' title='bbox 832 3126 1005 3157; x_wconf 73' lang='lat' dir='ltr'>iocundum</span> <span class='ocrx_word' id='word_1_496' title='bbox 1029 3128 1062 3158; x_wconf 82' lang='lat' dir='ltr'>S.</span> <span class='ocrx_word' id='word_1_497' title='bbox 1092 3144 1125 3148; x_wconf 97' lang='lat'><strong>—</strong></span> <span class='ocrx_word' id='word_1_498' title='bbox 1157 3126 1208 3157; x_wconf 59' lang='lat'>25„</span> <span class='ocrx_word' id='word_1_499' title='bbox 1236 3125 1407 3156; x_wconf 79' lang='lat' dir='ltr'>cotidianis</span> <span class='ocrx_word' id='word_1_500' title='bbox 1432 3125 1470 3155; x_wconf 88' lang='lat' dir='ltr'>V.</span> <span class='ocrx_word' id='word_1_501' title='bbox 1499 3142 1533 3146; x_wconf 80' lang='lat'>—</span> <span class='ocrx_word' id='word_1_502' title='bbox 1568 3125 1618 3156; x_wconf 73' lang='lat'>26.</span> <span class='ocrx_word' id='word_1_503' title='bbox 1644 3124 1815 3164; x_wconf 62' lang='lat' dir='ltr'>vigilisque</span> <span class='ocrx_word' id='word_1_504' title='bbox 1838 3125 1877 3155; x_wconf 83' lang='lat' dir='ltr'>V.</span> <span class='ocrx_word' id='word_1_505' title='bbox 1906 3143 1941 3147; x_wconf 93' lang='lat'>—-</span> 
     </span>
     <span class='ocr_line' id='line_1_48' title="bbox 196 3174 1943 3213; baseline -0.001 -6"><span class='ocrx_word' id='word_1_506' title='bbox 196 3177 248 3207; x_wconf 74' lang='lat'>⁶27.</span> <span class='ocrx_word' id='word_1_507' title='bbox 274 3177 434 3207; x_wconf 62' lang='lat' dir='ltr'>coettnctus</span> <span class='ocrx_word' id='word_1_508' title='bbox 456 3176 530 3206; x_wconf 83' lang='lat' dir='ltr'>VS.</span> <span class='ocrx_word' id='word_1_509' title='bbox 552 3192 585 3195; x_wconf 85' lang='lat'>-—</span> <span class='ocrx_word' id='word_1_510' title='bbox 615 3175 713 3206; x_wconf 74' lang='lat' dir='ltr'>tendit</span> <span class='ocrx_word' id='word_1_511' title='bbox 736 3176 778 3206; x_wconf 87' lang='lat' dir='ltr'>L:</span> <span class='ocrx_word' id='word_1_512' title='bbox 805 3177 908 3206; x_wconf 77' lang='lat' dir='ltr'>tendet</span> <span class='ocrx_word' id='word_1_513' title='bbox 926 3176 953 3205; x_wconf 84' lang='lat' dir='ltr'>V</span> <span class='ocrx_word' id='word_1_514' title='bbox 968 3178 999 3207; x_wconf 87' lang='lat' dir='ltr'>S.</span> <span class='ocrx_word' id='word_1_515' title='bbox 1022 3193 1057 3198; x_wconf 94' lang='lat'><em>-</em></span> <span class='ocrx_word' id='word_1_516' title='bbox 1084 3176 1136 3207; x_wconf 74' lang='lat'>⁶28.</span> <span class='ocrx_word' id='word_1_517' title='bbox 1163 3176 1211 3206; x_wconf 76' lang='lat' dir='ltr'>(Iis</span> <span class='ocrx_word' id='word_1_518' title='bbox 1226 3175 1268 3205; x_wconf 78' lang='lat' dir='ltr'>V:</span> <span class='ocrx_word' id='word_1_519' title='bbox 1297 3175 1357 3204; x_wconf 74' lang='lat' dir='ltr'>(liis</span> <span class='ocrx_word' id='word_1_520' title='bbox 1381 3176 1400 3204; x_wconf 82' lang='lat' dir='ltr'>S</span> <span class='ocrx_word' id='word_1_521' title='bbox 1415 3175 1450 3205; x_wconf 94' lang='grc' dir='ltr'><strong>Ο.</strong></span> <span class='ocrx_word' id='word_1_522' title='bbox 1472 3191 1506 3195; x_wconf 87' lang='grc'>-</span> <span class='ocrx_word' id='word_1_523' title='bbox 1534 3174 1586 3205; x_wconf 87' lang='grc'><strong>30.</strong></span> <span class='ocrx_word' id='word_1_524' title='bbox 1608 3182 1718 3213; x_wconf 74' lang='lat' dir='ltr'>preces</span> <span class='ocrx_word' id='word_1_525' title='bbox 1742 3175 1766 3204; x_wconf 73' lang='lat' dir='ltr'>si</span> <span class='ocrx_word' id='word_1_526' title='bbox 1784 3175 1822 3203; x_wconf 81' lang='lat' dir='ltr'>S:</span> <span class='ocrx_word' id='word_1_527' title='bbox 1846 3183 1943 3213; x_wconf 80' lang='lat' dir='ltr'>prae-</span> 
     </span>
     <span class='ocr_line' id='line_1_49' title="bbox 197 3223 1944 3265; baseline -0.001 -10"><span class='ocrx_word' id='word_1_528' title='bbox 197 3234 279 3256; x_wconf 77' lang='lat' dir='ltr'>cesse</span> <span class='ocrx_word' id='word_1_529' title='bbox 296 3227 332 3257; x_wconf 78' lang='lat' dir='ltr'>V.</span> <span class='ocrx_word' id='word_1_530' title='bbox 354 3244 386 3247; x_wconf 97' lang='lat'><strong>—</strong></span> <span class='ocrx_word' id='word_1_531' title='bbox 415 3227 447 3256; x_wconf 80' lang='grc' dir='ltr'>(Ιί</span> <span class='ocrx_word' id='word_1_532' title='bbox 462 3225 507 3256; x_wconf 84' lang='lat' dir='ltr'>V:</span> <span class='ocrx_word' id='word_1_533' title='bbox 533 3225 577 3255; x_wconf 77' lang='lat' dir='ltr'>clii</span> <span class='ocrx_word' id='word_1_534' title='bbox 595 3226 615 3255; x_wconf 87' lang='lat' dir='ltr'>S</span> <span class='ocrx_word' id='word_1_535' title='bbox 629 3227 665 3255; x_wconf 82' lang='grc' dir='ltr'><strong>Ο.</strong></span> <span class='ocrx_word' id='word_1_536' title='bbox 687 3243 722 3247; x_wconf 81' lang='lat'>—</span> <span class='ocrx_word' id='word_1_537' title='bbox 744 3229 873 3264; x_wconf 74' lang='lat' dir='ltr'>possent</span> <span class='ocrx_word' id='word_1_538' title='bbox 890 3226 928 3256; x_wconf 95' lang='lat' dir='ltr'>S.</span> <span class='ocrx_word' id='word_1_539' title='bbox 952 3229 1085 3265; x_wconf 77' lang='lat' dir='ltr'>possunt</span> <span class='ocrx_word' id='word_1_540' title='bbox 1102 3225 1139 3255; x_wconf 80' lang='lat' dir='ltr'>V.</span> <span class='ocrx_word' id='word_1_541' title='bbox 1162 3242 1195 3246; x_wconf 90' lang='lat'>—</span> <span class='ocrx_word' id='word_1_542' title='bbox 1222 3223 1274 3255; x_wconf 72' lang='lat'>34.</span> <span class='ocrx_word' id='word_1_543' title='bbox 1292 3224 1415 3254; x_wconf 71' lang='lat' dir='ltr'>solacia</span> <span class='ocrx_word' id='word_1_544' title='bbox 1432 3224 1477 3254; x_wconf 85' lang='lat' dir='ltr'>V:</span> <span class='ocrx_word' id='word_1_545' title='bbox 1503 3225 1621 3254; x_wconf 75' lang='lat' dir='ltr'>solatia</span> <span class='ocrx_word' id='word_1_546' title='bbox 1638 3226 1657 3254; x_wconf 83' lang='lat' dir='ltr'>S</span> <span class='ocrx_word' id='word_1_547' title='bbox 1672 3224 1707 3254; x_wconf 93' lang='lat' dir='ltr'>O.</span> <span class='ocrx_word' id='word_1_548' title='bbox 1730 3241 1763 3244; x_wconf 42' lang='grc' dir='ltr'><strong>ν</strong></span> <span class='ocrx_word' id='word_1_549' title='bbox 1791 3224 1842 3255; x_wconf 83' lang='grc'><strong>38.</strong></span> <span class='ocrx_word' id='word_1_550' title='bbox 1864 3225 1944 3255; x_wconf 85' lang='lat' dir='ltr'>Fon-</span> 
     </span>
     <span class='ocr_line' id='line_1_50' title="bbox 198 3273 1941 3314; baseline -0.001 -9"><span class='ocrx_word' id='word_1_551' title='bbox 198 3274 251 3305; x_wconf 75' lang='lat' dir='ltr'>teii</span> <span class='ocrx_word' id='word_1_552' title='bbox 275 3276 306 3305; x_wconf 81' lang='lat' dir='ltr'>S.</span> <span class='ocrx_word' id='word_1_553' title='bbox 335 3292 368 3296; x_wconf 73' lang='lat'><em>—</em></span> <span class='ocrx_word' id='word_1_554' title='bbox 396 3275 447 3306; x_wconf 82' lang='lat'>39.</span> <span class='ocrx_word' id='word_1_555' title='bbox 468 3274 614 3314; x_wconf 72' lang='lat' dir='ltr'>periuris</span> <span class='ocrx_word' id='word_1_556' title='bbox 635 3274 673 3304; x_wconf 85' lang='lat' dir='ltr'>V.</span> <span class='ocrx_word' id='word_1_557' title='bbox 696 3292 730 3296; x_wconf 90' lang='lat'>—</span> <span class='ocrx_word' id='word_1_558' title='bbox 755 3278 823 3305; x_wconf 74' lang='lat' dir='ltr'>tam</span> <span class='ocrx_word' id='word_1_559' title='bbox 846 3276 884 3305; x_wconf 82' lang='lat' dir='ltr'>S:</span> <span class='ocrx_word' id='word_1_560' title='bbox 912 3277 1004 3305; x_wconf 78' lang='lat' dir='ltr'>tuam</span> <span class='ocrx_word' id='word_1_561' title='bbox 1020 3274 1062 3311; x_wconf 59' lang='lat' dir='ltr'>V,</span> <span class='ocrx_word' id='word_1_562' title='bbox 1088 3277 1163 3304; x_wconf 82' lang='lat' dir='ltr'>lunc</span> <span class='ocrx_word' id='word_1_563' title='bbox 1180 3274 1354 3305; x_wconf 79' lang='lat' dir='ltr'>Graevius.</span> <span class='ocrx_word' id='word_1_564' title='bbox 1381 3273 1486 3313; x_wconf 77' lang='lat' dir='ltr'>(cuius</span> <span class='ocrx_word' id='word_1_565' title='bbox 1508 3275 1594 3306; x_wconf 79' lang='lat' dir='ltr'>vilae</span> <span class='ocrx_word' id='word_1_566' title='bbox 1616 3273 1703 3305; x_wconf 79' lang='lat' dir='ltr'>socia</span> <span class='ocrx_word' id='word_1_567' title='bbox 1726 3274 1941 3306; x_wconf 74' lang='lat' dir='ltr'>virlusmorli</span> 
     </span>
    </p>
   </div>
   <div class='ocr_carea' id='block_1_5' title="bbox 198 3322 1521 3364">
    <p class='ocr_par' dir='ltr' id='par_1_5' title="bbox 198 3322 1521 3364">
     <span class='ocr_line' id='line_1_51' title="bbox 198 3322 1521 3364; baseline -0.002 -8"><span class='ocrx_word' id='word_1_568' title='bbox 198 3332 302 3356; x_wconf 83' lang='lat' dir='ltr'>comcs</span> <span class='ocrx_word' id='word_1_569' title='bbox 323 3324 430 3364; x_wconf 66' lang='lat' dir='ltr'>gloria</span> <span class='ocrx_word' id='word_1_570' title='bbox 454 3324 530 3357; x_wconf 89' lang='lat' dir='ltr'>cod.</span> <span class='ocrx_word' id='word_1_571' title='bbox 558 3323 666 3364; x_wconf 82' lang='lat' dir='ltr'>Oehl.)</span> <span class='ocrx_word' id='word_1_572' title='bbox 694 3342 728 3346; x_wconf 81' lang='lat'>—</span> <span class='ocrx_word' id='word_1_573' title='bbox 754 3324 807 3357; x_wconf 51' lang='lat'>4³¹.</span> <span class='ocrx_word' id='word_1_574' title='bbox 831 3324 971 3356; x_wconf 73' lang='lat' dir='ltr'>victoria</span> <span class='ocrx_word' id='word_1_575' title='bbox 993 3327 1021 3356; x_wconf 78' lang='lat' dir='ltr'>te</span> <span class='ocrx_word' id='word_1_576' title='bbox 1045 3332 1080 3356; x_wconf 81' lang='lat' dir='ltr'>eo</span> <span class='ocrx_word' id='word_1_577' title='bbox 1103 3327 1200 3363; x_wconf 71' lang='lat' dir='ltr'>atque</span> <span class='ocrx_word' id='word_1_578' title='bbox 1223 3324 1253 3355; x_wconf 73' lang='lat' dir='ltr'>S.</span> <span class='ocrx_word' id='word_1_579' title='bbox 1283 3340 1317 3345; x_wconf 95' lang='lat'>—</span> <span class='ocrx_word' id='word_1_580' title='bbox 1343 3322 1459 3362; x_wconf 74' lang='lat' dir='ltr'>imperi</span> <span class='ocrx_word' id='word_1_581' title='bbox 1481 3322 1521 3354; x_wconf 91' lang='lat' dir='ltr'>V.</span> 
     </span>
    </p>
   </div>
  </div>
 </body>
</html>
