2143 3713
1801 230 1874 272 454

631 359 696 396 AD
726 357 910 394 LIBRUM
938 358 986 394 Π.
1015 354 1392 394 ACCUSATIONIS.

236 458 312 490 pag.
339 449 412 481 478.
444 447 559 487 Incipit
588 445 666 477 liber
688 448 826 483 quartus
847 445 983 485 feliciter
1006 445 1065 480 29;
1102 444 1181 476 liber
1209 443 1420 474 Verrium-um
1443 441 1500 477 42;
1533 442 1578 473 Μ.
1607 442 1699 473 Tullii
1723 442 1884 474 Ciceronis

149 506 397 538 Accusationum
418 503 496 535 liber
517 502 586 534 llll.
612 501 724 540 incipit
747 501 778 532 5.
803 501 832 531 6.
854 501 911 538 273
939 502 970 532 in
996 499 1135 540 reliquis
1159 498 1260 530 deest
1282 498 1471 538 inscriptio.
1489 515 1532 520 —
1556 506 1587 528 ν.
1614 498 1643 528 4.
1669 498 1788 528 iudices
1811 506 1880 528 om.

151 560 191 593 42
209 570 241 602 p.
260 579 302 584 —-
324 562 355 592 5.
381 559 501 598 suscepi
523 557 607 589 enim
629 564 764 586 causam
787 557 833 586 rei
855 556 942 595 publ.
963 557 1043 594 (om.
1064 554 1179 586 Verbis
1202 554 1325 593 suscepi
1348 562 1485 584 causam
1507 556 1529 584 ι.
1547 553 1682 592 ordinis)
1700 552 1753 584 42.
1778 553 1884 584 Deest

151 615 251 648 lectio
276 613 508 648 memorabilis
533 611 624 652 apud
648 612 682 642 Z.
709 629 750 633 —-
775 611 804 642 7.
829 620 935 650 posses
960 612 996 642 V.
1023 629 1064 633 ——
1087 610 1118 642 8.
1145 618 1185 640 ac
1205 610 1320 649 firmus
1334 609 1375 640 29
1393 618 1425 650 p.
1453 609 1503 648 (ln
1520 608 1548 638 V
1572 610 1638 639 tola
1665 608 1787 648 pagina
1811 608 1882 639 fere

152 673 317 704 exstincta
343 672 410 709 est,
436 670 472 700 ut
497 676 562 699 non
580 666 693 698 omnia
720 667 903 707 perspicue
928 665 992 706 legi
1017 665 1173 707 possint.)
1190 683 1233 687 —
1256 665 1376 696 venerit
1399 663 1439 696 42
1458 672 1490 705 p.
1508 682 1550 687 —
1574 664 1604 695 9.
1631 665 1698 702 atq.
1721 662 1827 694 habet
1842 664 1882 694 V.

151 745 192 750 ——
217 728 268 758 40.
294 725 517 766 integerrumis
539 722 578 754 V.
604 740 644 744 —
674 723 720 753 ll.
748 723 848 760 adeo,
885 722 977 762 quod
1003 723 1055 753 est
1078 720 1298 752 manifestum
1323 719 1514 760 glossema,
1540 728 1602 750 nos
1626 718 1827 750 inclusimus
1851 720 1885 749 et

154 784 185 814 in
209 782 322 814 adnot.
349 779 587 812 auctoritatem
611 777 689 808 cod.
717 778 795 817 Lag.
823 777 879 815 42,
913 786 1001 817 quae
1033 777 1132 808 deest
1162 775 1253 816 apud
1278 777 1327 814 Z..
1354 775 1562 807 addidimus.
1598 774 1886 807 Emendationem

153 838 326 878 egregiam
359 845 377 867 a
406 836 480 866 Vat.
507 833 764 874 suppeditatum
797 834 900 864 eliam
926 832 1072 864 lx'lolzius
1097 831 1255 871 neglexit.
1298 832 1356 863 Est
1379 832 1495 862 autem
1519 834 1616 869 alque
1639 831 1796 861 nostrum
1819 830 1886 860 und

152 902 256 924 zwar.
280 910 322 915 —
345 891 414 922 dico
438 890 487 922 eV
510 889 583 930 (sed
607 898 638 920 v.
658 897 761 929 supi-1
786 889 828 919 ad
853 897 885 920 x.
904 889 948 928 8.)
975 889 1009 919 ct
1032 888 1135 919 codd.
1163 887 1247 918 dett.
1286 887 1389 918 Recte
1414 887 1547 927 recepIt
1563 886 1742 926 Zumptius
1765 885 1883 923 dicam,

153 949 215 981 sed
239 946 326 980 male
350 955 412 988 p1o
436 945 651 978 coniunctixo
677 954 725 985 ρι
719 945 867 976 iesenlis
893 943 1022 975 habuit.
1046 962 1088 966 --
1110 944 1163 975 20.
1189 943 1345 982 nostram]
1367 943 1512 983 profecto
1535 941 1575 974 42
1599 951 1653 984 p.
1648 951 1653 957 ·
1678 944 1821 973 vestram
1844 939 1885 972 42

153 1013 223 1037 see.
248 1012 294 1035 m.
319 1001 434 1033 -23.
460 1001 672 1041 Karthaqinis
695 1001 743 1031 sic
769 1001 780 1030 l
812 1002 846 1031 et
870 999 928 1035 14;
956 1000 1037 1031 item
1062 1008 1094 1040 p.
1124 999 1195 1030 l79.
1222 999 1252 1030 4.

236 1067 313 1100 pag.
340 1057 412 1089 479.
438 1066 470 1088 v.
494 1057 543 1088 48.
569 1057 681 1095 Itaque
706 1056 795 1086 illam
816 1057 862 1087 M.
882 1056 978 1091 C,al0
1005 1054 1118 1086 deleto
1143 1055 1176 1086 in
1200 1054 1268 1086 fine
1292 1063 1368 1086 voc.
1387 1053 1536 1085 Siciliam
1558 1052 1783 1085 scribendum
1808 1059 1885 1083 esse

152 1115 270 1147 censet
292 1114 414 1145 Bakius
438 1112 458 1144 l.
479 1121 508 1144 c.
527 1120 560 1152 p.
581 1111 640 1143 495
658 1120 710 1151 sq.
738 1110 900 1151 idemque
926 1110 1018 1142 delet
1037 1111 1148 1142 Italico
1163 1119 1195 1142 v.
1214 1110 1267 1141 20.
1285 1129 1328 1132 —-
1352 1110 1363 1141 4
1373 1110 1402 1142 9,
1423 1113 1554 1158 nostrae
1567 1112 1707 1141 matrem
1728 1107 1888 1140 nutricem

152 1170 192 1204 42
216 1179 250 1211 p.
266 1188 309 1193 -—
331 1172 375 1201 est
391 1168 620 1200 suburbanitas
636 1167 676 1198 29
702 1175 747 1198 m.
774 1176 840 1207 pr..
868 1175 934 1198 non
959 1175 1045 1204 sec.,
1072 1168 1108 1197 ut
1131 1167 1177 1197 ait
1200 1167 1333 1206 Zumpt.
1359 1175 1392 1206 p.
1412 1166 1506 1197 4025.

237 1234 313 1267 pag.
334 1225 405 1257 480.
431 1233 464 1256 V.
482 1224 534 1255 24.
561 1223 673 1254 totiens
691 1223 790 1263 Lag-gg.
809 1241 852 1245 -—
868 1223 920 1254 23.
939 1223 1141 1261 criminaque
1155 1222 1343 1253 viderentur
1358 1221 1398 1253 42
1416 1230 1448 1262 p.
1467 1238 1510 1243 —-
1526 1221 1578 1252 27.
1592 1221 1700 1261 pluris
1709 1219 1818 1260 partis
1832 1219 1884 1251 29.

151 1299 193 1305 ——
215 1280 267 1313 34.
292 1280 390 1312 saluti
408 1279 516 1319 potius
537 1278 577 1310 42
594 1287 627 1319 p.
646 1279 720 1310 sinc
744 1279 829 1310 enirn
853 1279 932 1318 (om.
952 1278 999 1317 Z.)
1026 1277 1137 1309 [Iubet
1160 1278 1282 1317 utique
1307 1275 1435 1317 aliquid
1460 1275 1596 1308 molesti
1620 1274 1786 1317 particula
1803 1275 1890 1306 enim

152 1338 248 1369 brevi
264 1334 439 1368 intervallo
456 1335 658 1375 repetita.—
673 1343 802 1374 ecquem
819 1333 912 1366 solus
926 1334 1024 1365 27.—
1040 1334 1092 1365 36.
1106 1333 1207 1364 tantis
1223 1334 1258 1364 et
1273 1335 1378 1370 tanta,
1398 1332 1481 1364 item
1498 1340 1530 1363 v.
1546 1331 1598 1363 37.
1615 1331 1694 1362 mihi
1712 1339 1781 1363 om.
1796 1330 1837 1363 42
1852 1339 1887 1372 p.

236 1401 313 1433 pag.
341 1391 413 1423 484.
439 1400 470 1422 v.
496 1391 528 1422 2.
552 1399 622 1422 una
644 1399 713 1422 om.
741 1390 845 1421 etiam
869 1390 921 1421 29.
954 1407 996 1411 —
1029 1389 1060 1420 6.
1086 1389 1140 1420 Ait
1162 1389 1362 1429 Zumptius:
1398 1388 1531 1419 «Nostri
1559 1386 1662 1418 codd.
1688 1395 1810 1418 omnes
1833 1387 1890 1418 de-

149 1450 292 1479 cerneret
320 1448 459 1488 praeter
487 1447 567 1486 Lag.
594 1446 639 1485 6.,
670 1446 880 1477 narravissent
903 1446 1002 1486 pauci
1027 1446 1106 1485 Lag.
1134 1444 1185 1476 44.
1213 1444 1265 1476 42.
1291 1443 1366 1476 45.»
1399 1442 1487 1475 Talis
1512 1443 1660 1474 varietas
1683 1441 1774 1474 nulla
1797 1441 1891 1484 apud

151 1502 248 1535 Nieb.
274 1504 399 1541 exstat,
426 1510 533 1542 quare
557 1511 659 1543 supra
685 1501 851 1533 lectiones
875 1502 1002 1533 rectius
1027 1501 1265 1532 indicavimus.
1304 1499 1403 1538 Quod
1426 1500 1472 1530 ait
1494 1500 1530 1531 Ζ.
1548 1498 1591 1530 de
1614 1499 1695 1539 Lag.
1714 1499 1759 1537 6.,
1784 1497 1892 1529 habet

151 1557 204 1590 ille
228 1567 261 1590 v.
287 1558 318 1590 7.
344 1559 484 1590 dicerent
507 1566 569 1598 pro
594 1558 731 1595 dicerem
758 1556 839 1589 nihil
863 1559 1047 1598 praeterea
1071 1566 1113 1588 ex
1137 1565 1178 1588 eo
1204 1556 1416 1597 exscriptum
1440 1556 1505 1587 est.
1531 1573 1574 1578 -
1597 1554 1628 1586 6.
1653 1554 1827 1595 legationes
1850 1554 1890 1586 27

153 1613 257 1646 solus.
276 1631 318 1636 —-
340 1614 372 1645 7.
398 1614 539 1645 dicerent
562 1613 580 1645 6
597 1611 702 1645 solus.
723 1631 765 1636 —-
789 1613 818 1644 9.
846 1613 1072 1644 dennnllainus
1094 1622 1146 1644 eos
1168 1613 1201 1643 in
1225 1612 1290 1652 (eos
1311 1611 1449 1642 vinculis
1464 1611 1567 1651 corr.)
1592 1610 1768 1650 studiisque
1790 1609 1831 1642 42
1854 1620 1888 1651 p.

152 1687 195 1692 -
217 1669 269 1702 24.
296 1670 414 1701 decreti
437 1678 506 1701 om.
525 1669 577 1700 29.
606 1668 716 1708 (deest
739 1668 839 1700 lectio
864 1668 954 1709 apud
980 1669 1026 1708 Z.)
1048 1686 1090 1690 ——
1113 1669 1165 1700 26.
1192 1669 1276 1707 quod
1299 1676 1356 1708 eqo
1379 1668 1463 1698 idem
1485 1667 1518 1698 in
1536 1667 1655 1706 paucis
1670 1665 1710 1698 42
1727 1674 1760 1707 p.
1782 1665 1893 1707 (deest

153 1724 253 1756 lectio
277 1724 370 1766 apud
393 1726 446 1761 Ζ.;
473 1724 608 1755 videtur
632 1726 747 1755 aulem
772 1733 829 1764 csso
853 1724 935 1755 idem
960 1733 999 1755 ex
1022 1733 1080 1765 cyo
1104 1725 1232 1763 quidem.
1254 1722 1307 1755 vel
1330 1723 1477 1762 equidem
1500 1724 1700 1764 corruptum
1726 1722 1828 1762 esse.)

155 1781 208 1812 29.
235 1781 349 1819 ecquid
372 1779 518 1818 habent,
544 1780 571 1811 si
594 1778 728 1811 silentio
753 1779 839 1811 fides
864 1782 932 1818 est,
957 1780 997 1811 29
1021 1782 1056 1811 et
1078 1779 1129 1811 45.

242 1844 319 1877 pag.
347 1835 420 1867 482.
447 1844 480 1867 v.
507 1836 536 1866 4.
563 1835 618 1874 qni
640 1835 848 1875 neyotianim·
872 1836 904 1866 in
927 1835 991 1866 Sic.
1017 1834 1057 1867 42
1080 1845 1113 1876 p.
1138 1854 1180 1858 —
1209 1835 1260 1866 40,
1285 1843 1357 1865 suin
1375 1837 1561 1873 persecutus
1584 1833 1625 1866 42
1648 1842 1702 1874 p.:
1734 1834 1795 1864 siin
1812 1842 1893 1873 per-

157 1900 217 1923 sec.
243 1890 345 1922 cedd.
372 1889 445 1922 rell.
472 1892 505 1921 et
529 1890 608 1922 cdd.
651 1889 745 1921 Illam
770 1890 952 1922 lectionem
977 1899 995 1921 a
1020 1891 1054 1922 7..
1081 1900 1147 1922 non
1171 1890 1308 1922 allatam
1333 1898 1394 1922 nos
1417 1889 1645 1921 restituimus.
1677 1907 1720 1911 —-
1752 1890 1804 1921 45.
1828 1889 1895 1920 sive

161 1948 241 1978 ante
264 1955 402 1986 pecuar.
429 1955 498 1977 om.
524 1946 576 1977 42.
602 1965 644 1968 —
669 1946 720 1977 49
746 1950 774 1977 et
798 1948 873 1987 post
898 1948 1016 1978 Itomae
1040 1956 1109 1978 om.
1136 1945 1175 1978 42
1193 1955 1226 1987 p.
1245 1964 1289 1968 —
1310 1946 1363 1977 23.
1389 1954 1412 1976 a
1431 1945 1526 1985 volsJo
1550 1946 1629 1985 (non
1651 1944 1763 1985 volqo,
1790 1945 1826 1975 ut
1849 1945 1895 1975 ait

157 2003 206 2042 Z.)
225 2001 331 2034 habet
347 2002 400 2033 29.
418 2020 461 2024 —
483 2002 535 2033 25.
555 2001 750 2041 perridicule
772 2001 877 2034 hibet
895 2003 996 2034 eliam
1014 2001 1053 2034 42
1073 2012 1104 2043 p.
1123 2021 1165 2024 —
1188 2002 1240 2033 26.
1262 2002 1364 2041 possit
1387 2008 1508 2032 omnes
1525 2001 1616 2041 Lagg
1621 2001 1786 2041 ,praeter
1799 1999 1840 2032 42
1857 2008 1892 2041 p

158 2076 200 2081 —
224 2058 277 2089 34.
303 2058 502 2089 θωὶειωηανε
523 2058 576 2089 29.

240 2121 316 2155 pag.
344 2113 416 2144 483.
442 2121 474 2144 V.
502 2113 531 2143 2.
558 2111 742 2144 lectionem
767 2113 843 2144 cod.
870 2112 910 2144 42
935 2113 1112 2153 Zumplius
1136 2120 1203 2143 non
1228 2113 1389 2144 accurate
1414 2110 1554 2143 rettulit.
1587 2129 1630 2134 -—
1659 2111 1690 2142 3.
1717 2111 1751 2143 C.
1776 2110 1896 2142 Metelli

154 2169 195 2201 42
218 2177 252 2210 p.
278 2186 321 2191 —
350 2169 381 2201 6.
402 2169 505 2208 possit
533 2167 573 2200 42
596 2177 630 2209 p.
655 2187 698 2191 —
731 2169 762 2199 7.
788 2168 1058 2199 nobilissimorum
1088 2176 1246 2206 equorum
1276 2166 1316 2199 42
1341 2176 1392 2207 p.:
1430 2166 1705 2198 nobilissimarum
1733 2175 1895 2206 equarum

154 2224 256 2257 codd.
275 2223 348 2256 rell.
368 2225 402 2256 et
417 2224 497 2256 edd.
533 2223 634 2263 Illud,
661 2223 755 2265 quod
772 2225 806 2255 Z.
826 2232 893 2255 non
918 2224 1039 2262 habet,
1066 2232 1128 2255 nos
1152 2223 1362 2264 recepimus.
1389 2222 1486 2254 Idem
1502 2222 1623 2254 vitium
1645 2230 1750 2263 supra
1773 2221 1847 2253 Lib.
1866 2222 1892 2254 1.

154 2280 185 2320 ἓ.
210 2280 264 2312 28.
290 2289 324 2321 p.
344 2278 417 2319 440,
444 2280 495 2311 42.
522 2289 563 2311 ex
587 2280 712 2311 eodem
738 2279 815 2311 cod.
843 2279 1089 2319 corrigendum
1113 2281 1198 2310 erat.
1217 2297 1259 2301 —-
1282 2279 1313 2310 8.
1338 2278 1388 2309 ila
1409 2278 1494 2309 enim
1509 2277 1534 2310 S
1550 2278 1587 2318 Q.
1612 2278 1751 2309 Dionem
1773 2277 1822 2309 sic
1838 2276 1891 2309 42.

154 2352 197 2359 -—-
220 2336 273 2368 44.
305 2335 357 2368 Ad
386 2334 571 2367 lectionem
598 2335 724 2368 Anniae
750 2337 783 2367 P.
810 2335 906 2367 Annii
936 2335 1094 2366 senatoris
1121 2334 1209 2366 haec
1232 2335 1266 2366 in
1290 2342 1399 2374 marg.
1425 2333 1586 2365 adnotata
1611 2335 1711 2366 sunt:
1749 2332 1895 2364 «Anniae

155 2399 224 2423 om.
250 2391 290 2423 29
319 2392 354 2423 et
375 2391 434 2423 VII
462 2393 602 2433 praeter
629 2391 669 2422 27
706 2392 742 2431 (i.
770 2400 801 2424 e.
827 2391 929 2423 codd.
956 2392 986 2422 4.
1012 2391 1043 2422 5.
1071 2391 1100 2422 6.
1128 2389 1180 2422 44.
1206 2389 1259 2422 45.
1286 2389 1369 2430 48.);
1407 2389 1440 2421 C.
1471 2397 1536 2430 pro
1564 2390 1600 2420 P.
1629 2388 1761 2420 habent
1787 2387 1893 2420 iidem

153 2447 294 2488 praeter
316 2446 475 2479 codicem
499 2447 533 2485 63
559 2447 717 2479 senatoris
738 2447 835 2478 Annii
858 2447 934 2478 29.»
960 2447 1047 2479 Cum
1070 2446 1172 2486 igitur
1194 2444 1408 2486 reliquorum
1432 2444 1534 2477 codd.
1554 2444 1709 2476 omnium
1726 2443 1891 2476 lectiones

153 2503 448 2535 commemoratae
482 2503 565 2542 sint,
600 2503 654 2534 vix
689 2501 853 2534 credibile
883 2503 936 2534 est
969 2501 1098 2534 codicis
1122 2501 1242 2542 optimi
1267 2500 1328 2541 (42)
1353 2499 1539 2532 lectionem
1563 2499 1737 2531 diversam
1759 2499 1891 2531 incuria

153 2558 318 2591 omissam
346 2567 437 2592 esse.
461 2577 503 2581 —
532 2559 584 2591 44.
616 2559 683 2600 filio
707 2557 747 2590 42
771 2568 804 2599 p.
830 2576 873 2581 -
902 2558 953 2590 42.
979 2557 1191 2598 Reliquimus
1214 2556 1474 2588 adnotationem
1496 2554 1650 2594 Iordani,
1675 2562 1890 2595 quamquam

153 2613 329 2646 defectum
352 2615 387 2646 in
411 2614 488 2647 cod.
513 2614 573 2653 42,
601 2623 706 2655 quem
730 2615 825 2646 recte
849 2613 1027 2654 Zumptius
1049 2622 1083 2654 p.
1110 2613 1205 2644 4026.
1231 2611 1460 2651 indicaverat,
1487 2620 1555 2643 non
1578 2611 1741 2642 accurate
1764 2608 1891 2642 retulit.

153 2669 266 2702 Habet
287 2671 406 2702 autem
429 2669 470 2702 42
496 2670 660 2710 (itemque
686 2671 715 2701 4.
741 2670 772 2701 5.
799 2670 829 2701 6.
856 2669 938 2708 45.);
972 2669 1018 2700 M.
1044 2668 1158 2709 Liguri
1186 2668 1328 2700 senatori
1357 2667 1391 2700 C.
1416 2667 1591 2699 Sacerdote
1610 2668 1781 2705 praetore,
1815 2665 1894 2703 quid

152 2724 253 2766 (quod
274 2724 326 2765 42)
352 2728 421 2758 tum
443 2726 487 2756 acl
513 2726 643 2757 Verrem
666 2725 738 2765 quis
760 2724 897 2757 detulit?
919 2724 1043 2756 mediis
1067 2724 1216 2756 omissis.
1253 2724 1341 2755 Cum
1364 2723 1466 2763 igitur
1481 2731 1498 2755 a
1523 2722 1703 2763 superiore
1719 2721 1895 2752 Sacerdote

153 2780 198 2812 ad
221 2780 397 2822 posterius
420 2779 548 2813 librarii
580 2781 626 2813 illi
658 2780 913 2819 aberraverint,
946 2782 981 2811 et
1008 2779 1114 2811 iidem
1143 2779 1221 2818 quid
1249 2782 1333 2817 tum,
1364 2787 1433 2810 non
1457 2776 1604 2819 simplex
1627 2777 1705 2817 quid
1726 2775 1891 2816 habeant,

153 2835 341 2869 verisimile
378 2838 431 2869 est
467 2837 571 2868 etiam
604 2837 798 2878 posteriore
823 2835 899 2867 loco
925 2834 1033 2875 Quid?
1066 2839 1134 2866 tum
1157 2835 1200 2865 ad
1226 2835 1356 2866 Verrem
1379 2834 1450 2874 quis
1473 2832 1612 2866 detulit?
1645 2832 1679 2864 in
1702 2832 1892 2872 archetypo

153 2892 323 2934 scriptum
345 2891 463 2924 fuisse.
489 2911 532 2915 —
555 2891 607 2924 44.
633 2892 840 2924 eaeislumatis
861 2891 902 2923 29
926 2892 960 2922 ct
983 2891 1032 2923 sic
1055 2899 1173 2932 saepe.
1196 2907 1238 2912 —
1262 2890 1314 2921 47.
1339 2892 1448 2921 tamen
1465 2888 1607 2929 putabat
1622 2887 1663 2920 42
1679 2896 1732 2928 p.:
1754 2886 1895 2927 putabat

155 2950 262 2979 tamen
284 2947 388 2980 codd.
414 2946 489 2980 rell.
515 2948 552 2979 O.
588 2946 692 2987 Illud,
719 2947 812 2989 quod
835 2949 869 2979 Z.
895 2947 929 2978 in
953 2946 1034 2978 add.
1060 2946 1184 2985 habet,
1214 2954 1278 2977 nos
1302 2944 1528 2977 restituimus.
1553 2962 1597 2966 —
1620 2944 1671 2974 22.
1698 2943 1732 2975 C.
1758 2941 1849 2984 Sac.]
1872 2951 1894 2974 a

156 3003 328 3036 Sacerdote
349 3003 390 3036 42
413 3013 449 3045 p.
479 3021 522 3026 ——
550 3004 603 3036 25.
627 3005 688 3036 Per
709 3005 792 3035 hunc
817 3002 1004 3044 (Naevium)
1028 3002 1188 3033 hominem
1219 3000 1385 3041 (Dionem)
1415 3000 1528 3032 Veneri
1550 2998 1704 3037 absolvit,
1734 2998 1793 3030 sibi
1815 3007 1894 3030 con-

158 3058 285 3091 demnat
306 3059 426 3092 scribit
448 3060 572 3092 Bakius
595 3058 617 3091 l.
644 3069 675 3092 c
700 3068 734 3100 p.
761 3060 834 3091 497.
859 3077 902 3081 -—
924 3058 977 3089 26.
1003 3066 1026 3088 a
1046 3057 1166 3088 Dionio
1188 3055 1229 3088 42
1252 3064 1287 3097 p
1312 3074 1354 3078 —
1377 3055 1430 3088 28.
1454 3055 1583 3095 Pompei
1605 3055 1657 3087 29.

240 3123 318 3156 pag.
344 3115 419 3148 484.
443 3124 477 3147 v.
503 3116 534 3147 2.
559 3115 690 3147 Manilii
712 3114 766 3147 vel
789 3114 907 3147 Manili
931 3121 1053 3145 omnes
1078 3113 1170 3152 Lagg
1174 3112 1339 3153 ,praeter
1353 3109 1411 3150 42,
1437 3110 1496 3151 qui
1518 3109 1626 3142 habet
1639 3109 1773 3149 Manlii,
1799 3110 1837 3141 ut
1852 3109 1892 3142 V.

158 3186 200 3192 —
222 3168 254 3202 3.
274 3172 437 3210 paecunia
458 3171 499 3211 V,
523 3171 562 3202 ut
583 3171 732 3212 saepius.
749 3189 792 3194 —
815 3171 846 3202 9.
871 3179 955 3202 socr.
982 3169 1031 3200 sic
1054 3167 1094 3199 V.
1118 3185 1162 3190 —-
1185 3167 1238 3200 40.
1262 3166 1402 3206 hospitia
1424 3166 1475 3198 sic
1497 3166 1537 3198 V.
1561 3182 1605 3189 —-
1627 3164 1680 3197 43.
1703 3164 1832 3198 Satisne
1846 3182 1896 3189 —-

154 3224 243 3265 prof.
267 3230 344 3258 esset
365 3235 436 3260 om.
461 3226 503 3259 42
525 3235 560 3268 p.
584 3244 627 3250 --
657 3227 709 3259 30.
734 3225 872 3259 Falsum
896 3226 949 3257 est
971 3223 1066 3265 quod
1096 3223 1143 3255 ait
1164 3224 1199 3254 Z.
1224 3222 1517 3264 praepositionem
1538 3222 1593 3261 in,
1629 3229 1719 3262 quae
1741 3221 1895 3262 primum

161 3288 205 3312 ex
227 3280 304 3313 cod.
329 3282 505 3315 Nanniano
529 3282 696 3322 accessit,
721 3282 756 3314 in
777 3281 940 3315 omnibus
965 3278 1067 3313 codd.
1093 3278 1256 3317 inveniri3
1282 3278 1389 3310 immo
1412 3277 1513 3310 abest
1535 3286 1556 3310 a
1579 3277 1598 3309 7
1621 3277 1726 3318 Lagg.
1751 3275 1835 3310 dett.
1851 3293 1895 3300 -—

160 3333 214 3368 30.
237 3335 292 3369 HS
313 3335 413 3371 0000
431 3338 525 3372 milia
547 3345 618 3370 om.
643 3337 685 3371 42
706 3346 741 3379 p.
