2175 3718
179 229 260 271 136
676 228 730 268 IN
759 227 979 270 VERREM
1008 226 1172 269 ACTIO
1205 226 1447 269 SECUNDA

175 344 310 382 Erunt
349 341 474 381 etiam
514 340 715 388 fortasse,
756 340 937 388 iudices,
980 341 1051 393 qui
1090 340 1208 379 illum
1240 340 1329 379 eius
1368 338 1606 392 peculatum
1636 338 1702 378 vel
1731 340 1929 382 acerrime

177 404 473 445 vindicandum
509 409 678 457 putent,
720 404 833 457 quod
874 403 952 442 iste
993 404 1046 442 M.
1074 402 1260 441 Marcelli
1291 407 1332 441 et
1361 403 1402 441 P.
1432 401 1615 441 Africani
1647 409 1929 451 monumenta,

178 479 284 519 quae
325 466 494 506 nomine
534 466 726 512 illorum,
768 479 811 504 re
850 478 948 504 vera
987 464 1133 517 populi
1165 464 1339 503 Romani
1371 470 1411 503 et
1442 469 1559 503 erant
1589 467 1629 502 et
1657 462 1931 512 habebantur,

178 541 230 567 ex
260 526 368 567 sanis
400 528 728 580 religiosissimis
761 532 800 566 et
832 539 884 565 ex
913 526 1086 565 urbibus
1118 527 1328 565 sociorum
1350 532 1477 580 atque
1499 525 1729 565 amicorum
1750 538 1836 565 non
1858 526 1932 565 du-

146 589 318 635 5bitarit
347 589 523 629 auferre.
583 590 630 629 V.
664 586 728 627 112.
760 587 988 626 Emerserit
1018 601 1069 626 ex
1099 588 1319 640 peculatus
1349 588 1473 628 etiam
1500 586 1678 626 iudicio:
1711 587 1934 627 meditetur

178 652 228 691 de
260 651 435 691 ducibus
465 652 669 698 hostium,
702 663 808 704 quos
830 655 1000 702 accepta
1020 651 1199 702 pecunia
1219 650 1430 699 liberavit3
1461 651 1622 696 videat,
1655 648 1756 702 quid
1779 649 1829 688 de
1849 649 1932 689 illis

177 714 450 767 respondeat,
482 728 588 767 quos
619 714 662 753 in
693 726 837 752 eorum
869 711 1007 751 locum
1039 712 1229 751 subditos
1261 713 1372 752 domi
1396 726 1496 752 suae
1518 711 1767 759 reservavit3
1805 724 1934 765 quae-

177 782 240 816 rat
270 789 354 816 non
386 776 542 822 solum,
582 774 935 829 quemadmodum
966 780 1108 814 nostro
1140 775 1326 822 crimini,
1363 789 1507 815 verum
1539 774 1664 813 etiam
1696 787 1780 827 quo
1811 778 1932 826 pacto

179 851 278 879 suae
324 838 578 878 confessioni
619 838 754 890 possit
799 836 976 884 mederi;
1024 838 1259 876 meminerit
1297 851 1339 877 se
1379 838 1518 890 priore
1558 836 1722 876 actione
1754 835 1933 874 clamore

129 918 164 947 ⁴0
178 901 323 954 populi
363 901 538 940 Romani
580 900 732 939 infesto
768 905 893 952 atque
925 899 1094 939 inimico
1127 900 1352 939 cxcitatum
1383 900 1621 940 consessum
1653 912 1766 945 esse,
1807 898 1934 937 duces

178 965 437 1017 praedonum
479 978 501 1003 a
543 978 587 1004 se
626 963 761 1003 securi
792 976 876 1002 non
909 975 999 1001 esse
1030 975 1272 1014 percussos,
1315 976 1359 1001 se
1390 963 1471 1001 iam
1503 968 1587 1001 tum
1619 974 1710 1000 esse
1741 960 1933 1006 veritum,

179 1040 231 1066 ne
263 1026 342 1065 sibi
374 1026 536 1065 crimini
568 1027 736 1065 daretur
767 1038 838 1064 eos
870 1025 920 1064 ab
952 1038 995 1063 se
1036 1025 1214 1077 pecunia
1245 1025 1464 1070 liberatos;
1508 1024 1687 1063 fateatur
1715 1022 1779 1069 id,
1821 1022 1934 1074 quod

178 1088 321 1139 negari
353 1102 437 1127 non
458 1093 618 1140 potest,
650 1101 713 1134 se,
745 1088 952 1140 privatum
972 1085 1185 1125 hominem
1200 1118 1209 1133 ‚
1240 1087 1501 1140 praedonum
1523 1086 1648 1125 duces
1669 1085 1787 1124 vivos
1809 1090 1934 1137 atque

178 1150 410 1189 incolumes
442 1150 553 1189 domi
587 1163 705 1196 suae,
736 1155 1012 1202 posteaquam
1042 1150 1214 1187 Romam
1245 1149 1437 1196 redierit,
1472 1162 1605 1201 usque
1637 1148 1735 1186 dum
1766 1160 1839 1198 per
1868 1161 1934 1187 nie

131 1212 364 1259 mlii-uerit,
396 1212 633 1251 retinuisse.
692 1212 781 1251 Hoc
813 1212 855 1250 in
886 1211 959 1254 illo
990 1211 1219 1251 maiestatis
1251 1212 1406 1250 iudicio
1439 1211 1473 1250 si
1500 1210 1668 1249 licuisse
1695 1208 1774 1247 sibi
1796 1215 1935 1248 osten-

180 1275 307 1322 derit,
347 1288 423 1327 ego
465 1275 701 1327 oportuisse
742 1273 984 1313 concedam.
1042 1275 1105 1313 Ex
1142 1274 1221 1313 hoc
1254 1287 1422 1328 quoquc.
1456 1273 1652 1313 evaserit:
1696 1268 1936 1322 proficiscar

180 1350 252 1384 eo,
298 1350 382 1390 quo
423 1350 488 1377 me
527 1337 608 1376 iam
649 1337 811 1390 pridem
849 1342 970 1376 vocat
1008 1334 1189 1389 populus
1230 1339 1452 1377 Romanus.
1514 1334 1577 1375 13.
1611 1336 1672 1374 De
1703 1334 1792 1373 iure
1825 1334 1935 1373 enim

180 1398 383 1438 libertatis
425 1404 466 1439 et
506 1399 685 1439 civitatis
725 1413 845 1438 suum
885 1404 1003 1451 putat
1034 1412 1124 1438 esse
1161 1399 1383 1446 iudicium,
1426 1404 1467 1439 et
1496 1403 1605 1438 recte
1637 1400 1767 1449 putat.
1829 1394 1936 1434 Con-

178 1460 333 1513 fringat
361 1461 438 1501 iste
470 1475 569 1501 sane
600 1462 639 1501 vi
673 1476 747 1501 sua
778 1461 954 1501 consilia
985 1461 1215 1508 senatoria,
1251 1462 1519 1515 quaestiones
1542 1460 1727 1500 omnium
1749 1471 1937 1510 perrum-

128 1540 166 1567 ρο
180 1527 272 1575 pat,
305 1524 444 1563 evolet
474 1538 527 1563 ex
557 1529 693 1564 vestra
725 1525 966 1563 severitate:
1000 1524 1099 1563 mihi
1123 1525 1302 1570 credite,
1334 1524 1559 1563 artioribus
1590 1522 1700 1575 apud
1730 1520 1935 1573 populum

145 1613 149 1616 -
178 1587 412 1625 Romanum
444 1587 607 1640 laqueis
638 1588 860 1627 tenebitur.
922 1586 1070 1626 Credet
1100 1586 1150 1625 iis
1182 1586 1392 1639 equitibus
1423 1585 1620 1624 Romanis
1653 1584 1833 1636 populus
1854 1583 1936 1621 Ro-

179 1661 346 1695 manus,
390 1649 461 1702 qui
501 1650 551 1687 ad
592 1663 666 1689 vos
706 1655 800 1689 ante
843 1648 1037 1702 producti
1078 1653 1205 1687 testes
1251 1647 1352 1699 ipsis
1394 1646 1724 1699 inspectantibus
1764 1646 1813 1685 ab
1854 1646 1934 1685 isto

180 1710 313 1749 civem
345 1712 597 1758 Romanum,
630 1713 702 1765 qui
735 1712 971 1763 cognitores
1002 1711 1194 1749 homines
1226 1710 1424 1749 honestos
1448 1711 1583 1755 daret,
1615 1708 1823 1748 sublatum
1845 1721 1936 1747 esse

179 1771 222 1810 in
253 1786 418 1812 crucem
450 1773 659 1813 dixerunt.
722 1771 735 1812 l
748 1773 784 1813 1.
820 1774 996 1813 Credent
1028 1786 1172 1811 omnes
1203 1787 1228 1812 v
1260 1778 1299 1811 et
1329 1786 1416 1810 xxx
1446 1772 1577 1811 tribus
1598 1770 1757 1810 homini
1780 1770 1936 1822 gravis-

131 1849 166 1879 25
180 1834 284 1873 simo
324 1840 448 1888 atque
490 1837 778 1884 ornatissimo,
824 1838 878 1875 M.
909 1836 1066 1881 Annio,
1113 1836 1184 1888 qui
1216 1849 1259 1874 se
1291 1839 1509 1887 praesente
1541 1834 1672 1872 civem
1704 1833 1935 1871 Romanum

180 1897 314 1936 securi
346 1911 591 1950 pelcussum
622 1912 712 1938 esse
745 1898 865 1937 dixit.
910 1898 1116 1936 Audietu1
1146 1910 1169 1935 a
1199 1898 1357 1950 populo
1389 1898 1574 1936 Romano
1607 1896 1668 1935 xir
1698 1895 1935 1948 primarius,

179 1972 307 2011 eques
338 1960 572 2007 Romanus,
610 1960 654 1999 L.
686 1960 872 2006 llavius,
906 1960 977 2012 qui
1009 1974 1130 1999 suum
1160 1959 1407 1999 familiarem
1438 1959 1718 2004 Herennium,
1749 1957 1937 2008 negotia-

178 2027 310 2060 torem
350 2035 402 2061 ex
438 2022 597 2070 Africa,
645 2037 738 2062 cum
785 2036 880 2061 eum
927 2022 1361 2075 bu‘1‹11s1s·uuplius
1403 2027 1569 2061 centum
1610 2021 1720 2060 cixes
1761 2019 1937 2059 Romani

178 2090 479 2136 cognosceleut
508 2085 749 2124 lacrimam(
747 2099 858 2138 sque
881 2084 1169 2131 desender,ent
1202 2098 1277 2137 pro
1302 2085 1540 2123 testimonio
1563 2083 1669 2122 dixit
1689 2082 1824 2122 seculi
1846 2094 1937 2121 esse

128 2163 164 2190 30
178 2160 435 2199 percussum.
495 2148 691 2187 Probabit
722 2146 843 2187 tidem
876 2153 915 2186 et
947 2147 1237 2186 auctoritatem
1270 2153 1310 2185 et
1340 2147 1587 2198 religionem
1620 2159 1737 2184 suam
1768 2146 1812 2183 L.
1836 2145 1938 2184 Sue-

179 2209 282 2256 tius,
322 2209 449 2249 homo
489 2210 684 2249 omnibus
727 2210 981 2249 ornamentis
1015 2208 1249 2260 praeditus,
1291 2209 1361 2262 qui
1394 2209 1553 2248 iuratus
1585 2208 1695 2260 apud
1726 2220 1800 2246 vos
1832 2207 1938 2245 dixit

178 2272 332 2310 multos
364 2272 476 2311 cives
507 2272 716 2310 Romanos
748 2272 791 2311 iu
822 2271 1035 2310 lautumiis
1067 2270 1185 2309 istius
1227 2271 1401 2323 imperio
1434 2271 1718 2309 crudelissime
1748 2283 1823 2322 per
1853 2270 1935 2308 vim

179 2337 310 2371 morte
343 2346 434 2371 esse
466 2333 675 2372 multatos.
722 2334 839 2372 Ilanc
872 2346 947 2385 ego
980 2346 1145 2372 causam
1180 2347 1272 2372 cum
1305 2348 1421 2383 agam
1454 2331 1655 2372 beneficio
1687 2331 1833 2384 populi
1855 2332 1936 2369 Ro-

178 2395 289 2433 mani
329 2395 379 2434 de
420 2395 513 2435 loco
551 2396 788 2448 superiore,
832 2410 914 2435 non
947 2410 1114 2443 vereor,
1160 2410 1210 2435 ue
1242 2401 1311 2435 aut
1344 2396 1467 2435 istum
1498 2396 1560 2434 xis
1590 2395 1675 2433 ulla
1707 2407 1760 2433 ex
1789 2393 1935 2445 populi

127 2472 164 2501 35
178 2457 352 2497 Romani
384 2459 592 2509 suffragiis
624 2459 785 2511 eripere
817 2464 885 2498 aut
917 2473 940 2498 a
971 2473 1035 2498 me
1067 2460 1199 2498 ullum
1230 2473 1380 2498 munus
1411 2458 1636 2498 aedilitatis
1666 2456 1844 2508 amplius
1865 2459 1936 2495 aut

178 2521 334 2571 gratius
366 2521 525 2573 populo
557 2522 745 2560 Romano
777 2535 868 2560 esse.
899 2521 1045 2573 possit.

289 2583 356 2622 VI.
389 2580 453 2621 15.
487 2582 752 2635 Quapropter
784 2596 927 2621 omnes
958 2585 999 2623 in
1031 2585 1109 2623 hoc
1144 2584 1300 2623 iudicio
1327 2589 1532 2623 conentur
1553 2584 1714 2622 omnia:
1747 2581 1853 2621 nihil
1874 2586 1937 2621 est

178 2645 281 2691 iam,
314 2646 427 2698 quod
458 2645 501 2683 in
530 2645 608 2684 hac
639 2658 763 2684 causa
795 2659 965 2697 peccare
988 2647 1234 2699 quisquam,
1269 2647 1448 2692 iudices,
1481 2646 1560 2685 nisi
1586 2650 1722 2684 vestro
1745 2644 1933 2697 periculo

177 2707 323 2759 possit.
382 2708 475 2746 Mea
507 2707 675 2760 quidem
707 2708 812 2746 ratio
845 2722 938 2747 cum
970 2709 1011 2747 iu
1044 2708 1277 2761 praeteritis
1309 2708 1432 2747 rebus
1466 2712 1528 2747 est
1559 2708 1747 2759 cognita,
1780 2712 1866 2746 tum
1894 2706 1935 2745 in

128 2768 350 2821 40reliquis
382 2769 598 2821 explorata
629 2774 755 2822 atque
786 2771 955 2822 provisa
986 2776 1059 2810 est.
1100 2771 1189 2823 Ego
1222 2784 1358 2809 meum
1392 2770 1576 2809 studium
1608 2769 1649 2807 iu
1681 2782 1766 2808 rem
1799 2768 1936 2821 publi-

177 2844 265 2870 cam
296 2832 376 2870 iam
408 2832 481 2870 illo
513 2837 701 2884 tempore
733 2833 919 2879 ostendi,
961 2846 1053 2871 cum
1086 2833 1211 2885 longo
1244 2832 1463 2872 intervallo
1496 2837 1677 2870 veterem
1710 2835 1935 2870 cousuetu-

177 2894 316 2933 dinem
347 2894 487 2934 rettuli
519 2900 559 2934 et
588 2900 735 2946 rogatu
766 2896 974 2934 sociorum
1005 2900 1131 2949 atque
1163 2895 1392 2935 amicorum
1424 2894 1568 2947 populi
1591 2893 1790 2939 Romani,
1822 2905 1934 2932 meo-

263 3047 293 3079 4.
325 3052 354 3079 οι
388 3057 430 3080 eac
466 3048 512 3079 (33
530 3046 587 3086 ς).
612 3048 722 3087 Lgsssst
757 3057 799 3078 ev
823 3048 884 3079 dtt.
912 3048 949 3079 Ο.
984 3067 1018 3070 -
1051 3049 1208 3081 dubitarit
1241 3049 1287 3080 Ld
1313 3049 1402 3087 Lgea
1426 3049 1492 3078 St:
1528 3047 1677 3078 dubitant
1708 3048 1748 3076 Gt
1768 3046 1808 3080 2;
1845 3046 1935 3076 dubi-

177 3099 294 3129 taz-erit
319 3099 380 3130 dtt.
408 3099 444 3129 Ο.
475 3116 508 3120 -
537 3099 589 3129 11.
613 3099 728 3136 praest.
757 3107 777 3128 α
800 3107 832 3128 se
857 3100 896 3129 ui
920 3100 935 3128 2
964 3099 1041 3137 hg.
1062 3101 1202 3139 praeter
1226 3097 1290 3129 42:
1317 3107 1338 3127 (ι
1361 3107 1393 3127 se
1412 3106 1466 3135 pr.
1486 3096 1547 3127 du.
1568 3097 1604 3126 O.
1628 3114 1662 3117 -
1689 3096 1741 3126 15.
1765 3094 1935 3125 retinuisse

179 3149 219 3178 (ἰΙ
239 3149 257 3178 ’2
283 3150 348 3178 5ῑ.;
376 3148 512 3178 tenuisse
536 3147 598 3178 (ltt.
619 3151 655 3178 (J.
680 3166 710 3168 ν*
741 3149 791 3179 17.
817 3157 868 3178 me
892 3148 957 3178 iam
978 3158 1032 3187 pr.
1053 3151 1090 3180 A.
1111 3149 1191 3179 aust
1220 3149 1286 3178 iam
1309 3155 1359 3177 me
1378 3156 1432 3185 pr.
1460 3147 1525 3177 Gt:
1551 3155 1601 3177 me
1624 3146 1691 3175 iam
1715 3154 1775 3174 non
1799 3153 1851 3182 pr.
1872 3144 1930 3174 (22.

180 3215 216 3219 —
245 3198 295 3228 18.
322 3197 416 3238 recle]
443 3198 571 3228 rationo
595 3198 634 3228 Gt
665 3197 763 3237 prob.
792 3197 936 3228 lilleudt.
962 3198 1004 3228 ad
1031 3198 1073 3229 (le
1092 3200 1184 3228 (ti-at.
1211 3196 1282 3227 Vol.
1303 3197 1340 3227 11.
1368 3205 1400 3235 p.
1422 3195 1471 3225 13.
1508 3197 1547 3226 At
1567 3193 1738 3231 vulgatam
1763 3193 1836 3223 iure
1861 3195 1934 3224 tue-

179 3250 234 3278 tur
258 3247 368 3278 Madv.
396 3249 420 3279 Ι.
452 3256 485 3288 p.
512 3247 586 3278 332.
619 3250 688 3278 not.
720 3248 746 3278 1.
781 3266 814 3269 -
852 3248 903 3278 20.
937 3250 1049 3278 nostra.
1078 3249 1123 3278 (52
1138 3257 1169 3285 ς.
1199 3264 1235 3268 -
1268 3246 1318 3276 22.
1352 3246 1395 3274 (ul
1426 3253 1482 3274 nos
1505 3246 1546 3275 Gt
1566 3247 1596 3274 2.
1627 3260 1659 3264 —
1697 3246 1772 3273 ante
1795 3243 1835 3273 Gt
1856 3243 1929 3280 2ςῑ

179 3300 277 3328 antea
301 3297 363 3328 dtt.
390 3300 427 3329 (J.
456 3316 491 3320 —-
518 3298 570 3329 28.
597 3306 670 3329 cum
693 3306 761 3328 om
790 3297 835 3328 G'J
860 3296 902 3328 al.
932 3314 965 3319 —
1001 3298 1052 3328 30.
1084 3294 1315 3327 διιοίοηιίιεὶῑ
1345 3294 1509 3325 §enecatis
1532 3295 1595 3331 Gt3
1627 3292 1773 3324 Suectuis
1796 3292 1854 3322 (32.
1891 3293 1933 3323 At

180 3348 222 3381 ct.
249 3349 289 3379 11.
339 3349 423 3380 .31.
451 3349 490 3379 V.
517 3348 548 3389 g.
576 3347 649 3380 417.
678 3365 713 3371 —
740 3348 792 3380 38
819 3351 928 3379 thSIJO
954 3347 1012 3378 Gt.
1041 3365 1075 3367 ῌ
1103 3346 1156 3378 39.
1181 3350 1249 3377 leun
1272 3345 1315 3386 in]
1341 3348 1409 3376 lum
1433 3344 1492 3375 Gt.
