2127 3708
574 217 668 258 CAP.
700 215 1007 257 xxi-xxa.
1043 213 1117 268 §§·
1149 212 1354 255 64-71.
1836 212 1890 256 49

139 331 484 375 dominantibus?
544 327 667 376 Quod
699 328 732 368 si
763 328 887 368 velim
919 326 1128 375 confiteri,
1160 326 1286 375 illud,
1319 326 1490 380 opinor,
1522 328 1774 376 concedent,
1803 341 1889 368 non

139 400 451 450 procuratorem
489 392 531 431 P.
562 390 747 438 Quinctii
788 391 996 430 neminem
1026 389 1180 437 fuisse,
1223 389 1295 429 sed
1326 388 1555 442 gratiosum
1584 389 1726 431 fuisse.
1787 391 1889 430 Mihi

141 465 278 500 autem
308 458 358 498 ad
388 454 636 497 vincendum
668 454 768 494 satis
792 459 874 500 est,
905 453 1034 493 fuisse
1059 457 1394 506 procuratorem,
1427 451 1595 505 quicum
1616 453 1889 505 experiretur.

143 522 287 571 Qualis
316 520 351 559 is
381 518 525 565 fuerit,
558 516 591 557 si
623 517 746 556 modo
775 517 990 556 absentem
1021 515 1271 555 defendebat
1301 528 1376 568 per
1405 514 1471 554 ius
1503 520 1544 554 et
1572 528 1646 568 per
1677 516 1891 569 magistra-

143 590 249 631 tum,
280 581 383 622 nihil
415 580 466 620 ad
497 592 584 619 rem
615 580 794 620 arbitror
822 579 1043 632 pertinere.
1065 599 1119 607 —
1149 576 1215 617 69.
1246 578 1370 624 Erat,
1411 577 1571 630 inquit,
1603 578 1767 618 illarum
1798 592 1891 631 par·
1922 584 1942 613 5

142 646 258 685 tium.
279 665 332 673 -
363 641 551 691 Quidni?
594 642 665 695 qui
698 641 809 694 apud
840 647 879 681 te
911 646 1020 681 essct
1050 641 1246 688 eductus,
1292 653 1417 693 quem
1448 644 1493 678 tu
1525 652 1548 679 a
1578 653 1709 693 puero
1741 642 1799 681 sic
1830 642 1892 681 in-

144 707 370 753 stituisses‚
401 710 447 745 ut
477 705 608 744 nobili
639 718 690 743 ne
722 703 942 756 gladiatori
975 704 1146 757 quidem
1175 703 1346 743 faveret.
1407 703 1469 750 Si,
1511 704 1625 756 quod
1656 708 1700 742 tu
1730 716 1893 756 semper

143 783 300 810 summe
331 767 502 821 cupisti,
535 767 646 806 idem
677 767 845 806 volebat
872 766 1069 814 Alfenus,
1112 780 1160 806 ea
1189 780 1232 806 re
1264 766 1339 806 tibi
1371 780 1463 806 cum
1495 780 1544 806 00
1575 780 1650 819 par
1679 767 1891 806 contentio

142 845 225 872 non
255 832 375 871 erat?
395 852 449 858 —
470 829 604 875 Bruti,
636 829 794 882 inquit,
827 834 913 868 erat
940 829 1180 877 familiaris;
1214 829 1355 882 itaque
1375 829 1410 868 is
1432 829 1727 869 intercedebat.
1747 851 1801 858 —-
1831 830 1893 868 Tu

142 899 285 934 contra
313 891 523 937 Burrieni,
556 891 627 944 qui
661 891 857 930 iniuriam
879 891 1149 938 decernebat,
1182 891 1369 931 omnium
1395 891 1577 944 denique
1598 891 1789 939 illorum,
1821 891 1894 944 qui
1912 897 1943 926 ¹0

141 960 227 995 tum
258 960 298 995 et
326 959 519 1008 poterant
549 967 624 1006 per
654 954 738 993 vim
770 959 811 993 et
841 954 976 993 scelus
1008 953 1232 1006 plurimum
1265 959 1328 1001 et,
1361 953 1474 1007 quod
1505 958 1721 1006 poterant,
1752 954 1795 993 id
1822 967 1895 993 au-

141 1019 305 1058 debant.
363 1019 426 1057 An
469 1030 613 1057 omnes
654 1022 698 1056 tu
735 1017 837 1056 istos
870 1016 1035 1056 vincere
1067 1016 1256 1064 volebas,
1300 1017 1372 1070 qui
1403 1030 1532 1063 nunc,
1579 1022 1624 1056 tu
1654 1022 1701 1056 ut
1730 1017 1894 1063 vincas,

141 1087 255 1121 tanto
287 1094 414 1134 opere
444 1080 667 1120 laborant?
720 1079 839 1118 Ande
870 1078 911 1117 id
945 1078 1106 1126 dicere,
1136 1093 1221 1119 non
1252 1079 1412 1132 palam,
1446 1079 1520 1119 sed
1551 1079 1654 1132 ipsis
1686 1091 1792 1132 quos
1825 1078 1896 1118 ad-

140 1145 320 1185 vocasti:
351 1143 515 1183 tametsi
546 1142 644 1182 nolo
677 1155 767 1182 eam
803 1154 891 1181 rem
922 1141 1288 1181 commemorando
1319 1155 1544 1190 renovare,
1575 1142 1693 1182 cuius
1724 1141 1895 1181 omnino

139 1207 200 1247 rei
239 1207 481 1247 memoriam
513 1219 677 1246 omnem
709 1204 798 1244 tolli
828 1204 1017 1244 funditus
1049 1218 1095 1244 ac
1127 1205 1256 1244 deleri
1287 1205 1465 1245 arbitror
1497 1210 1704 1259 oportere.
1762 1205 1947 1244 xxnffi

141 1267 207 1308 70.
248 1269 382 1310 Unum
418 1268 523 1308 illud
563 1268 678 1308 dico:
719 1267 753 1307 si
785 1267 1176 1319 propterpartium
1205 1266 1390 1307 studium
1420 1272 1569 1320 potens
1597 1273 1685 1308 erat
1710 1266 1897 1315 Alfenus,

139 1331 456 1384 potentissimus
486 1331 690 1378 Naevius;
722 1330 755 1370 si
786 1329 917 1369 fretus
949 1330 1081 1382 gratia
1112 1330 1352 1383 postulabat
1381 1330 1542 1384 aliquid
1571 1330 1760 1384 iniquius
1787 1329 1900 1369 Alfe-

141 1407 239 1442 nus,
280 1394 411 1434 multo
450 1394 664 1448 iniquiora
704 1392 885 1433 'Naevius
923 1392 1185 1445 impetrabat.
1244 1394 1391 1446 Neque
1433 1393 1544 1433 enim
1574 1393 1684 1433 inter
1714 1391 1900 1432 studium

140 1461 324 1496 vestrum
356 1456 599 1510 quidquam,
629 1461 675 1496 ut
706 1456 879 1509 opinor,
911 1455 1119 1503 interfuit;
1151 1456 1344 1509 ingenio,
1374 1461 1616 1504 venustate,
1648 1452 1823 1495 artificio
1854 1459 1900 1494 tu

141 1517 262 1558 facile
292 1518 442 1559 vicisti.
487 1519 539 1559 Ut
568 1519 651 1559 alia
682 1519 892 1565 omittam,
924 1518 1005 1557 1100
1034 1518 1134 1558 satis
1159 1523 1242 1558 est:
1273 1517 1447 1558 Alfenus
1470 1532 1565 1558 cum
1586 1519 1637 1559 iis
1660 1523 1700 1558 et
1728 1522 1901 1572 propter
1913 1522 1950 1552 20

142 1593 214 1620 eos
253 1581 398 1634 periit,
445 1595 552 1635 quos
595 1582 817 1635 diligebat;
857 1587 902 1621 tu
938 1586 1162 1635 postquam
1195 1581 1266 1635 qui
1296 1581 1371 1621 tibi
1404 1587 1522 1622 erant
1551 1582 1674 1622 amici
1709 1595 1795 1622 non
1825 1594 1901 1635 po-

141 1648 276 1684 terant
303 1644 491 1692 vincere,
531 1649 577 1684 ut
607 1644 728 1685 amici
760 1644 835 1683 tibi
866 1649 1005 1684 essent
1041 1645 1115 1698 qui
1141 1644 1389 1693 vincebant,
1431 1645 1617 1685 effecisti.
1678 1641 1743 1684 71.
1777 1643 1901 1693 Quod

142 1706 177 1746 si
208 1711 295 1746 tum
334 1704 513 1760 partibi
554 1707 619 1746 ius
651 1720 745 1746 cum
774 1705 924 1746 Alfeno
955 1706 1085 1746 fuisse
1115 1720 1201 1746 non
1231 1712 1374 1760 putas,
1417 1709 1516 1762 quia
1546 1714 1687 1748 tamen
1717 1707 1900 1761 aliquem

143 1774 288 1809 contra
316 1775 356 1809 te
387 1770 590 1810 advocare
621 1774 802 1823 poterat,
842 1768 942 1822 quia
980 1769 1246 1822 magistratus
1278 1770 1408 1824 aliqui
1438 1771 1748 1824 reperiebatur,
1789 1769 1902 1823 apud

145 1844 270 1884 quem
299 1831 437 1871 Alfeni
470 1845 595 1871 causa
625 1831 893 1871 consisteret:
938 1831 1039 1884 quid
1068 1832 1150 1871 1100
1181 1837 1368 1886 tempore
1402 1833 1600 1881 Quinctio
1633 1833 1902 1874 statuendum
1916 1834 1955 1865 25

145 1895 235 1932 est?
275 1893 342 1932 cui
381 1906 520 1945 neque
552 1894 816 1946 magistratus
854 1893 990 1933 adhuc
1021 1906 1180 1947 aequus
1210 1894 1405 1935 inventus
1438 1900 1501 1935 est
1530 1909 1668 1949 neque
1698 1895 1902 1935 iudicium

145 1954 355 1994 redditum
395 1960 458 1994 est
494 1956 714 2002 usitatum,
752 1968 837 1994 non
877 1955 1091 2003 condicio,
1133 1970 1219 1996 non
1250 1958 1444 2010 sponsio,
1483 1971 1568 1997 non
1600 1958 1785 2012 denique
1815 1956 1903 1996 11113

146 2029 346 2070 umquam
375 2017 611 2058 intercessit
640 2017 890 2071 postulatio,
922 2018 1040 2058 mitto
1072 2032 1229 2072 aequa,
1260 2032 1405 2059 verum
1436 2025 1531 2060 ante
1562 2020 1643 2060 hoc
1664 2025 1828 2073 tempus
1849 2031 1902 2058 110

146 2078 271 2118 fando
305 2079 474 2133 quidem
505 2080 660 2120 audita.
705 2081 766 2120 De
795 2093 839 2119 re
870 2080 1112 2133 pecuniaria
1142 2082 1266 2134 cupio
1299 2083 1564 2122 contendere.
1585 2103 1639 2112 —-·
1668 2083 1762 2122 Non
1789 2083 1902 2122 licet.

145 2161 199 2169 —
229 2141 282 2180 At
311 2154 360 2182 ea
391 2142 675 2182 controversia
706 2148 781 2182 est.
802 2163 856 2171 —
886 2141 999 2181 Nihil
1030 2142 1083 2182 ad
1113 2156 1178 2182 me
1209 2143 1376 2193 attinet3
1409 2158 1577 2185 causam
1607 2144 1757 2198 capitis
1789 2145 1902 2185 dicas
1916 2147 1953 2177 3⁰

146 2207 324 2257 oportet.
344 2225 398 2234 —
418 2205 597 2253 Accusa,
627 2205 699 2244 ubi
720 2205 779 2245 ita
797 2217 970 2245 necesse
994 2210 1068 2245 est.
1090 2226 1145 2235 —-
1166 2206 1283 2255 Non,
1315 2207 1474 2261 inquit,
1506 2208 1588 2248 nisi
1609 2212 1656 2248 tu
1675 2212 1772 2248 ante
1791 2220 1902 2248 novo

231 2345 263 2377 4.
293 2345 471 2378 concedant
489 2345 544 2378 Bb
557 2345 653 2378 ceti.
682 2362 719 2369 —-
749 2347 779 2379 3.
809 2346 951 2388 quicum]
981 2347 1036 2387 qui
1064 2356 1162 2387 quom
1186 2349 1222 2381 P.
1248 2367 1284 2372 —
1309 2350 1519 2389 erperiretur
1547 2351 1594 2382 P:
1623 2351 1770 2391 eatperim'
1801 2353 1907 2391 posset

145 2402 227 2427 cum
243 2394 370 2428 ceteris
388 2395 567 2428 codicibus
582 2394 700 2429 ALssO.
729 2395 804 2428 vid.
823 2396 958 2438 Madvig
975 2398 1101 2439 Opusc.
1117 2397 1174 2430 alt.
1194 2408 1229 2440 p.
1245 2399 1318 2431 31¹0.
1340 2416 1376 2422 —-
1397 2399 1429 2432 4.
1456 2403 1486 2432 et
1507 2401 1742 2441 mayistratum
1765 2400 1906 2440 (omisso

141 2443 216 2485 per)
242 2443 332 2477 bck
359 2447 394 2478 et
419 2444 454 2480 2.
480 2463 516 2468 —
545 2447 577 2479 ὅ.
605 2446 691 2478 Erat
715 2447 740 2478 P
766 2445 902 2486 (saltem
918 2446 974 2479 ed.
1000 2448 1174 2487 Patavina)
1202 2449 1226 2480 B
1242 2448 1332 2481 dek
1354 2451 1389 2481 et
1409 2449 1453 2483 8:
1479 2450 1567 2482 Erat
1591 2451 1678 2482 enim
1704 2458 1786 2482 cum
1809 2451 1908 2481 cete-

144 2494 192 2526 ris
224 2492 322 2527 libris
357 2496 472 2528 ALO.
501 2513 536 2518 —
574 2496 605 2528 6.
639 2496 718 2536 quid
744 2505 817 2536 neq.
850 2498 941 2537 apud
968 2499 1005 2529 P.
1032 2516 1068 2521 —
1100 2499 1233 2530 eductus
1256 2499 1303 2530 P:
1340 2499 1497 2530 educatus
1520 2508 1604 2532 cum
1628 2500 1755 2532 ceteris
1782 2499 1909 2531 codici-

144 2542 212 2576 bus
235 2542 385 2578 ALsso.
419 2545 468 2577 Cf.
495 2545 526 2587 ἓ.
551 2546 604 2578 21.
633 2564 669 2569 -
695 2546 726 2578 7.
752 2549 841 2578 ueret
863 2547 888 2578 Β
907 2547 928 2579 d
947 2547 1150 2588 efghin,
1187 2552 1358 2580 uereretur
1392 2547 1480 2581 Gal
1510 2551 1545 2581 et
1573 2558 1643 2590 mg.
1669 2548 1697 2588 f,
1734 2550 1796 2580 iret
1828 2547 1851 2580 b
1870 2557 1905 2587 0,

145 2594 294 2626 caederet
318 2594 531 2637 (annumque
555 2596 591 2628 id
613 2595 762 2629 verbum
786 2606 805 2629 a
829 2597 1017 2629 recentiori
1040 2598 1179 2638 manu»)
1206 2606 1259 2639 m,
1285 2599 1410 2630 cederet
1432 2598 1454 2629 k
1478 2600 1513 2630 et
1535 2597 1646 2632 ΑΕΒ.
1673 2598 1812 2640 (faveret
1834 2599 1858 2630 P
1875 2599 1910 2628 et

149 2645 269 2677 «vetus
292 2642 401 2677 liber»
428 2646 562 2686 Ursini.)
589 2663 624 2668 —-
659 2647 694 2679 Si
718 2647 814 2688 quod]
839 2648 922 2679 sicut
945 2647 1084 2679 codices
1108 2650 1251 2689 praeter
1273 2649 1298 2679 P
1323 2657 1447 2680 omnes
1472 2650 1506 2680 et
1528 2647 1639 2682 ΑΕΒ.
1668 2665 1705 2671 -
1730 2648 1762 2680 8.
1787 2655 1910 2680 summe

148 2701 218 2726 om.
245 2694 271 2726 G
287 2702 306 2726 a
322 2693 346 2726 b
364 2703 383 2727 0
401 2694 423 2727 d
439 2694 488 2728 fl.
508 2713 543 2717 —
569 2697 685 2736 cupisti
708 2698 756 2729 P:
781 2698 960 2737 concupisti
984 2706 1065 2729 cum
1089 2698 1215 2730 ceteris
1239 2696 1336 2730 libris
1359 2699 1387 2730 A
1401 2696 1461 2732 Lss
1475 2698 1512 2729 O.
1535 2715 1571 2720 —
1596 2697 1692 2739 idem]
1718 2699 1793 2730 item
1815 2698 1853 2729 L.
1872 2713 1907 2720 -

146 2743 297 2784 atfaenus
319 2746 356 2777 P.
385 2761 420 2768 -—
458 2744 488 2777 9.
514 2755 579 2778 non
603 2755 670 2779 om.
696 2747 722 2778 B
740 2746 798 2778 ab
817 2746 839 2778 d
856 2756 874 2778 0
892 2746 1018 2787 131111
1035 2757 1058 2779 11
1082 2749 1117 2779 01
1138 2746 1250 2781 ALss.
1280 2765 1313 2771 -
1352 2747 1459 2789 Bruti]
1483 2748 1584 2779 Breui
1606 2750 1645 2780 A.
1675 2765 1710 2770 —-
1748 2748 1800 2779 40.
1826 2747 1912 2778 Bur-

145 2793 241 2835 rieni]
265 2794 407 2826 Brutum
428 2795 461 2827 k.
489 2814 525 2819 -—
552 2796 607 2836 qui
630 2799 747 2828 contra
770 2797 929 2828 iniuriam
951 2796 995 2828 kl
1012 2806 1058 2835 m,
1087 2798 1142 2837 qui
1158 2798 1285 2829 iniuria
1301 2798 1474 2830 Manutius
1492 2800 1526 2829 et
1541 2798 1667 2830 Rax‘ius
1688 2798 1765 2829 Var.
1783 2798 1868 2829 Lect.
1883 2797 1909 2828 I.

145 2850 181 2883 p.
199 2841 252 2874 35.
271 2860 307 2866 ·-
331 2844 465 2876 illorum
479 2845 536 2877 tibi
558 2847 741 2878 societatem
757 2846 958 2888 adiunyebas
973 2847 1028 2886 qui
1040 2848 1073 2879 k.
1092 2865 1126 2869 —
1154 2848 1207 2879 Μ.
1222 2851 1252 2879 et
1268 2849 1348 2879 ante
1365 2857 1398 2879 v.
1412 2851 1567 2887 poterant
1583 2856 1652 2879 om.
1667 2849 1704 2879 P.
1723 2865 1759 2870 —
1785 2847 1837 2879 42.
1855 2855 1912 2878 no-

147 2890 235 2923 lebas
254 2892 317 2925 Bb
337 2893 408 2935 (df)
427 2895 524 2935 ghi,
549 2896 705 2928 manebas
727 2897 758 2927 k.
780 2914 817 2919 —
844 2896 895 2928 43.
921 2899 1089 2936 tantopere
1111 2897 1252 2928 BGab
1271 2897 1363 2929 cde
1381 2897 1567 2938 fghikn
1592 2896 1753 2930 etALss.
1775 2896 1914 2936 —ipsis

147 2942 196 2974 P:
219 2942 248 2973 is
268 2943 349 2982 ipsis
371 2943 494 2986 abln,
518 2947 580 2978 hiis
602 2947 679 2987 ipsis
702 2946 819 2985 cdfi,
843 2947 892 2977 his
914 2946 992 2986 ipsis
1015 2956 1096 2979 011111
1113 2947 1238 2978 ceteris
1255 2946 1436 2979 codicibus
1452 2946 1571 2981 ALssO.
1593 2964 1628 2969 —
1657 2947 1708 2979 ⁴4.
1727 2947 1915 2978 aduocastis

149 2990 204 3023 ab
219 3000 238 3024 0
251 2992 408 3034 digiln
433 2996 467 3027 et
483 3004 535 3036 pr.
557 3005 587 3028 e.
608 3014 644 3018 —
663 2997 830 3028 tamenetsi
846 2997 870 3027 B
883 2995 906 3026 b
922 2995 974 3027 cd
987 2996 1000 3028 t
1013 2998 1110 3037 gin,
1130 3000 1240 3028 tamen
1255 2997 1282 3028 si
1298 3006 1330 3035 a,
1349 3000 1418 3028 tum
1435 2998 1491 3029 etsi
1504 2999 1530 3029 G
1545 2996 1566 3029 l.
1594 2997 1735 3038 (tametsi
1751 2998 1856 3029 etiam
1872 2997 1910 3036 P,

150 3039 276 3074 saltem
300 3042 403 3074 editio
428 3045 618 3085 Patavina.)
642 3063 677 3067 -—
704 3046 755 3077 47.
778 3046 1020 3085 potentissimus
1042 3050 1114 3078 erat
1135 3047 1257 3078 Nevius
1281 3055 1362 3078 cum
1379 3047 1499 3080 Ursino
1517 3047 1554 3078 L.
1574 3063 1610 3070 —
1642 3047 1694 3079 48.
1719 3047 1825 3079 multa
1847 3047 1872 3079 B
1887 3048 1914 3078 G

152 3091 186 3121 et
208 3098 260 3131 pr.
279 3099 310 3123 e.
339 3108 375 3114 ——
400 3094 561 3133 nequiora
582 3095 615 3126 k.
636 3112 673 3118 —
698 3094 883 3135 imperabat
905 3097 944 3127 A.
966 3113 1001 3117 —
1028 3097 1081 3128 49.
1104 3098 1272 3128 venustate
1294 3095 1478 3128 Turnebus
1503 3097 1538 3128 et
1560 3096 1734 3128 Muretus:
1759 3099 1916 3127 vetustate

152 3147 234 3171 cum
257 3140 604 3179 codicibusALsso.
633 3145 682 3177 Cf.
706 3145 736 3186 g.
758 3146 810 3176 Η.
830 3145 882 3176 93.
911 3162 947 3167 -—
973 3145 1026 3177 20.
1051 3145 1101 3186 iis]
1127 3146 1175 3176 his
1198 3144 1445 3178 Gabehmn
1469 3147 1504 3177 et
1525 3146 1570 3185 A,
1596 3146 1624 3176 is
1646 3144 1667 3177 l.
1696 3161 1732 3168 —
1758 3145 1812 3178 23.
1836 3145 1917 3186 fuis-

151 3192 197 3221 set
218 3189 251 3221 k.
280 3207 316 3214 -
341 3192 461 3235 tamen]
491 3196 559 3226 tum
582 3194 668 3226 hik
692 3197 727 3227 et
747 3196 793 3235 A,
830 3203 904 3226 cum
927 3203 960 3226 n.
989 3211 1025 3218 -
1056 3194 1110 3227 24.
1145 3195 1250 3235 aliqui
1272 3194 1563 3236 Bbcdeghin
1595 3195 1630 3226 et
1658 3204 1712 3237 pr.
1737 3195 1765 3228 f:
1796 3196 1917 3235 aliquis

154 3247 235 3271 cum
250 3239 394 3282 reliquis
411 3242 589 3277 codicibus
604 3245 668 3276 AL
682 3244 704 3279 ΣΞ
718 3245 755 3277 O.
777 3262 812 3267 —
836 3243 1085 3284 reperiebantur
1099 3245 1124 3276 B
1138 3243 1161 3276 b
1177 3252 1196 3275 0
1209 3243 1230 3276 d
1244 3253 1262 3276 e
1274 3244 1298 3276 h
1311 3245 1321 3276 i
1334 3253 1411 3276 n.-
1437 3245 1489 3277 25.
1517 3244 1622 3286 quem]
1648 3253 1728 3284 quos
1750 3245 1775 3276 B
1789 3254 1807 3277 0
1821 3245 1844 3276 h
1855 3244 1866 3275 i
1879 3253 1913 3276 n.

155 3305 193 3312 —
218 3289 272 3322 28.
296 3292 435 3332 nefande
451 3301 489 3334 e,
514 3294 659 3335 nefanda
679 3295 719 3326 A.
744 3312 780 3317 —
805 3293 859 3325 29.
886 3293 1058 3325 audituA.
1086 3311 1122 3316 —
1148 3292 1200 3325 30.
1226 3293 1267 3325 At
1286 3293 1336 3335 ea]
1361 3294 1406 3326 ad
1427 3302 1467 3327 ea
1489 3293 1514 3326 B
1531 3292 1590 3326 ab
1608 3302 1627 3326 c
1644 3292 1914 3336 dsghikln,

153 3337 195 3373 At
215 3347 256 3374 ea
277 3340 419 3376 derel..
438 3357 475 3367 —
502 3341 556 3376 3⁴.
581 3343 649 3384 ubi]
672 3342 716 3375 ibi
734 3341 977 3384 Bbcdghi,
1001 3342 1059 3376 tibi
1080 3341 1332 3384 afklm(?)n.
