2175 3718
595 227 683 266 Lm.
713 225 744 265 1.
787 224 882 265 Cn».
915 223 1096 265 11-1v.
1132 223 1205 277 §§·
1237 222 1406 264 4-—4·1.
1849 221 1929 263 435

177 340 323 393 giones
361 351 460 380 vero
504 336 868 390 caerimoniaeque
899 337 1084 376 omnium
1116 349 1328 376 sacrorum
1358 335 1637 390 fanorumque
1668 337 1847 377 violatae
1877 335 1933 375 si-

177 402 446 455 mulacraque
478 400 672 446 deorum,
711 411 819 450 quae
851 410 934 437 non
975 399 1099 438 modo
1133 411 1184 437 ex
1215 399 1301 438 suis
1332 398 1500 450 templis
1531 399 1668 438 ablata
1699 404 1816 445 sunt,
1858 397 1931 438 sed

178 463 303 504 etiam
345 463 483 502 iacent
525 462 567 500 in
607 460 790 500 tenebris
828 461 878 500 ab
919 461 998 501 isto
1029 466 1190 501 retrusa
1221 465 1347 513 atque
1377 459 1535 506 abdita,
1582 461 1810 499 consistere
1842 460 1931 498 eius

176 525 362 565 animum
391 524 481 564 sine
510 523 651 563 furore
682 528 809 576 atque
841 524 1021 563 amentia
1052 536 1136 562 non
1168 523 1325 561 sinunt.
1384 522 1422 561 8.
1454 523 1602 574 Neque
1633 521 1710 561 iste
1742 523 1843 561 mihi
1872 522 1932 561 vi-

176 588 297 627 detur
340 599 384 627 se
425 586 475 625 ad
514 585 823 625 damnationem
855 585 991 624 solum
1023 586 1184 631 offerre,
1216 597 1353 638 neque
1384 585 1463 623 hoc
1494 583 1691 622 avaritiae
1723 583 1964 635 supplicio5

176 647 386 688 communi
425 648 498 701 qui
540 660 584 687 se
623 651 687 686 tot
716 647 942 687 sceleribus
974 647 1243 687 obstrinxerit
1275 651 1496 686 contentus
1529 658 1641 685 esse:
1680 645 1933 697 singularem

176 711 385 764 quandam
415 723 593 764 poenam
625 710 746 750 istius
778 709 969 748 immanis
1000 715 1125 761 atque
1149 709 1387 761 importuna
1408 713 1556 747 natura
1578 706 1800 746 desiderat.
1841 708 1934 746 Non

175 773 218 811 id
250 771 385 811 solum
415 772 651 825 quaeritur,
682 776 728 810 ut
759 771 838 810 isto
871 772 1066 810 damnato
1088 771 1198 809 bona
1225 771 1496 810 restituantur
1516 770 1586 816 iis,
1619 770 1771 822 quibus
1793 775 1935 822 erepta

175 839 291 881 sunt,
323 833 395 874 sed
426 838 468 874 et
496 834 722 886 religiones
755 834 929 873 deorum
960 834 1256 872 immortalium
1288 832 1521 885 expiandae
1553 837 1592 871 et
1613 832 1765 872 civium
1786 832 1935 871 Roma-

175 911 324 938 norum
354 897 560 938 cruciatus
591 896 903 949 multorumque
936 895 1223 934 innocentium
1249 896 1418 949 sanguis
1446 895 1565 935 istius
1588 895 1795 947 supplicio
1817 895 1983 934 luen-40

176 960 253 1000 dus
285 965 359 999 est.
397 957 436 999 9.
457 960 550 998 Non
571 958 682 998 enim
702 957 850 1005 furem,
873 958 944 997 sed
967 963 1220 1010 ereptorem,
1252 972 1335 997 non
1357 958 1606 1004 adulterum,
1627 957 1699 997 sed
1721 971 1936 1011 expugna-

175 1026 306 1061 torem
336 1020 585 1074 pudicitiae,
625 1033 710 1060 non
741 1020 1011 1073 sacrilegum,
1044 1020 1116 1059 sed
1146 1020 1308 1059 hostem
1341 1033 1553 1059 sacrorum
1584 1019 1934 1073 religionumque,

174 1096 261 1123 non
301 1083 517 1130 sicarium,
548 1082 622 1123 sed
652 1082 985 1122 crudelissimum
1017 1080 1253 1122 carnificem
1285 1083 1437 1122 civium
1469 1083 1765 1135 sociorumque
1796 1081 1838 1120 in
1865 1095 1936 1121 ve-

175 1152 306 1187 strum
336 1145 539 1185 iudicium
570 1144 844 1191 adduximus,
876 1150 922 1184 ut
953 1158 1028 1197 ego
1059 1145 1170 1184 hunc
1200 1158 1330 1184 unum
1362 1145 1567 1184 eiusmodi
1599 1158 1715 1184 reum
1746 1149 1842 1197 post
1861 1144 1937 1183 ho-

174 1208 334 1249 minum
364 1209 608 1248 memoriam
638 1207 768 1247 fuisse
799 1208 996 1254 arbitrer,
1028 1207 1094 1246 cui
1128 1207 1314 1246 damnari
1345 1207 1576 1260 expediret.
1950 1218 1986 1247 45

285 1271 353 1311 IV.
384 1272 489 1311 Nam
519 1271 613 1324 quis
644 1270 725 1309 hoc
755 1283 839 1309 non
870 1269 1088 1322 intelligit,
1128 1270 1250 1309 istum
1295 1269 1531 1309 absolutum
1575 1269 1639 1309 dis
1675 1269 1938 1309 hominibus-

175 1347 258 1388 que
299 1333 441 1374 invitis
482 1338 620 1373 tamen
652 1346 705 1373 ex
734 1332 926 1372 manibus
957 1333 1104 1385 populi
1135 1333 1311 1372 Romani
1343 1332 1447 1385 eripi
1480 1332 1596 1371 nullo
1627 1332 1753 1372 modo
1784 1334 1937 1385 posse?

176 1397 281 1446 Quis
310 1396 391 1436 hoc
420 1409 505 1435 non
537 1395 756 1448 perspicit,
800 1395 1013 1448 praeclare
1045 1395 1262 1434 nobiscum
1294 1400 1431 1434 actum
1462 1395 1536 1442 iri,
1580 1394 1614 1434 si
1645 1395 1827 1448 populus
1858 1395 1939 1433 Ro-

177 1472 324 1499 manus
356 1458 477 1498 istius
508 1458 632 1497 unius
664 1457 871 1510 supplicio
904 1462 1124 1497 contentus
1164 1457 1290 1497 fuerit
1320 1471 1367 1497 ac
1398 1471 1482 1497 non
1514 1458 1572 1497 sic
1603 1459 1814 1506 statuerit,
1854 1471 1939 1497 non

176 1523 301 1562 istum
333 1521 466 1560 maius
499 1521 543 1560 in
574 1534 666 1560 sese
698 1520 833 1560 scelus
866 1520 1130 1573 concepisse,
1162 1534 1255 1560 cum
1286 1519 1383 1560 fana
1412 1520 1621 1573 spoliarit,
1653 1535 1748 1561 cum
1776 1525 1837 1560 tot
1865 1520 1987 1560 ho-20

176 1585 308 1623 mines
347 1583 594 1623 innocentes
634 1582 814 1629 necarit,
854 1595 949 1622 cum
992 1583 1102 1622 cives
1134 1584 1343 1623 Romanos
1374 1589 1530 1630 morte,
1572 1584 1775 1631 cruciatu,
1817 1597 1940 1623 cruce

176 1645 381 1693 affecerit,
421 1657 514 1685 cum
560 1645 820 1698 praedonum
853 1645 979 1684 duces
1010 1650 1182 1697 accepta
1211 1645 1391 1698 pecunia
1423 1645 1648 1693 dimiserit,
1689 1659 1814 1700 quam
1845 1659 1938 1694 eos,

178 1709 212 1748 si
243 1708 315 1761 qui
337 1708 463 1747 istum
484 1711 558 1755 tot,
590 1707 736 1754 tantis,
768 1712 851 1746 tam
876 1707 1047 1746 nefariis
1068 1708 1296 1747 sceleribus
1320 1713 1564 1760 coopertum
1586 1708 1709 1749 iurati
1733 1709 1940 1750 sententia

179 1784 254 1810 sua
284 1770 532 1810 liberarint?
584 1767 649 1808 llO.
680 1771 773 1808 Non
805 1774 890 1816 est,
921 1782 1004 1808 non
1036 1775 1099 1809 est
1127 1770 1170 1811 in
1200 1770 1278 1810 hoc
1309 1770 1479 1811 homine
1511 1771 1707 1825 cuiquam
1737 1771 1940 1825 peccandi

177 1832 316 1878 locus,
349 1831 531 1870 iudices:
562 1844 647 1870 non
678 1831 712 1870 is
745 1836 807 1870 est
835 1844 956 1878 reus,
987 1844 1073 1870 non
1104 1831 1146 1870 id
1177 1837 1364 1886 tempus,
1395 1846 1481 1872 non
1511 1833 1555 1873 id
1587 1835 1810 1874 consilium
1842 1834 1940 1887 (me-
1953 1843 1990 1874 25

178 1899 251 1933 tuo
282 1905 333 1932 ne
365 1893 466 1945 quid
497 1893 760 1945 arrogantius
792 1894 903 1946 apud
926 1893 1029 1933 tales
1051 1894 1162 1934 viros
1183 1894 1329 1934 videar
1350 1894 1527 1947 dicere),
1559 1910 1611 1936 ne
1632 1901 1747 1937 actor
1768 1897 1940 1951 quidem

180 1961 243 1996 est
271 1955 327 2002 is,
360 1955 426 1994 cui
456 1968 552 1995 reus
583 1961 666 1995 tam
697 1969 876 2003 nocens,
918 1961 1001 1995 tam
1032 1957 1242 2008 perditus,
1274 1962 1357 1996 tam
1388 1958 1522 1998 victus
1554 1964 1626 1998 aut
1656 1959 1818 1998 occulte
1851 1972 1941 1998 sur-

181 2019 261 2071 ripi
293 2022 364 2058 aut
393 2018 563 2070 impune
595 2018 699 2070 eripi
730 2018 875 2070 possit.
926 2017 1001 2057 His
1033 2032 1108 2071 ego
1140 2018 1348 2059 iudicibus
1379 2034 1472 2074 non,
1491 2022 1678 2074 probabo
1703 2021 1744 2061 C.
1767 2023 1941 2061 Verrem

179 2085 323 2120 contra
355 2080 464 2132 leges
495 2080 716 2132 pecuniam
748 2080 940 2132 cepisse?
973 2081 1237 2121 sustinebunt
1268 2083 1372 2122 tales
1403 2083 1481 2122 viri
1512 2097 1555 2123 se
1577 2089 1639 2123 tot
1660 2084 1940 2130 senatoribus,

179 2147 240 2182 tot
270 2142 481 2195 equitibus
511 2143 731 2190 Romanis,
772 2147 833 2182 tot
875 2143 1135 2190 civitatibus,
1175 2149 1236 2184 tot
1278 2144 1518 2185 hominibus
1548 2146 1857 2187 honestissimis
1889 2157 1989 2186 ex30

177 2209 259 2244 tam
290 2204 443 2243 illustri
472 2204 713 2256 provincia,
757 2210 818 2244 tot
848 2205 1101 2258 populorum
1132 2207 1477 2261 privatorumque
1509 2209 1659 2248 litteris
1690 2222 1776 2248 non
1808 2208 1941 2249 credi-

177 2265 309 2312 disse,
339 2270 478 2305 tantae
509 2266 657 2319 populi
687 2267 863 2306 Romani
896 2268 1101 2307 voluntati
1132 2269 1366 2309 restitisse?
1427 2267 1492 2310 llfl.
1525 2271 1789 2311 Sustineant:
1820 2283 1941 2323 repe-

175 2330 355 2376 riemus,
387 2328 423 2368 si
454 2328 580 2368 istum
611 2329 753 2370 vivum
784 2330 834 2370 ad
866 2329 980 2370 aliud
1004 2329 1206 2369 iudicium
1237 2332 1468 2384 perducere
1500 2333 1754 2386 poterimus,
1787 2333 1940 2387 quibus

174 2390 400 2445 probemus
439 2391 565 2431 istum
604 2392 649 2431 in
689 2396 915 2446 quaestura
953 2392 1177 2445 pecuniam
1218 2393 1429 2446 publicam
1462 2394 1533 2435 Cn.
1567 2395 1746 2435 Carboni
1777 2395 1941 2435 consuli

175 2454 312 2494 datam
333 2454 554 2502 avertisse3
577 2455 730 2508 quibus
749 2455 1078 2508 persuadeamus
1099 2455 1225 2495 istum
1247 2456 1384 2496 alieno
1406 2458 1577 2498 nomine
1599 2471 1623 2498 a
1644 2457 1939 2512 quaestoribus
1953 2468 1990 2498 35

173 2516 366 2563 urbanis,
398 2517 512 2570 quod
532 2518 672 2570 priore
693 2519 859 2558 actione
881 2518 1111 2566 didicistis,
1142 2519 1365 2572 pecuniam
1386 2520 1623 2560 abstulisse.
1681 2521 1835 2567 Erunt,
1866 2519 1939 2573 qui

174 2583 216 2619 et
243 2578 287 2618 in
318 2591 367 2619 eo
399 2592 572 2633 quoque
603 2581 821 2620 audaciam
853 2581 943 2621 eius
974 2582 1304 2633 reprehendant,
1347 2583 1461 2636 quod
1502 2583 1667 2636 aliquot
1695 2583 1939 2623 nominibus

174 2641 225 2681 de
265 2642 419 2695 capite,
465 2647 668 2696 quantum
709 2644 976 2683 commodum
1011 2643 1159 2692 fuerit,
1200 2644 1400 2685 frumenti
1443 2645 1665 2685 decumani
1696 2645 1938 2685 detraxerit.

261 2746 292 2777 5.
318 2745 423 2777 solum
447 2747 565 2787 offerre
588 2747 630 2778 Gt
647 2747 723 2785 23:
750 2748 868 2787 offerre
890 2747 947 2778 sol.
967 2747 1027 2779 dtt.
1048 2749 1085 2780 O.
1108 2766 1142 2771 —
1170 2749 1221 2779 Μ.
1248 2753 1429 2789 ereptorem
1446 2749 1564 2788 codd,
1582 2749 1643 2781 Iul.
1662 2750 1781 2781 Sever.
1807 2758 1840 2790 p.
1861 2749 1935 2781 342.

172 2795 258 2828 344:
283 2798 453 2836 raptorem
476 2796 578 2828 codd.
605 2805 712 2828 nonn.
739 2806 794 2838 ap.
823 2796 960 2835 Quintil.
987 2797 1018 2835 8,
1034 2797 1065 2835 4,
1084 2799 1115 2829 2.
1145 2815 1179 2843 ,-
1209 2799 1259 2830 47.
1287 2800 1407 2840 tamen]
1433 2809 1506 2831 eum
1531 2800 1571 2831 Gt
1591 2800 1643 2837 25-
1667 2798 1709 2830 al.
1735 2799 1785 2830 De
1803 2800 1884 2839 ng.
1904 2801 1939 2830 et

172 2845 233 2878 Ld.
251 2846 398 2877 tacetur.
424 2844 568 2886 Vulgata
593 2847 646 2877 est
670 2855 689 2877 a
713 2848 836 2886 Naug.;
862 2850 971 2878 tamen
994 2856 1063 2878 om.
1086 2849 1123 2880 L.
1153 2866 1187 2870 —
1215 2849 1304 2880 mello
1327 2850 1423 2880 modo
1445 2849 1529 2888 eripi
1545 2849 1604 2880 Gt.
1626 2866 1659 2872 —
1691 2849 1742 2881 49.
1765 2848 1867 2888 fuerit
1889 2848 1936 2880 G3

172 2905 193 2934 ς
216 2895 319 2935 Lg29.
345 2895 450 2926 Prisc.
477 2896 516 2926 11.
548 2903 582 2935 p.
610 2895 685 2926 460.
717 2895 777 2928 Iul.
809 2897 887 2927 Sev.
922 2905 955 2937 p.
982 2896 1067 2928 343:
1099 2898 1161 2929 erit
1189 2898 1251 2930 dtt.
1282 2916 1315 2921 —
1355 2908 1395 2930 ac
1426 2900 1453 2930 si
1479 2908 1545 2930 non
1568 2902 1606 2930 st.
1634 2899 1693 2930 G2.
1721 2916 1757 2919 —
1783 2898 1836 2928 20.
1861 2907 1938 2937 spo-

172 2945 269 2976 liaret
284 2947 478 2975 --necarec
501 2943 564 2976 dtt.
590 2961 627 2966 —
653 2944 707 2975 22.
733 2953 807 2975 cum
826 2946 944 2984 praed.
962 2963 1010 2969 —-
1026 2947 1184 2978 dimiserit
1208 2957 1277 2980 om.
1305 2949 1364 2980 G3.
1386 2967 1421 2971 —
1448 2947 1500 2980 ⁶24..
1527 2948 1704 2979 liberarent
1727 2947 1789 2979 dtt.
1810 2965 1845 2968 —-
1871 2956 1938 2978 non

173 2997 217 3026 est
240 2993 348 3026 altero
371 2992 450 3025 loco
474 3002 543 3025 om.
570 2995 627 3026 G2.
654 3004 720 3026 non
743 2998 787 3031 est
810 2995 844 3026 in
867 2995 925 3026 hoc
950 2997 1109 3035 peccandi
1133 2998 1222 3029 locus
1245 2998 1346 3029 affert
1368 2997 1429 3029 Iul.
1457 2999 1534 3029 Sev.
1561 3007 1595 3038 p.
1621 2997 1695 3029 343.
1734 2996 1783 3028 Cf.
1810 2998 1934 3028 Donat.

173 3044 218 3076 ad
239 3044 378 3076 Terent.
402 3042 511 3075 Andr.
530 3044 555 3074 Ι.
581 3044 612 3082 2,
631 3043 683 3075 32.
706 3062 740 3067 —
766 3045 819 3076 26.
844 3053 903 3075 nec
925 3048 1019 3076 actor
1042 3046 1083 3076 Gt
1106 3047 1186 3086 ng.
1216 3048 1367 3088 (praeter
1380 3046 1431 3087 42)
1457 3047 1521 3078 dtt.
1547 3045 1731 3087 Vulgatam
1754 3047 1872 3078 tuetur
1894 3049 1933 3078 Α.

175 3111 212 3117 —-
237 3093 290 3125 29.
325 3095 443 3124 contra
472 3093 492 3123 l.
525 3093 700 3132 pecuniam
734 3094 781 3124 Ga
805 3094 894 3133 Lg⁴27
912 3094 973 3124 29:
1006 3097 1183 3133 pecuniam
1216 3106 1244 3128 c.
1271 3097 1293 3128 l.
1320 3097 1384 3133 (ΞΜ
1423 3100 1540 3127 contra
1574 3096 1594 3127 l.
1620 3096 1778 3136 pecunias
1805 3096 1867 3127 dtt.
1895 3097 1932 3129 Ο.

174 3142 225 3174 Cf.
248 3143 304 3174 ΙΙΙ.
331 3142 362 3183 ἓ.
387 3142 462 3174 ⁶218.
490 3159 526 3164 —-
552 3143 604 3174 30.
630 3144 785 3175 Romanis
807 3152 876 3175 oin.
904 3143 962 3175 (33.
999 3145 1054 3176 Sic
1077 3146 1116 3176 11.
1142 3146 1173 3185 g.
1202 3146 1274 3177 480.
1302 3146 1334 3177 in
1360 3147 1491 3186 optimo
1517 3146 1656 3183 codice3
1693 3147 1747 3176 «at
1770 3146 1937 3177 Romanus

173 3193 218 3224 ita
247 3192 293 3224 ad
315 3192 456 3234 plenam
479 3193 583 3233 atque
607 3193 835 3225 honorificam
860 3194 976 3233 equilis
998 3194 1265 3235 appellationem
1290 3197 1453 3236 pertinet,
1479 3198 1517 3227 ut
1540 3197 1635 3227 certe
1660 3196 1693 3226 in
1718 3195 1934 3227 orationibus

171 3242 227 3274 vix
251 3243 429 3275 omittatur
451 3251 656 3283 umquam.»
682 3244 794 3275 Kahnt
818 3252 850 3284 p.
871 3244 923 3275 41.
950 3244 992 3275 cf.
1018 3247 1092 3276 Act.
1111 3246 1136 3277 1.
1162 3246 1192 3286 g.
1213 3247 1266 3277 22.
1292 3245 1351 3277 lib.
1373 3247 1398 3278 1.
1426 3246 1457 3287 g.
1477 3247 1528 3278 43.
1549 3246 1622 3277 437.
1649 3246 1688 3276 ΙΙ.
1709 3244 1739 3285 3.
1759 3245 1811 3276 58.
1837 3244 1931 3276 alibi.

175 3310 211 3315 —-
229 3292 283 3324 33.
303 3293 485 3333 poterimus
500 3293 540 3324 Gt
559 3293 634 3332 25:
654 3294 860 3333 potuerimus
882 3293 945 3325 dtt.
966 3311 1001 3316 —
1028 3294 1080 3326 37.
1099 3298 1128 3327 et
1142 3313 1160 3319 -
1173 3313 1190 3319 -
1207 3305 1334 3336 quoque
1355 3297 1561 3338 suspectum
1577 3294 1685 3327 habet
1701 3294 1869 3327 Wesenb.
1888 3294 1933 3326 ad

173 3341 262 3374 Sest.
286 3350 321 3384 p.
340 3342 394 3375 24.
419 3351 454 3378 n.
472 3345 504 3377 2.
