2143 3713
545 217 631 256 Lm.
665 215 711 255 v.
756 213 852 254 en.
884 213 1294 254 xxvr1r—xxrx.
1340 211 1381 264 §—
1414 209 1606 253 71-76.
1863 210 1942 252 403

194 328 237 367 in
258 328 311 367 M.
333 327 472 374 Annii,
503 327 683 367 hominis
714 324 1057 377 splendidissimi,
1088 324 1342 371 testimonio,
1371 337 1464 363 cum
1496 324 1531 363 is
1560 325 1692 364 civem
1715 327 1944 366 Romanum

196 390 384 437 dixisset,
406 389 698 441 archipiratam
720 391 913 437 negasset
934 387 1067 426 securi
1091 400 1181 426 esse
1203 398 1461 438 percussum,
1488 387 1671 434 exsiluit,
1692 388 1947 427 conscientia

194 452 365 491 sceleris
397 458 438 490 et
467 451 604 490 surore
635 462 687 488 ex
718 448 934 487 maleficiis
966 454 1169 501 concepto
1201 449 1404 488 excitatus
1435 447 1541 487 dixit
1570 461 1637 495 se,
1678 449 1792 501 quod
1824 449 1947 488 sciret

195 514 274 552 sibi
306 513 467 553 crimini
517 511 657 550 datum
700 509 748 549 iri
794 511 1014 561 pecuniam
1054 511 1265 562 accepisse
1305 523 1441 562 neque
1481 509 1531 549 de
1572 523 1669 550 vero
1699 511 1949 562 archipirata

195 576 424 628 sumpsisse
457 572 729 626 supplicium,
770 572 864 611 ideo
896 586 938 611 sc
971 572 1105 612 securi
1138 584 1220 610 non
1254 571 1530 624 percussisse:
1574 571 1684 611 domi
1715 585 1806 611 esse
1836 572 1980 624 apud5

193 650 284 675 sese
322 635 591 688 archipiratas
638 633 745 672 dixit
787 634 907 672 duos.
980 632 1044 673 74..
1095 632 1128 673 Ο
1169 633 1432 672 clementiam
1474 633 1620 685 populi
1660 634 1834 673 Romani
1874 646 1945 672 seu

194 700 332 751 potius
363 696 605 751 patientiam
637 695 783 734 miram
814 709 860 734 ac
893 695 1169 749 singularem!
1232 695 1371 734 Civem
1412 695 1645 734 Romanurn
1686 695 1820 735 securi
1858 708 1947 734 esse

193 773 434 813 percussum
464 759 517 798 M.
547 758 722 804 Annius,
756 770 884 810 eques
906 759 1132 803 Romanus,
1164 756 1283 804 dicit;
1316 762 1446 796 taces:
1479 756 1772 809 archipiratam
1804 762 1948 810 negat3

194 822 346 861 fateris.
390 821 453 860 Fit
483 820 661 872 gemitus
693 820 878 859 omnium
911 826 951 859 ct
982 820 1149 866 clamor,
1181 833 1273 858 cuni
1307 824 1443 858 tamen
1464 832 1487 858 a
1509 819 1718 871 praesenti
1740 819 1947 873 supplicio

192 890 262 923 tuo
293 882 496 923 continuit
529 881 710 934 populus
741 883 951 921 Romanus
991 896 1034 921 se
1066 887 1105 921 et
1136 881 1336 934 repressit
1366 886 1404 919 et
1435 880 1581 920 salutis
1613 893 1713 920 suae
1743 880 1945 929 rationem
1964 889 1997 917 40

192 944 376 985 iudicum
419 943 629 983 severitati
675 944 915 983 reservavit.
985 944 1126 992 Quid?
1169 943 1328 982 sciebas
1365 943 1439 982 tibi
1480 941 1641 981 crimini
1683 941 1825 981 datum
1865 942 1913 981 iri
1930 945 1946 981 ζ)

190 1019 313 1059 (piam
343 1006 397 1045 ob
428 1017 514 1044 rem
546 1005 734 1045 sciebas?
767 1018 890 1058 quam
915 1007 967 1046 oh
990 1019 1074 1044 rem
1097 1005 1220 1044 etiam
1244 1005 1541 1057 suspicabare?
1580 1003 1801 1043 Inimicum
1822 1003 1948 1043 hahe-

190 1067 261 1107 has
300 1067 534 1107 neminem:
580 1067 614 1106 si
651 1068 849 1114 haberes,
895 1074 1032 1108 tamen
1072 1081 1157 1107 non
1199 1068 1254 1106 ita
1295 1067 1479 1114 vixeras,
1527 1071 1571 1106 ut
1609 1070 1765 1106 metum
1802 1065 1946 1105 iudicii

190 1129 450 1181 propositum
490 1129 642 1169 habere
683 1130 870 1169 deberes.
936 1132 997 1169 An
1043 1135 1103 1176 te,
1153 1130 1194 1168 id
1237 1129 1349 1182 quod
1390 1129 1480 1168 fieri
1521 1128 1646 1176 solet,
1691 1129 1946 1168 conscientia

190 1190 380 1231 timidum
411 1192 775 1244 suspiciosumque
807 1192 1007 1231 faciebat?
1068 1191 1150 1239 Qui
1182 1192 1329 1244 igitur,
1360 1205 1454 1230 cum
1486 1204 1600 1231 esses
1632 1204 1725 1229 cum
1758 1191 1947 1244 imperio,
1964 1200 1997 1227 15

189 1253 269 1293 iam
303 1259 386 1294 tum
418 1254 573 1294 crimen
605 1259 645 1293 et
674 1254 877 1293 iudicium
898 1254 1133 1294 horrueris:
1165 1266 1259 1292 cum
1282 1258 1342 1293 tot
1363 1254 1538 1293 testibus
1560 1265 1798 1305 coarguare,
1828 1259 1947 1306 potes

187 1316 238 1355 de
271 1316 538 1356 damnatione
569 1315 790 1355 dubitare?
849 1314 915 1355 75.
952 1316 1108 1355 Verum
1141 1315 1175 1355 si
1206 1315 1363 1354 crimen
1392 1315 1474 1354 hoc
1506 1315 1740 1362 metuebas,
1771 1328 1823 1355 ne
1853 1316 1948 1370 quis

186 1377 450 1430 suppositum
490 1377 564 1418 abs
607 1383 646 1417 te
686 1391 777 1417 esse
819 1378 994 1425 diceret,
1034 1377 1106 1431 qui
1148 1390 1223 1430 pro
1264 1377 1516 1430 archipirata
1554 1377 1692 1417 securi
1730 1376 1947 1419 feriretur:

187 1445 324 1479 utrum
356 1441 523 1480 tandem
555 1440 630 1480 tibi
661 1440 713 1480 ad
745 1439 1032 1479 defensionem
1066 1438 1223 1479 lirmius
1254 1439 1343 1479 fore
1374 1439 1529 1493 putasti
1552 1441 1595 1480 in
1618 1439 1776 1479 iudicio
1800 1445 1946 1481 coactu

185 1507 309 1555 atque
340 1501 568 1555 efflagitatu
600 1516 692 1543 meo
725 1501 958 1555 producere
989 1503 1040 1541 ad
1072 1502 1240 1554 ignotos
1274 1507 1389 1541 tanto
1411 1507 1508 1554 post
1528 1515 1635 1550 eum,
1667 1514 1793 1554 quem
1813 1502 1948 1543 archi·
1961 1511 1997 1540 90

185 1564 361 1616 piratam
393 1578 484 1605 esse
514 1565 690 1612 diceres,
722 1579 773 1604 an
803 1563 959 1604 recenti
991 1577 1057 1611 re,
1091 1564 1331 1618 Syracusis,
1363 1564 1475 1616 apud
1507 1569 1653 1611 notos,
1685 1563 1946 1617 inspectante

186 1626 328 1666 Sicilia
356 1640 490 1680 paene
522 1632 609 1667 tota
640 1627 774 1667 securi
804 1626 956 1666 ferire?
1016 1626 1142 1674 Vide,
1186 1627 1287 1679 quid
1318 1626 1503 1672 intersit,
1539 1631 1679 1666 utrum
1709 1627 1945 1668 faciendum

185 1687 324 1728 fuerit.
383 1690 430 1728 In
470 1690 541 1730 illo
582 1689 852 1742 reprehensio
892 1689 1006 1728 nulla
1044 1702 1134 1728 esse
1175 1688 1333 1741 potuit:
1379 1688 1447 1727 hic
1488 1687 1678 1728 defensio
1719 1690 1832 1729 nulla
1870 1696 1946 1731 est.

186 1751 333 1803 Itaque
363 1751 466 1791 illud
498 1765 662 1804 semper
692 1765 838 1791 omnes
867 1751 1076 1790 fecerunt:
1120 1751 1200 1791 hoc
1232 1750 1325 1804 quis
1356 1755 1451 1790 ante
1483 1755 1543 1797 te,
1586 1751 1680 1804 quis
1712 1757 1878 1804 praeter
1908 1758 1947 1793 te

184 1811 343 1860 fecerit,
372 1826 544 1867 quaero.
575 1835 629 1842 -
659 1814 838 1852 Piratam
867 1813 1007 1851 vivum
1040 1813 1224 1853 tenuisti.
1256 1834 1310 1841 —-
1342 1812 1477 1860 Quem
1507 1812 1559 1852 ad
1591 1810 1743 1852 finem?
1765 1835 1819 1843 —
1842 1815 1946 1855 Dum
1962 1824 1997 1852 25

187 1887 281 1913 cum
312 1874 488 1927 imperio
519 1874 649 1914 fuisti.
680 1895 733 1903 -—-
766 1874 899 1922 Quam
932 1874 985 1913 ob
1017 1876 1213 1914 causam?
1246 1888 1331 1928 quo
1363 1874 1558 1927 exemplo
1573 1876 1590 1913 ’ἲ
1622 1888 1696 1914 cur
1727 1880 1809 1915 tam
1842 1876 1946 1917 diu?

186 1949 272 1982 cur,
303 1935 488 1989 inquam,
520 1937 680 1977 civibus
703 1937 913 1984 Romanis,
945 1950 1052 1990 quos
1084 1937 1242 1989 piratae
1275 1941 1484 1990 ceperant,
1516 1937 1651 1976 securi
1682 1938 1822 1978 statim
1854 1952 1948 1992 per-

187 1998 319 2039 cussis
359 1998 462 2051 ipsis
503 1999 648 2051 piratis
690 1999 792 2038 lucis
824 2011 992 2038 usuram
1032 2004 1112 2038 tam
1154 1998 1394 2037 diuturnam
1436 1997 1616 2037 dedisti?
1685 1997 1752 2037 76.
1792 2000 1946 2040 Verum

185 2066 297 2101 esto:
339 2061 393 2101 sit
435 2061 507 2100 tibi
549 2061 652 2100 illud
693 2061 870 2099 liberum
910 2074 1033 2100 omne
1072 2066 1255 2113 tempus,
1299 2061 1437 2113 quoad
1478 2074 1570 2100 cum
1608 2061 1786 2114 imperio
1817 2061 1947 2102 fuisti.

185 2122 376 2162 Etiamne
406 2123 609 2175 privatus,
643 2123 822 2163 etiamne
852 2136 962 2169 reus,
995 2123 1174 2162 etiamne
1204 2135 1338 2175 paene
1370 2123 1588 2162 damnatus
1610 2122 1794 2163 hostium
1821 2124 1947 2164 duces
1961 2135 1997 2164 30

183 2184 344 2236 privata
374 2184 417 2224 in
448 2183 573 2224 domo
605 2184 843 2224 retinuisti?
896 2185 1042 2231 Unum,
1074 2185 1251 2224 alterum
1271 2197 1470 2231 mensem,
1500 2197 1632 2238 prope
1653 2198 1810 2226 annum
1832 2185 1949 2225 deni-

183 2259 265 2298 que
296 2246 408 2286 domi
439 2251 536 2286 tuae
567 2246 738 2299 piratae,
772 2259 795 2286 a
826 2260 910 2299 quo
941 2252 1129 2299 tempore
1161 2246 1271 2298 capti
1304 2252 1412 2294 sunt,
1444 2245 1584 2301 quoad
1605 2260 1681 2300 per
1701 2261 1767 2288 me
1786 2248 1947 2288 licitum

183 2313 258 2356 est,
288 2307 471 2357 fuerunt,
493 2308 574 2348 hoc
597 2314 672 2357 est,
698 2310 838 2362 quoad
861 2322 935 2362 per
956 2309 1021 2348 Μ’.
1044 2308 1312 2349 Glabrionem
1334 2309 1493 2348 licitum
1514 2314 1591 2356 est,
1614 2308 1686 2364 qui
1707 2309 1947 2363 postulante

271 2483 302 2515 4.
327 2482 412 2515 Anni
437 2483 473 2513 R.
503 2499 536 2503 —
564 2482 665 2513 civem
688 2482 724 2513 R.
751 2481 797 2514 R3
822 2482 930 2522 ng:
966 2483 999 2514 C.
1027 2483 1063 2514 R.
1090 2483 1194 2517 dett.;
1228 2482 1308 2514 inde
1332 2482 1417 2514 cives
1439 2483 1529 2514 Rom.
1557 2483 1664 2522 Naug.
1695 2499 1729 2505 —
1753 2483 1787 2513 Ξ.
1814 2483 1947 2513 dim'sse!

183 2536 213 2565 et
235 2533 337 2573 Lg29.
367 2552 401 2556 —
428 2533 555 2564 exilivit
579 2533 680 2572 Lagg.
710 2551 744 2555 —
772 2533 802 2564 3.
828 2533 984 2573 maleficis
1007 2534 1043 2564 R.
1073 2551 1107 2555 —
1134 2533 1164 2565 4.
1192 2534 1305 2564 datum
1331 2533 1378 2565 ire
1402 2534 1437 2564 R.
1459 2549 1496 2555 -
1523 2533 1554 2564 ὅ.
1583 2532 1651 2563 ideo
1674 2541 1706 2564 se
1730 2533 1793 2563 (332
1822 2533 1891 2564 ideo
1916 2542 1948 2564 es

184 2582 228 2621 R3
254 2582 324 2614 ideo
349 2582 433 2615 dett.
461 2583 497 2614 Ο.
528 2600 562 2604 —-
589 2582 619 2613 8.
644 2582 690 2613 M.
717 2581 841 2613 Annius
864 2581 931 2613 R3:
955 2583 1000 2613 M.
1028 2590 1098 2613 om.
1126 2582 1210 2614 dett.
1237 2584 1275 2614 O.
1302 2601 1336 2605 —-
1363 2583 1394 2614 9.
1418 2584 1455 2624 fit
1477 2583 1511 2614 in
1535 2590 1570 2614 eo
1594 2582 1679 2614 dett.
1706 2583 1743 2613 Ο.
1765 2598 1800 2605 -
1819 2583 1947 2622 yemitis

184 2631 220 2662 R.
250 2649 285 2654 —-
312 2632 364 2663 ⁴0.
390 2631 550 2664 continuit
571 2640 602 2662 se
623 2640 700 2671 pop.
727 2632 764 2662 R.
797 2631 907 2671 Lg293
944 2640 977 2663 se
999 2635 1084 2663 cont.
1105 2641 1184 2672 pop.
1211 2634 1247 2665 R.
1279 2631 1352 2664 rell.
1379 2634 1482 2673 Lagg.
1510 2633 1546 2663 O.
1575 2649 1609 2653 —
1636 2641 1715 2664 suae
1740 2632 1785 2663 113
1819 2632 1942 2671 (Madv.

182 2688 216 2720 p.
243 2679 352 2721 um:
379 2684 454 2713 tuae
476 2681 562 2713 dett.
589 2681 626 2712 Ο.
653 2682 734 2712 Bak.
761 2690 794 2722 p.
822 2679 873 2712 4l.
903 2699 937 2704 —
966 2682 1017 2713 Μ.
1042 2682 1211 2713 severitate
1235 2683 1272 2714 R.
1295 2701 1328 2705 -
1349 2683 1427 2722 quid
1450 2682 1514 2714 R3:
1542 2682 1598 2722 qui
1622 2681 1706 2714 dett.
1733 2682 1771 2714 O.
1793 2699 1828 2703 -κ
1848 2682 1900 2713 4⁶2.
1919 2682 1947 2712 si

180 2728 321 2761 habebas
342 2731 444 2771 Lg29.
467 2748 503 2753 —
523 2731 574 2763 1l3.
601 2730 702 2761 iudici
726 2732 762 2762 R.
785 2746 819 2752 -—
841 2730 893 2761 Ἰὸ.
920 2731 998 2770 quid
1021 2731 1040 2761 6
1064 2731 1167 2771 Lagg.
1193 2731 1278 2763 dett..
1299 2749 1334 2753 —
1353 2741 1427 2762 cum
1450 2732 1529 2770 imp.
1549 2730 1614 2762 R3:
1642 2732 1675 2762 in
1698 2732 1776 2771 imp.
1803 2730 1888 2762 dett.
1906 2748 1940 2751 —

182 2778 234 2810 46.
259 2779 384 2811 crimen
407 2781 608 2812 etiudioimn
624 2782 667 2812 R:
694 2780 761 2812 iud.
781 2784 810 2812 cc
826 2781 950 2812 crimen
966 2780 1050 2812 dett.
1072 2781 1109 2812 Ο.
1132 2799 1164 2803 ——
1183 2781 1352 2812 horrueris
1368 2782 1408 2812 Gt
1432 2782 1451 2812 2
1470 2780 1594 2821 (Madv.
1615 2788 1647 2820 p.
1664 2781 1768 2819 4454:
1793 2780 1946 2812 habueris

180 2827 263 2867 Ld.;
288 2829 434 2862 horroris
457 2831 502 2867 R;
528 2831 678 2862 horreres
700 2829 720 2862 λ
746 2830 870 2871 (Madv.
897 2831 958 2871 Op.
984 2832 1008 2862 1.
1036 2840 1068 2871 p.
1095 2831 1170 2862 368.
1198 2831 1298 2871 not.);
1322 2830 1480 2863 horrebas
1503 2830 1588 2862 dett.
1616 2831 1653 2862 Ο.
1676 2847 1708 2851 -
1735 2839 1809 2860 cum
1834 2829 1879 2860 R3
1903 2827 1942 2860 λς

178 2876 230 2909 hic
251 2887 327 2911 cum
350 2880 390 2911 H.
417 2885 452 2920 ψ
477 2880 496 2912 7
513 2881 621 2920 Laggz
647 2890 723 2912 reus
745 2889 819 2912 cum
842 2882 862 2912 S
881 2880 916 2911 O.
944 2880 1002 2920 [his
1025 2889 1099 2910 cum
1116 2880 1217 2919 ng,
1244 2880 1337 2912 unde
1362 2881 1487 2920 corrig.
1510 2879 1668 2911 videtur:
1695 2880 1721 2911 is
1741 2888 1834 2915 cunz3
1862 2887 1942 2910 nam

179 2926 207 2957 δ’ὁ·
238 2929 319 2968 post
344 2929 516 2960 horrueris
546 2929 644 2961 facile
676 2930 710 2961 in
734 2929 825 2961 bona
851 2929 974 2961 familia
1002 2929 1164 2961 excidere
1190 2931 1311 2970 potuit.
1352 2929 1473 2971 flama]
1502 2946 1536 2952 —
1563 2938 1749 2970 coarguare
1774 2929 1797 2959 R
1821 2929 1843 2959 S
1867 2927 1942 2959 alii:

180 2984 328 3017 arguare
352 2978 412 3010 G3.
443 2997 477 3001 —
506 2979 558 3010 48.
585 2979 642 3010 abs
665 2983 694 3010 te
716 2988 809 3018 supp.
837 2979 921 3011 dett.
950 2980 987 3010 O.
1016 2997 1050 3000 —
1079 2980 1118 3011 219
1157 2979 1213 3010 tibi
1238 2989 1307 3012 0111.
1335 2980 1435 3020 Lg29.
1456 2997 1491 3001 —
1510 2980 1563 3011 20.
1585 2980 1824 3020 produceret-ur
1845 2977 1883 3008 R.
1904 2994 1939 2998 —

180 3025 235 3057 ΞΜ.
252 3027 384 3068 recenti]
408 3032 540 3060 recenlav
554 3030 590 3060 R.
612 3047 647 3050 —
667 3029 718 3060 23.
737 3029 829 3060 nulla
844 3038 909 3060 esse
921 3029 1026 3069 potui!
1039 3039 1049 3059 .·
1073 3029 1124 3060 hic
1140 3030 1278 3068 defensio
1303 3038 1373 3061 om.
1393 3029 1450 3060 R3.
1473 3046 1507 3052 -
1527 3038 1592 3062 esse
1601 3028 1721 3069 poluit]
1745 3030 1823 3059 esset
1838 3026 1939 3066 Lg29.

183 3075 300 3114 [Deest
314 3075 417 3110 lectio
434 3078 528 3120 apud
544 3080 694 3119 Zumpt.,
712 3088 801 3120 qnae
820 3079 888 3110 iam
905 3077 1103 3110 revocanda
1121 3078 1198 3116 erit,
1217 3087 1297 3110 cum
1314 3079 1347 3109 h.
1367 3078 1387 3110 l.
1407 3078 1606 3110 testimonio
1622 3076 1776 3110 melioris
1793 3074 1941 3107 familiae

182 3128 392 3170 careamus]
414 3145 448 3151 —
469 3128 523 3162 24.
548 3137 674 3168 semper
696 3128 839 3160 homines
862 3129 888 3160 R
905 3126 943 3166 λς
968 3128 1110 3159 homines
1132 3136 1257 3167 semper
1281 3127 1339 3158 G3.
1362 3145 1396 3149 —
1415 3128 1488 3167 quis
1510 3129 1590 3160 ante
1609 3130 1745 3167 praeter
1759 3133 1828 3156 om.
1848 3125 1884 3156 R.
1902 3141 1937 3145 —

183 3174 236 3206 ⁶25.
265 3177 380 3208 uiuam
406 3179 432 3210 R
456 3186 508 3219 pr.
536 3186 584 3210 m.
614 3195 647 3199 —-
675 3178 728 3210 26.
759 3178 862 3218 suisli.
901 3176 1141 3217 Quamobrem?
1177 3186 1277 3216 quam
1300 3177 1338 3208 ob
1362 3177 1524 3208 causam?
1557 3177 1642 3209 dett.
1674 3176 1711 3207 O.
1741 3192 1775 3196 ——
1801 3173 1854 3206 29.
1889 3173 1942 3204 siti

182 3223 263 3255 illud
284 3225 311 3256 R
339 3225 384 3266 (bi
406 3229 487 3259 ante
509 3228 591 3259 illud
619 3236 695 3269 sup.
721 3227 778 3260 lin.
805 3236 852 3260 m.
878 3236 951 3259 sec.
977 3226 1134 3258 additum
1163 3227 1243 3266 est);
1280 3226 1306 3257 si
1330 3225 1386 3256 libi
1411 3226 1490 3257 illud
1513 3226 1572 3258 G3.
1614 3226 1716 3266 [Fert.
1749 3221 1937 3263 legendum

184 3275 256 3304 est:
280 3274 323 3305 sit
342 3275 433 3308 illud.
460 3277 583 3319 nun]
612 3295 646 3299 —
673 3278 782 3317 quoad
806 3277 851 3309 R3
869 3275 889 3308 λ
914 3278 1003 3317 Lgffl)
1029 3276 1153 3317 (Madv.
1178 3284 1212 3316 p.
1240 3276 1345 3315 stl5.):
1370 3276 1457 3315 quod
1478 3275 1565 3307 dett.
1592 3276 1630 3307 Ο.
1652 3290 1686 3297 -
1707 3274 1758 3305 32.
1781 3282 1843 3313 per
1866 3281 1936 3307 om.

185 3321 243 3353 Ra.
273 3339 306 3345 —-
333 3323 385 3356 33.
410 3327 496 3363 quod
515 3335 577 3367 per
600 3327 637 3359 R.
665 3344 702 3351 -
729 3326 939 3359 Glabrionem
962 3326 1025 3358 R3:
1051 3325 1191 3358 Acilium
1215 3324 1424 3357 Glabrionem
1447 3323 1532 3357 dett.
1559 3324 1596 3356 O.
