2127 3708
256 187 309 231 ’16
493 217 501 231 .
784 191 983 233 ORATIO
1013 193 1115 234 PRO
1145 193 1188 234 P.
1220 193 1473 242 QUfNCTIO

254 304 377 344 rediit
408 302 648 351 Quinctius,
682 317 765 357 quo
797 304 863 343 die
897 306 1026 344 Roma
1057 305 1099 343 in
1131 305 1303 345 Galliam
1335 306 1546 359 profectus
1577 307 1651 355 sit;
1683 308 1735 348 ad
1766 308 1997 361 ephemeri-

253 367 345 405 dem
368 364 607 405 revertitur:
639 366 849 405 invenitur
871 366 957 405 dies
981 366 1276 418 profectionis,
1308 369 1443 420 pridie
1464 370 1554 408 Kal.
1577 370 1835 412 Februarias.
1865 375 1995 414 Nonis

251 428 485 468 Februariis
516 428 549 467 si
581 429 735 467 Romae
766 427 863 475 fuit,
906 441 1054 468 causae
1086 429 1191 468 nihil
1221 431 1421 479 dicimus,
1463 432 1564 485 quin
1607 433 1679 471 tibi
1711 434 1995 476 vadimonium

249 490 501 543 promiserit.
560 489 625 530 58.
659 491 801 538 Quid?
844 490 922 529 hoc
955 491 1132 530 inveniri
1165 492 1236 544 qui
1268 496 1439 544 potest?
1498 494 1712 535 Profectus
1744 502 1806 536 est
1836 511 1919 537 una
1949 499 1993 537 L.

217 553 413 600 5Albius,
443 553 569 592 homo
601 567 693 592 cum
724 553 870 605 primis
900 552 1124 600 honestum
1172 554 1281 594 dicet
1311 556 1608 596 testimonium.
1655 559 1868 598 Prosecuti
1899 565 1995 599 sunt

246 615 472 655 familiares
504 621 544 654 et
562 615 727 654 Albium
762 620 802 654 et
823 615 1089 663 Quinctium;
1122 616 1261 655 dicent
1290 616 1331 655 hi
1365 631 1534 671 quoque
1567 620 1864 660 testimonium.
1910 622 1994 661 Lit-

246 685 358 718 terae
391 679 432 717 P.
456 677 662 725 Quinctii,
705 683 829 717 testes
862 682 942 723 tot,
986 678 1137 730 quibus
1170 678 1362 718 omnibus
1394 693 1518 720 causa
1548 681 1774 722 iustissima
1807 689 1890 731 est,
1922 698 1995 723 cur

247 741 352 781 scire
382 740 617 793 potuerint,
649 739 783 786 nulla,
817 753 890 779 cur
919 741 1192 787 mentiantur,
1225 755 1317 779 cum
1350 742 1650 794 adstipulatore
1686 750 1755 784 tuo
1781 759 1994 799 compara-

245 804 413 843 buntur.
459 801 524 841 59.
556 803 607 841 Et
635 802 677 840 in
708 802 783 841 hac
815 802 1020 841 eiusmodi
1053 817 1176 843 causa
1210 804 1250 842 P.
1275 804 1497 851 Quinctius
1528 805 1733 846 laborabit
1763 814 1803 848 et
1837 809 1992 848 diutius

195 865 286 906 win
320 870 433 905 tanto
466 869 575 903 metu
607 864 732 903 miser
762 864 1034 918 periculoque
1066 866 1332 905 versabitur?
1364 872 1404 906 et
1427 867 1714 908 vehementius
1748 882 1841 909 eum
1863 870 1992 923 gratia

244 929 469 970 adversarii
500 928 769 981 perterrebit,
802 941 925 980 quam
958 927 1058 968 tides
1089 929 1239 968 iudicis
1269 929 1582 969 consolabitur?
1621 932 1735 970 Vixit
1756 933 1865 971 enim
1887 945 1993 971 sem-

243 1006 318 1045 per
348 991 502 1031 inculte
534 996 661 1045 atque
691 991 886 1038 horride3
919 996 1064 1031 natura
1096 991 1201 1030 tristi
1233 1004 1279 1030 ac
1311 992 1524 1030 recondita
1555 991 1653 1039 fuit;
1686 1006 1770 1032 non
1801 994 1852 1033 ad
1884 994 1993 1034 sola-

243 1056 370 1102 rium,
401 1068 486 1094 non
517 1054 558 1093 in
591 1068 756 1106 campo,
789 1068 873 1093 non
904 1054 946 1093 in
977 1053 1180 1093 conviviis
1210 1058 1397 1092 versatus
1430 1057 1511 1097 est:
1556 1054 1596 1092 id
1631 1055 1734 1107 egit,
1764 1060 1810 1095 ut
1838 1056 1992 1096 amicos

243 1118 526 1165 observantia,
558 1130 644 1156 rem
676 1117 931 1170 parsimonia
962 1117 1180 1162 retinerct;
1212 1117 1424 1168 antiquam
1458 1114 1583 1155 oflicii
1604 1118 1808 1157 rationem
1831 1119 1991 1167 dilexit,

192 1181 359 1220 iscuius
392 1181 590 1233 splendor
621 1180 756 1219 omnis
786 1179 850 1218 his
882 1179 1066 1218 moribus
1098 1179 1316 1218 obsolevit.
1367 1180 1439 1225 At,
1471 1179 1505 1217 si
1537 1179 1578 1217 in
1602 1193 1725 1219 causa
1746 1180 1836 1232 pari
1859 1180 1992 1220 disce-

241 1244 338 1282 dere
377 1243 552 1283 inferior
591 1242 821 1289 videretur,
867 1248 1004 1282 tamen
1045 1246 1153 1281 esset
1195 1256 1278 1280 non
1318 1242 1583 1281 mediocriter
1622 1243 1990 1296 conquerendum:

239 1320 350 1345 nunc
397 1306 439 1344 in
479 1319 603 1346 causa
641 1305 856 1357 superiore
895 1317 944 1343 ne
991 1308 1037 1343 ut
1074 1317 1149 1356 par
1186 1303 1355 1356 quidem
1396 1303 1450 1342 sit
1499 1305 1702 1356 postulat,
1749 1304 1990 1344 inferiorem

240 1382 330 1409 esse
362 1381 405 1408 se
436 1368 615 1421 patitur,
656 1368 872 1408 dumtaxat
908 1379 1042 1420 usque
1083 1379 1151 1413 eo,
1193 1379 1245 1404 ne
1278 1379 1369 1404 cum
1402 1366 1544 1414 bonis,
1585 1366 1694 1406 fama
1723 1365 1989 1420 fortunisque

240 1431 432 1471 omnibus
464 1432 559 1471 Sex.
581 1430 725 1471 Naevii
756 1429 972 1483 cupiditati
1004 1429 1322 1481 crudelitatique
1354 1427 1541 1467 dedatur.

188 1500 224 1530 20
322 1495 435 1534 xlx.
477 1492 541 1533 GO.
582 1493 737 1540 Docui,
779 1492 892 1546 quod
930 1491 1109 1544 primum
1140 1490 1352 1543 pollicitus
1383 1504 1493 1537 sum,
1542 1491 1585 1531 C.
1615 1492 1777 1545 Aquili,
1824 1505 1989 1533 causam

239 1558 430 1604 omnino,
463 1571 536 1597 cur
565 1556 814 1609 postularet,
846 1568 928 1593 non
960 1553 1109 1600 fuisse,
1154 1553 1265 1606 quod
1298 1566 1434 1606 neque
1466 1554 1642 1605 pecunia
1679 1555 1906 1595 debebatur
1936 1560 1987 1602 et,

238 1621 272 1661 si
305 1620 483 1660 maxime
515 1619 755 1665 deberetur,
787 1617 1055 1657 commissum
1087 1615 1188 1654 nihil
1223 1621 1350 1662 esset,
1391 1628 1519 1668 quare
1550 1617 1601 1655 ad
1633 1618 1752 1656 istam
1783 1617 1988 1657 rationem

236 1683 537 1737 perveniretur.
596 1681 775 1720 Attende
806 1693 936 1725 nunc,
978 1692 1029 1718 ex
1060 1678 1195 1717 edicto
1228 1679 1432 1730 praetoris
1463 1679 1572 1718 hona
1603 1680 1644 1718 P.
1677 1679 1861 1727 Quinctii
1891 1692 1988 1732 pos·

236 1746 363 1786 sideri
403 1745 518 1784 nullo
558 1743 682 1783 modo
722 1742 923 1795 potuisse.
982 1743 1129 1780 Tracta
1172 1740 1377 1779 edictum:
1419 1753 1490 1787 Qu
1527 1753 1827 1781 FRAVDATIONIS
1860 1754 1986 1781 CAVSA

185 1812 472 1850 25LAT1TAR1T.
510 1808 604 1847 Non
636 1809 698 1845 est
728 1805 761 1844 is
794 1802 1037 1852 Quinctius,
1069 1802 1148 1841 nisi
1181 1802 1215 1840 si
1247 1801 1431 1849 latitant,
1466 1803 1537 1855 qui
1560 1804 1610 1841 ad
1632 1805 1843 1856 negotium
1865 1817 1985 1843 suum

234 1873 379 1913 relicto
410 1875 680 1924 procuratore
711 1865 1044 1921 proficiscuntur.
1104 1878 1170 1904 cvi
1207 1877 1339 1904 nunes
1371 1878 1449 1904 Nox
1479 1877 1695 1905 Exsnmr.
1739 1868 1798 1905 Ne
1829 1866 1864 1905 is
1895 1866 1987 1919 qui-

234 1937 341 1976 dem.
391 1948 461 1982 Qvi
490 1944 647 1973 Exlell
679 1943 805 1971 CAVSA
835 1942 969 1969 som'M
1000 1939 1218 1968 VERTEMT.
1281 1925 1385 1981 [Dici
1416 1927 1495 1967 hoc
1527 1928 1576 1967 de
1607 1930 1649 1968 P.
1673 1928 1868 1977 Quinctio
1900 1943 1985 1968 non

318 2078 349 2108 ἓ.
371 2076 479 2116 pridie
501 2074 589 2115 Kal]
615 2075 681 2105 Aut
705 2073 792 2104 baec
816 2073 875 2103 aut
899 2080 986 2112 quae
1013 2078 1116 2111 supra
1142 2069 1171 2108 S.
1190 2068 1243 2101 ⁶24.
1263 2069 1391 2109 scripta
1416 2070 1511 2107 sunt,
1537 2071 1700 2110 corrupta
1725 2078 1803 2101 esse
1819 2071 1980 2110 apparet;

233 2129 325 2159 certa
351 2125 486 2158 medela
512 2124 666 2156 nondum
691 2124 830 2163 reperta
849 2122 911 2153 cst.
934 2138 968 2142 -—
996 2119 1167 2151 Februarii
1191 2128 1208 2149 e
1223 2120 1262 2155 k?
1290 2119 1322 2149 in
1341 2119 1464 2150 ceteris
1481 2121 1558 2150 sunt
1577 2119 1794 2160 compendia.
1815 2136 1850 2141 —
1878 2118 1907 2150 3.
1927 2119 1984 2150 Fe-

230 2177 375 2209 bruariis
398 2178 441 2207 G:
468 2174 641 2206 Februarii
665 2182 683 2205 e
697 2173 737 2210 k}
764 2173 796 2203 in
815 2171 940 2203 cctcris
957 2173 1037 2202 sunt
1053 2169 1271 2209 compendia.
1294 2187 1327 2189 —
1355 2169 1385 2200 5.
1405 2178 1478 2199 eum
1492 2168 1618 2209 primis]
1637 2169 1669 2198 in¹
1689 2169 1806 2207 primis
1820 2169 1848 2199 V
1862 2167 1925 2202 ΜΞ.
1944 2185 1978 2189 -

230 2228 307 2259 dicit
330 2226 450 2258 abed
466 2223 686 2266 fghiklm,
719 2222 798 2253 dicis
828 2231 860 2252 11.
890 2239 925 2243 ——
953 2220 1092 2260 profecti
1120 2218 1212 2250 Bab
1228 2217 1497 2257 cdfgbiklm
1513 2227 1531 2248 n
1564 2220 1598 2249 et
1620 2217 1696 2256 Αἵ,
1726 2218 1823 2248 secuti
1847 2226 1877 2248 c.
1905 2216 1978 2257 (ual.

227 2277 408 2318 prosecuti,
435 2275 488 2307 vel
514 2275 568 2306 dic
592 2274 674 2305 Albii
697 2275 725 2304 ec
750 2271 906 2311 Quintii.»
932 2279 1001 2309 mg.
1029 2270 1062 2309 f.)
1091 2287 1125 2291 ——
1153 2269 1183 2300 6.
1208 2269 1289 2308 fam.
1315 2267 1398 2299 Albii
1422 2271 1450 2299 ct
1475 2268 1596 2307 Quinlii
1621 2276 1655 2305 a,
1689 2267 1770 2307 fam.
1796 2269 1825 2297 et
1847 2265 1929 2297 Albii
1953 2269 1981 2297 et

232 2327 354 2368 Quiniii
377 2325 529 2358 Bhikn
554 2325 588 2356 et
610 2325 635 2355 Α
652 2322 720 2356 Lss.
750 2339 784 2344 —
811 2322 855 2352 hii
880 2320 1028 2359 cdsgi,
1065 2319 1088 2349 ii
1112 2319 1192 2349 km.
1222 2336 1256 2339 ——
1282 2318 1313 2348 8.
1339 2317 1631 2356 comparabuntur.
1656 2317 1697 2347 Ei
1721 2315 1826 2349 ΑΜΕ
1851 2324 1981 2354 compa-

229 2375 421 2409 rabuntur?
443 2376 485 2407 Et
509 2375 545 2406 O.
567 2391 601 2395 —
629 2372 659 2404 9.
684 2373 726 2403 Et
750 2380 818 2402 orn.
846 2371 876 2401 k.
906 2387 940 2391 —
969 2370 1020 2400 stt).
1046 2368 1129 2409 eum]
1155 2377 1227 2399 cam
1244 2368 1276 2398 k.
1298 2385 1332 2388 —
1358 2366 1481 2407 qratia]
1507 2376 1609 2398 causa
1626 2376 1655 2397 e.
1679 2384 1711 2388 —
1739 2365 1790 2396 42.
1809 2364 1859 2405 ac]
1884 2368 1981 2404 atque

230 2427 270 2459 el
296 2429 330 2459 et
347 2429 384 2458 Α.
407 2443 440 2447 -
469 2426 520 2456 15.
540 2422 653 2463 omnis]
672 2421 817 2453 omnibus
834 2422 899 2451 GA.
922 2437 955 2440 ——
984 2419 1033 2450 «17.
1054 2417 1251 2458 inferiorem]
1279 2417 1430 2457 inferiore
1447 2426 1477 2448 e.
1501 2434 1530 2439 —
1562 2418 1613 2447 118.
1634 2424 1699 2447 esse
1714 2423 1746 2446 sc
1763 2415 1892 2454 patitur
1908 2414 1976 2448 80:

229 2487 294 2510 esse
312 2477 442 2517 patitur
466 2477 491 2506 G
505 2484 523 2505 a
538 2474 559 2505 b
573 2484 591 2506 c
606 2473 627 2505 d
642 2482 659 2504 e
674 2470 845 2513 sghilm
860 2479 880 2501 n
905 2470 939 2500 et
961 2470 1005 2508 Α,
1032 2477 1064 2499 se
1086 2477 1148 2499 esse
1167 2467 1296 2506 patitur
1319 2468 1338 2497 k
1355 2468 1389 2498 et
1407 2468 1440 2498 L.
1464 2484 1497 2488 ——
1525 2467 1578 2497 ⁶21.
1605 2465 1789 2504 debebatur]
1813 2464 1981 2496 deberetur

229 2529 264 2560 L.
283 2546 317 2551 —
337 2528 389 2558 ⁶22.
409 2534 473 2558 esse
488 2527 512 2557 B
528 2526 583 2555 Ga
599 2523 620 2554 b
636 2532 654 2554 c
669 2523 690 2554 d
704 2532 722 2554 e
736 2531 755 2563 g
769 2522 777 2552 i
792 2522 811 2551 k
826 2520 834 2552 l
848 2528 881 2551 m
897 2529 916 2550 n
935 2520 969 2550 et
985 2519 1011 2550 A
1026 2517 1058 2551 ΣΞ.
1077 2535 1110 2539 —
1130 2517 1182 2548 23.
1202 2524 1243 2546 ea:
1260 2524 1327 2547 om.
1347 2516 1379 2547 k.
1407 2515 1455 2547 Cf.
1475 2515 1518 2546 ad
1538 2524 1569 2555 p.
1587 2515 1636 2545 47.
1657 2523 1689 2545 v,
1706 2515 1737 2546 5.
1757 2531 1792 2537 —
1816 2515 1980 2554 possidere

228 2577 295 2610 Mb
311 2587 330 2609 c
343 2577 364 2608 d
378 2585 396 2608 c
410 2576 452 2616 fg
466 2576 487 2606 h
501 2574 532 2606 il
554 2576 588 2605 et
605 2575 629 2605 Α
646 2575 668 2604 L
681 2572 714 2606 8.
737 2591 771 2594 —
796 2571 848 2602 24.
870 2571 989 2601 Tracta
1005 2567 1123 2600 Aldina
1142 2568 1175 2598 et
1193 2565 1436 2597 Cratandrina:
1464 2568 1584 2595 tracta!
1608 2565 1667 2595 BG
1682 2565 1706 2594 Κ
1721 2565 1802 2595 Met
1823 2565 1895 2602 VA,
1921 2566 1979 2596 Re-

227 2630 294 2661 cita
323 2627 431 2661 LssO.
475 2625 524 2657 Cs.
551 2622 686 2656 Tuscul.
713 2622 744 2659 4,
769 2620 822 2659 Ἠ,
849 2621 900 2652 53.
930 2637 965 2641 —
992 2620 1044 2651 ⁵25.
1070 2618 1179 2649 latitat
1202 2617 1303 2654 Bin,
1341 2624 1409 2646 oni.
1447 2616 1470 2645 G
1487 2614 1584 2645 Mal)
1601 2613 1845 2652 cdefgklm
1880 2615 1914 2645 et
1936 2616 1975 2652 Α,

228 2680 369 2711 latitarit
392 2687 460 2718 mg.
488 2677 508 2708 s.
541 2674 695 2715 (latitabit
724 2673 784 2704 Tb.
811 2672 1005 2703 Mommsen
1037 2668 1186 2700 Zeilsclzr.
1211 2667 1236 2707 f.
1260 2665 1496 2698 Altertlmmsw.
1525 2663 1618 2695 4845.
1647 2672 1680 2704 p.
1708 2663 1802 2694 4092.
1840 2663 1907 2694 Sed
1931 2663 1973 2695 cs.

229 2728 259 2769 5.
285 2729 350 2768 86.)
380 2747 414 2750 -
441 2727 501 2757 nisi
525 2726 656 2756 latitant
679 2724 741 2755 Me
767 2723 801 2753 et
826 2723 848 2752 1.
864 2721 901 2759 8,
926 2719 988 2750 ¹nisi
1011 2719 1034 2750 ii
1057 2718 1188 2749 latitant
1212 2716 1321 2748 codex
1346 2715 1423 2746 Car.
1450 2713 1630 2754 stephani,
1664 2713 1727 2743 «nisi
1749 2713 1775 2751 si
1798 2712 1976 2744 latitarunt

227 2781 274 2817 A,
299 2778 362 2809 nisi
385 2778 411 2808 si
435 2775 575 2807 latitat-it
599 2772 728 2811 Gakl,
754 2772 816 2803 nisi
839 2770 979 2802 latitarit
1003 2777 1048 2800 ni.
1078 2785 1113 2790 —
1141 2768 1192 2798 QG.
1214 2764 1479 2806 proficiscuntur]
1499 2762 1720 2802 proficiscitur
1743 2763 1784 2799 G,
1811 2762 1976 2802 profectus

227 2832 271 2860 est
295 2829 326 2859 k.
349 2845 383 2849 --
409 2827 462 2857 Ξῖ.
484 2832 650 2856 VERTERIT.
676 2822 751 2854 Dici
766 2822 854 2852 Ιιοσ-
870 2838 888 2842 -
904 2826 1066 2850 -ι-ἰῖεκιικ
1094 2820 1163 2857 Quo
1181 2817 1247 2848 cet.
1269 2816 1302 2846 L:
1328 2814 1469 2845 verterit.
1498 2814 1566 2851 Quo
1583 2814 1648 2843 cet.
1671 2811 1805 2851 (inediis
1824 2811 1972 2850 omissis)

228 2887 308 2910 cum
333 2877 428 2909 libris
453 2875 540 2906 notis
564 2872 726 2904 omnibus
749 2873 773 2903 Α
789 2870 809 2904 Ω
824 2871 860 2901 Ο.
899 2870 1111 2900 Hotomanus
1137 2875 1197 2897 «ex
1222 2865 1309 2897 libro
1327 2863 1561 2903 manuscripto
1579 2861 1803 2902 perantiquo»
1821 2861 1974 2901 scripse-

226 2930 299 2959 rat:
325 2927 468 2959 verterit.
495 2924 569 2956 Dici
591 2923 624 2954 id
646 2932 711 2953 non
730 2924 844 2961 polest.
883 2921 945 2959 0111
967 2926 1089 2950 ,wsms
1114 2925 1239 2948 usmete
1262 2922 1429 2945 immissius·
1454 2921 1518 2943 sav
1541 2920 1669 2942 rricius.
1705 2911 1753 2941 Ne
1775 2911 1808 2940 id
1832 2910 1969 2948 quidem.

228 2980 296 3017 Quo
321 2979 386 3009 cet.
423 2974 631 3007 Lambinus:
660 2971 901 3002 «Restituimus
925 2969 957 2999 in
983 2967 1226 3007 manuscriptis
1250 2966 1405 3005 reperta,
1433 2971 1547 3002 neque
1573 2964 1687 2992 tamen
1712 2960 1905 3001 reperimus
1931 2969 1970 2991 ea

228 3027 403 3059 Ciceronis
426 3023 553 3063 verba,
580 3031 668 3063 quae
694 3022 839 3052 testatur
864 3020 1078 3050 Hotomanus
1103 3026 1139 3048 se
1164 3024 1232 3046 una
1256 3022 1337 3046 cum
1362 3012 1477 3044 verbis
1503 3011 1604 3043 edicti
1628 3010 1820 3051 reperisse,
1853 3017 1892 3040 ne
1913 3009 1972 3040 hoc

226 3079 371 3117 quidem,
398 3084 513 3116 neque
536 3082 619 3105 vero
644 3073 724 3103 sunt
747 3069 979 3102 necessaria.»
1015 3066 1110 3099 Falso
1135 3067 1235 3104 igitur
1258 3064 1367 3096 simile
1393 3062 1684 3098 additamentum,
1709 3060 1757 3090 Ne
1780 3059 1806 3090 is
1829 3059 1968 3097 quidem,

226 3127 392 3159 Lambino
408 3125 571 3157 tribuitur
586 3124 619 3154 in
643 3130 711 3161 mg.
728 3120 760 3155 53.
788 3120 871 3151 Vide
890 3118 1030 3151 omnino
1048 3115 1220 3147 Kellcrum
1243 3123 1275 3155 p.
1295 3112 1335 3145 44
1353 3121 1428 3153 sqq.
1455 3113 1489 3143 6¹
1512 3120 1589 3151 sqq.
1616 3111 1650 3141 et
1674 3118 1691 3140 e
1717 3109 1886 3139 contrario
1907 3108 1966 3139 Th.

224 3178 419 3209 Mommsen
443 3174 464 3206 l.
490 3174 546 3212 d.‚
583 3173 640 3213 qui
664 3172 758 3203 omni
781 3168 1024 3210 supplemento
1048 3167 1178 3198 reiecto
1202 3164 1317 3196 locum
1340 3170 1462 3193 sanare
1488 3161 1633 3192 conatur
1655 3159 1704 3189 sic
1728 3156 1968 3196 distinguendo

226 3227 260 3257 et
276 3224 483 3257 scribendo:
512 3230 680 3254 manian.
708 3221 777 3259 Quo
794 3216 964 3258 tempore?
985 3234 1019 3239 —
1044 3216 1224 3247 Existimas
1240 3213 1434 3253 oportuisse,
1460 3210 1582 3247 Naevi,
1607 3207 1766 3240 absentem
1784 3206 1969 3245 Quinctium

225 3275 359 3314 defendi.
395 3275 434 3306 Λι
457 3270 645 3313 quomodo?
680 3271 775 3307 Tum,
801 3277 875 3300 cuin
892 3266 1100 3307 postulabas,
1125 3269 1160 3296 ut
1183 3264 1268 3295 bona
1285 3263 1480 3302 possideres,
1505 3268 1597 3291 nemo
1620 3256 1735 3297 adfuit.
1763 3255 1812 3287 Cf.
1837 3255 1867 3285 J.
1894 3254 1967 3285 Frei

223 3323 333 3357 Philol.
347 3322 579 3357 Schneidewin.
594 3321 648 3354 VI.
663 3328 698 3362 p.
713 3318 775 3353 324
791 3326 868 3360 sqq.
887 3315 1041 3351 Eaedem
1056 3323 1145 3356 quae
1157 3314 1191 3346 h.
1207 3313 1228 3346 l.
1244 3311 1390 3353 negandi
1404 3308 1570 3344 formulae
1583 3308 1663 3341 sunt
1674 3313 1737 3347 pro
1750 3303 1856 3336 Tullio
1870 3302 1900 3343 3.
1912 3301 1964 3334 48.
