2143 3713
281 206 361 247 578
808 208 1008 250 ORATIO
1038 209 1140 250 PRO
1172 209 1218 250 A.
1250 210 1514 251 CLUENTIO

280 320 446 359 stabunt
488 332 624 373 neque
666 320 753 361 ullo
793 326 1034 374 argumento
1077 321 1343 362 Cluentianae
1373 322 1573 376 pecuniae
1603 321 1759 360 crimen
1789 321 2020 370 tenebitur,

279 381 380 434 quid
411 386 474 421 est
504 382 619 435 quod
649 387 688 422 te
717 384 795 423 ista
825 384 1032 431 censoria,
1069 383 1154 423 sive
1185 384 1375 424 voluntas
1407 385 1492 424 sive
1524 383 1668 435 opinio
1697 382 1794 430 fuit,
1826 383 2021 443 adiuvare

278 449 349 483 aut
377 444 488 484 hunc
517 445 781 486 innocentem
813 446 1047 498 opprimere
1077 458 1198 498 posse
1218 445 1442 486 videatur?
1488 445 1610 485 XLV.
1632 442 1725 483 426.
1759 444 1870 493 Quid
1900 446 2024 498 igitur

278 517 472 545 censores
503 506 629 546 secuti
661 509 788 547 sunt?
832 508 891 546 Ne
921 507 1000 560 ipsi
1032 507 1224 560 quidem,
1264 513 1310 548 ut
1339 508 1578 561 gravissime
1609 507 1763 554 dicam,
1795 506 2023 561 quidquam

244 566 390 606 5aliud
432 567 570 608 dicent
607 574 772 622 praeter
815 582 1048 609 sermonem
1091 575 1217 623 atque
1247 569 1409 610 famam.
1469 569 1579 609 Nihil
1611 582 1655 608 se
1686 568 1881 616 testibus,
1919 569 2023 609 nihil

275 629 447 678 tabulis,
488 630 593 670 nihil
631 630 770 684 aliquo
808 631 922 684 gravi
960 635 1203 683 argumento
1234 633 1509 685 comperisse,
1556 631 1661 671 nihil
1692 631 1870 683 denique
1902 643 2024 670 causa

273 691 435 744 cognita
465 693 659 733 statuisse
690 693 839 733 dicent.
891 693 1011 741 Quod
1044 693 1078 732 si
1108 694 1165 733 ita
1198 692 1416 741 fecissent,
1455 700 1591 734 tamen
1621 692 1663 732 id
1693 706 1777 732 non
1808 693 1864 733 ita
1894 691 2022 733 fixum

273 766 363 793 esse
394 754 588 802 deberet,
619 760 664 794 ut
694 755 872 795 convelli
894 768 977 794 non
1007 756 1161 795 liceret.
1206 757 1296 795 Non
1315 761 1409 796 utar
1429 756 1717 808 exemplorum
1740 756 1882 809 copia,
1915 768 2021 809 quae

272 828 432 857 summa
461 822 547 864 est3
578 830 663 856 non
693 830 779 856 rem
809 821 1012 865 veterem,
1044 830 1127 857 non
1156 817 1366 858 hominem
1396 824 1609 871 potentem
1630 818 1815 871 aliquem
1836 822 1908 858 aut
1931 829 2022 870 gra-

221 877 423 917 iotiosum
453 878 674 932 proferam.
724 880 867 931 Nuper
895 879 1107 919 hominem
1138 884 1328 926 tenuem,
1361 881 1535 920 scribam
1566 879 1828 927 aedilicium,
1857 880 1906 918 D.
1936 879 2022 918 Ma-

271 941 462 989 trinium,
509 954 601 980 cum
643 940 924 980 defendissem
965 941 1076 994 apud
1116 941 1169 980 M.
1201 942 1364 981 Iunium
1395 942 1444 990 Q.
1475 942 1702 982 Publicium
1740 946 1950 995 praetores
1981 946 2022 981 et

268 1003 322 1041 M.
343 1002 593 1042 Plaetorium
625 1002 668 1042 C.
697 1002 946 1042 Flaminium
976 1003 1131 1043 aediles
1163 1003 1350 1052 curules,
1389 1005 1577 1057 persuasi
1616 1009 1662 1043 ut
1699 1004 1870 1044 scribam
1896 1004 2020 1043 iurati

267 1063 454 1116 legerent
483 1078 599 1112 eum,
642 1078 766 1118 quem
796 1065 924 1104 iidem
954 1064 1022 1104 isti
1058 1079 1252 1105 censores
1284 1066 1483 1106 aerarium
1515 1066 1736 1119 reliquisse
1767 1066 2021 1119 subscripse-

267 1131 375 1166 runt.
425 1128 527 1167 Cum
559 1127 669 1167 enim
700 1127 744 1167 in
773 1127 943 1167 homine
974 1127 1090 1167 nulla
1121 1127 1243 1180 culpa
1271 1129 1545 1176 inveniretur,
1577 1128 1678 1182 quid
1698 1128 1769 1168 ille
1789 1128 2020 1175 meruisset,

217 1194 254 1223 ¹¹5
267 1202 351 1229 non
383 1190 482 1243 quid
514 1192 565 1231 de
596 1205 645 1231 eo
678 1196 877 1232 statutum
909 1196 1038 1239 esset,
1077 1191 1360 1245 quaerendum
1392 1203 1482 1230 esse
1514 1191 1735 1230 duxerunt.
1795 1187 1887 1229 4227.
1917 1191 2021 1230 Nam

266 1251 369 1291 haec
400 1253 594 1306 quidem,
628 1267 734 1308 quae
765 1253 816 1293 de
847 1254 1003 1294 iudicio
1034 1259 1227 1307 corrupto
1259 1253 1615 1305 subscripserunt,
1654 1253 1744 1306 quis
1777 1257 1839 1292 est
1868 1253 1941 1306 qui
1970 1252 2020 1292 ab

265 1313 348 1354 illis
387 1316 488 1355 satis
527 1316 693 1369 cognita
730 1321 770 1356 et
800 1315 1021 1368 diligenter
1050 1315 1234 1356 iudicata
1264 1315 1518 1355 arbitretur?
1565 1315 1611 1353 In
1641 1315 1706 1354 Μ’.
1736 1314 1951 1368 Aquilium
1981 1319 2022 1354 et

265 1376 310 1416 in
340 1377 402 1417 Ti.
434 1377 598 1419 Guttam
629 1378 751 1419 video
783 1392 874 1418 esse
905 1378 1198 1431 subscriptum.
1248 1377 1358 1425 Quid
1390 1382 1452 1417 est
1480 1377 1593 1416 hoc?
1625 1377 1728 1416 duos
1759 1390 1850 1417 esse
1881 1390 2021 1417 corru-

265 1444 356 1493 ptos
377 1440 489 1481 solos
511 1441 717 1495 pecunia?
749 1441 920 1481 Dicant:
954 1441 1079 1479 ceteri
1101 1440 1297 1480 videlicet
1318 1440 1443 1491 gratis
1464 1439 1805 1478 condemnarunt.
1846 1440 1938 1478 Non
1959 1443 2022 1478 est

216 1505 252 1535 20
266 1502 393 1555 igitur
422 1503 749 1551 circumventus,
789 1516 874 1542 non
906 1516 1130 1555 oppressus
1162 1501 1359 1555 pecunia,
1403 1514 1506 1548 non,
1542 1506 1588 1540 ut
1616 1501 1712 1541 illae
1744 1501 2019 1549 Quinctianae

267 1565 480 1606 contiones
510 1565 794 1612 habebantur,
826 1578 991 1611 omnes,
1024 1565 1096 1617 qui
1128 1564 1405 1616 Oppianicum
1437 1562 1788 1610 condemnarunt,
1825 1563 1867 1602 in
1897 1562 2021 1615 eulpa

267 1633 364 1667 sunt
393 1640 440 1667 ac
471 1628 707 1681 suspicione
737 1627 935 1680 ponendi.
982 1627 1096 1665 Duos
1129 1626 1240 1665 solos
1271 1625 1394 1665 video
1426 1625 1670 1665 auctoritate
1696 1638 1914 1665 censorum
1935 1622 2021 1664 affi-

266 1703 340 1729 nes
371 1690 408 1730 01
441 1690 690 1743 turpitudini
720 1689 910 1729 iudicari.
956 1690 1039 1728 Aut
1068 1688 1172 1727 illud
1193 1688 1389 1734 afferant,
1421 1687 1579 1740 aliquid
1608 1700 1721 1734 sese,
1753 1688 1866 1741 quod
1887 1687 1938 1727 de
1957 1686 2020 1725 his

266 1752 428 1792 duobus
458 1752 683 1792 habuerint
713 1756 990 1805 compertum,
1032 1751 1082 1790 de
1113 1750 1262 1790 ceteris
1295 1749 1561 1802 comperisse.
1620 1749 1764 1789 XLVI.
1796 1745 1889 1788 1128.
1919 1749 2020 1788 Nam

216 1818 252 1847 ‘25
265 1814 369 1854 illud
401 1815 570 1869 quidem
599 1813 769 1854 minime
799 1813 1059 1867 probandum
1082 1817 1166 1860 est,
1198 1811 1249 1852 ad
1271 1811 1508 1851 notationes
1530 1811 1905 1865 auctoritatemque
1927 1823 2022 1850 cen-

266 1878 419 1918 soriam
460 1876 699 1929 exemplum
734 1876 830 1916 illos
863 1888 885 1915 e
921 1874 1227 1916 consuetudine
1260 1874 1429 1913 militari
1460 1872 1733 1913 transtulisse.
1781 1874 2023 1913 Statuerunt

266 1941 375 1980 enim
406 1940 462 1980 ita
492 1938 671 1979 maiores
701 1938 855 1985 nostri,
886 1943 953 1986 ut,
985 1938 1018 1978 si
1049 1951 1073 1978 a
1103 1937 1242 1977 multis
1269 1940 1379 1976 esset
1409 1936 1612 1989 flagitium
1642 1935 1702 1975 rei
1732 1934 1921 1975 militaris
1951 1933 2022 1973 ad-

265 2002 460 2049 missum,
493 2000 709 2041 sortitione
739 2000 782 2039 in
813 2000 1017 2053 quosdam
1047 1998 1475 2045 animadverteretur,
1507 2004 1552 2038 ut
1582 2003 1716 2037 metus
1747 1997 1942 2038 videlicet
1969 1995 2021 2036 ad

266 2077 433 2111 omnes,
464 2076 602 2117 poena
631 2062 683 2101 ad
714 2075 869 2115 paucos
900 2063 1151 2115 perveniret.
1204 2061 1328 2110 Quod
1358 2060 1467 2100 idem
1497 2060 1633 2101 facere
1654 2072 1847 2100 censores
1877 2059 1921 2099 in
1951 2058 2022 2098 de-

216 2130 251 2158 30
265 2126 377 2166 lectu
408 2125 620 2179 dignitatis
652 2130 693 2165 et
725 2125 768 2164 in
797 2125 950 2164 iudicio
983 2124 1133 2165 civium
1168 2128 1208 2163 et
1237 2124 1281 2163 in
1310 2123 1671 2163 animadversione
1700 2122 1919 2169 vitiorum,
1951 2120 2022 2174 qui

267 2189 494 2230 convenit?
539 2188 642 2228 Nam
675 2187 813 2234 miles,
847 2187 919 2240 qui
950 2188 1086 2227 locum
1107 2199 1192 2225 11011
1215 2185 1369 2233 tenuit,
1401 2186 1473 2238 qui
1493 2185 1677 2225 hostium
1697 2185 1900 2237 impetum
1919 2182 2022 2223 vim-

267 2264 347 2304 que
379 2249 613 2304 pertimuit,
643 2254 782 2302 potest
811 2249 922 2288 idem
952 2253 1098 2303 postea
1139 2252 1178 2288 et
1208 2248 1327 2287 miles
1359 2260 1448 2287 esse
1479 2247 1625 2287 melior
1655 2251 1695 2287 et
1724 2247 1787 2286 vir
1815 2245 1951 2285 bonus
1981 2249 2022 2284 et

267 2312 368 2352 civis
398 2312 525 2352 utilis.
571 2311 711 2359 Quare
742 2310 815 2364 qui
846 2311 888 2350 in
918 2310 1029 2350 bello
1061 2314 1231 2363 propter
1260 2310 1447 2350 hostium
1479 2314 1634 2349 metum
1656 2308 1908 2362 deliquerat,
1937 2320 2021 2347 am-

265 2374 375 2427 plior
404 2374 442 2414 ei
472 2373 616 2414 mortis
648 2379 688 2413 et
717 2372 912 2425 supplicii
943 2378 1075 2412 metus
1108 2378 1169 2412 est
1198 2385 1221 2412 a
1251 2372 1476 2412 maioribus
1507 2371 1779 2411 constitutus:
1808 2382 1862 2410 ne
1883 2372 2021 2410 autem

217 2442 254 2470 35
266 2436 439 2476 nimium
468 2436 589 2476 multi
618 2448 795 2490 poenam
826 2435 971 2489 capitis
1000 2435 1209 2483 subirent,
1240 2434 1394 2475 idcireo
1416 2434 1486 2474 illa
1508 2433 1668 2474 sortitio
1690 2436 1926 2486 comparata
1945 2435 2021 2472 est.

354 2636 384 2666 4.
410 2642 513 2674 neque
536 2634 610 2665 ST:
644 2642 701 2665 nec
725 2633 912 2666 RALQO.
942 2651 976 2654 ——
1010 2634 1174 2666 Cluentiae
1197 2634 1232 2665 T.
1262 2651 1296 2655 —
1333 2633 1365 2664 2.
1390 2631 1464 2673 ista]
1490 2632 1562 2671 ipsa
1586 2631 1622 2662 T.
1651 2647 1685 2651 —
1712 2628 1743 2662 4.
1769 2629 1888 2672 dicam]
1913 2629 2023 2662 dicant

268 2685 340 2716 FO.
370 2702 405 2706 —
432 2684 462 2715 6.
489 2683 600 2723 aliquo
622 2683 720 2724 gyrari
743 2683 818 2714 ST:
845 2684 944 2724 graui
967 2683 1078 2723 aliquo
1102 2685 1167 2715 ΒΑ
1182 2681 1239 2715 LQ
1255 2684 1291 2715 Ο.
1321 2701 1355 2706 -
1382 2682 1574 2721 comperisse
1597 2688 1665 2711 om.
1693 2680 1726 2711 F.
1756 2698 1791 2703 —
1817 2680 1869 2712 40.
1894 2680 2023 2713 Macri—

266 2743 346 2765 num
369 2734 401 2765 S.
431 2751 466 2755 —
492 2733 545 2764 4-4.
569 2732 688 2764 Iulium
711 2731 744 2764 53.
772 2749 807 2755 —
834 2733 1015 2772 Puplicium
1038 2734 1079 2771 T;
1104 2733 1279 2764 Publicium
1302 2733 1338 2764 L.
1357 2748 1391 2753 —
1420 2732 1471 2763 42.
1490 2731 1535 2762 Μ.
1559 2729 1742 2769 pretorium
1764 2729 1796 2761 S.
1826 2747 1862 2752 -—
1889 2728 1940 2761 43.
1967 2737 2023 2761 re-

267 2784 396 2823 liquisse
418 2783 676 2823 subscripscrunt
690 2784 715 2814 T
729 2783 751 2814 F
764 2784 809 2814 A:
836 2783 1001 2823 reliquisse
1016 2785 1215 2824 scripserunt
1231 2785 1269 2822 S3
1296 2782 1497 2822 reliquissent
1518 2781 1550 2812 M
1563 2781 1585 2811 L
1601 2777 1621 2812 Q
1635 2781 1672 2812 O.
1691 2797 1725 2801 -
1752 2778 1805 2812 44.
1822 2778 2024 2811 inveniretur

268 2834 289 2864 S
303 2833 327 2864 T
341 2834 362 2864 F
376 2834 465 2865 MA:
491 2834 692 2873 reperiretur
715 2834 738 2864 L
752 2830 771 2865 Q
785 2834 822 2865 O.
845 2851 880 2855 —
908 2835 993 2873 quod
1014 2834 1067 2866 ille
1086 2828 1111 2866 'F
1125 2835 1168 2866 M.
1191 2852 1225 2855 —
1254 2833 1304 2865 45.
1330 2841 1395 2863 non
1412 2831 1499 2872 quid]
1524 2831 1684 2869 numquid
1707 2830 1785 2862 FM.
1807 2846 1842 2850 —
1868 2829 2024 2861 diverunt

268 2883 327 2914 ST
342 2884 374 2914 F.
404 2901 438 2905 ——
467 2884 518 2915 46.
544 2883 791 2923 subscripserint
814 2881 919 2914 FLss.
953 2884 1038 2915 Hinc
1061 2884 1093 2915 M
1117 2883 1234 2915 deficit
1256 2890 1369 2923 usque
1394 2881 1437 2913 ad
1461 2889 1516 2912 w.
1543 2881 1693 2920 opinione
1715 2878 1867 2911 standum
1889 2877 1920 2919 S.
1946 2878 2020 2910 432.

271 2949 305 2954 -
335 2933 386 2963 47.
411 2933 469 2964 M’.
494 2933 576 2964 LO:
602 2933 648 2964 M.
675 2930 789 2964 QtAss.
817 2949 852 2953 -
877 2932 1055 2971 Aquillium
1078 2932 1186 2964 Lsso.
1221 2931 1270 2964 Cf.
1297 2940 1329 2973 p.
1358 2931 1504 2963 Caecina
1531 2930 1561 2971 S.
1581 2930 1633 2961 77.
1659 2947 1694 2951 —
1720 2931 1749 2960 et
1769 2929 1921 2960 intimum
1944 2928 2024 2960 Gut-

267 2983 336 3011 tam
359 2982 392 3012 S.
419 2981 468 3013 Cf.
497 2982 527 3023 g.
547 2982 600 3014 98.
630 2999 663 3003 —
700 2981 751 3013 49.
778 2982 888 3013 dicant
911 2981 999 3015 ⁵21A:
1037 2983 1114 3022 quid
1138 2990 1219 3015 cum
1243 2981 1298 3013 ed.
1324 2980 1457 3011 Iuntina
1482 2977 1590 3012 Lsso,
1618 2996 1653 3001 —
1685 2978 1739 3010 20.
1765 2986 1831 3009 non
1853 2985 2023 3018 oppressus

268 3030 326 3062 ST
340 3031 382 3062 L:
408 3040 474 3062 non
496 3035 540 3063 est
564 3040 733 3072 oppressus
756 3032 778 3063 F
791 3033 818 3063 Α
833 3028 853 3064 Q
867 3032 903 3064 Ο.
922 3050 957 3054 -
982 3035 1017 3063 ut
1040 3041 1106 3063 non
1129 3033 1162 3063 S.
1181 3049 1216 3054 -
1240 3030 1300 3061 illa
1324 3029 1523 3069 Quinctiana
1545 3028 1698 3060 concione
1719 3027 1753 3058 F.
1775 3043 1808 3050 —
1835 3026 1890 3058 22.
1914 3026 2022 3066 suspi-

266 3080 371 3111 ciendi
395 3081 430 3112 T.
457 3098 492 3102 —
530 3082 640 3123 affinis
663 3084 695 3113 S.
725 3097 759 3103 —
796 3081 848 3113 23.
875 3082 956 3113 illud
979 3091 1048 3113 0111.
1074 3083 1110 3113 T.
1146 3099 1184 3104 —
1218 3088 1282 3112 sese
1304 3078 1568 3119 Leclcrcquius:
1605 3086 1670 3111 esse
1692 3074 1813 3109 QtAo.
1846 3075 1899 3117 (At
1921 3075 2019 3115 illud,

267 3130 353 3168 quod
375 3131 518 3169 afferunt
540 3131 620 3162 nihil
642 3135 706 3163 est:
741 3132 867 3171 aliquid
890 3140 965 3170 esse,
991 3132 1077 3171 quod
1093 3132 1134 3170 L3
1160 3132 1248 3163 Nam
1269 3132 1305 3161 ul
1327 3129 1407 3160 illud
1430 3131 1591 3169 asserant,
1617 3126 1697 3159 nihil
1718 3130 1780 3164 est,
1806 3127 1891 3166 quod
1914 3124 1961 3167 Β.)
1980 3143 2016 3148 -

267 3178 324 3219 his]
348 3178 511 3212 iisLssO.
543 3198 579 3203 —
615 3180 667 3213 ⁶24.
695 3181 895 3221 comperisse]
927 3181 1008 3212 nihil
1036 3181 1227 3221 comperisse
1249 3181 1290 3217 L·‚
1320 3187 1385 3210 >non
1412 3178 1605 3218 comperisse
1633 3184 1714 3208 eum
1749 3176 1893 3208 Graevio
1917 3176 1954 3207 Ο.
1982 3191 2016 3197 -

265 3227 318 3257 26.
346 3236 362 3259 e
383 3230 611 3262 consuetudine
634 3239 719 3262 nos:
746 3231 973 3263 consuetudine
996 3231 1264 3272 (praepositione
1289 3228 1430 3268 omissa)
1454 3230 1537 3267 RA3
1564 3237 1586 3260 a
1608 3226 1835 3259 consuetudine
1857 3234 1938 3258 cum
1961 3224 2018 3257 ed.

266 3277 399 3309 Iuntina
423 3276 533 3312 Lsso.
571 3280 620 3312 Cf.
647 3289 681 3322 p.
707 3281 781 3312 579.
806 3289 840 3312 v.
867 3280 918 3312 41.
947 3298 980 3304 -
1008 3283 1148 3312 statuere
1171 3279 1240 3311 ST.
1268 3296 1303 3300 —
1340 3278 1392 3309 28.
1418 3278 1543 3309 sortitio
1567 3278 1643 3315 ST;
1669 3275 1782 3307 sortito
1807 3273 2018 3307 Classenius.

269 3325 318 3358 Cf.
344 3335 377 3368 p.
396 3328 470 3360 570.
488 3337 521 3361 v.
541 3330 594 3362 45.
615 3347 650 3353 -
677 3330 730 3362 ⁶29.
756 3330 860 3362 omnis
874 3331 908 3362 S.
930 3348 965 3353 —
991 3329 1043 3361 33.
1063 3329 1120 3369 qui
1135 3345 1181 3352 --
1196 3327 1376 3369 deliquerat
1392 3328 1467 3360 ST:
1493 3335 1533 3360 ne
1547 3343 1596 3351 --
1611 3325 1809 3367 delinqueret
1829 3319 2017 3360 RALsso.
