2143 3713
272 215 351 255 560
792 216 991 257 ORATIO
1021 216 1124 257 PRO
1154 216 1202 257 A.
1233 216 1495 259 CLUENTIO

272 334 407 367 vestra
445 328 723 380 exspectatio,
761 343 867 382 quae
908 328 1008 367 mihi
1051 328 1222 381 obloqui
1259 329 1435 370 videtur.
1497 328 1630 377 «Quid
1662 332 1789 381 ergo?
1819 344 2011 384 negasne,

270 389 374 428 illud
404 388 601 429 iudicium
632 397 873 444 corruptum
905 393 1029 430 esse?
1050 404 1066 427 »
1116 391 1208 429 Non
1239 404 1366 444 nego,
1398 390 1470 431 sed
1492 391 1541 430 ab
1567 390 1647 430 hoc
1669 397 1906 445 corruptum
1930 406 2013 432 non

271 464 361 491 esse
392 449 601 492 confirmo.
650 454 706 493 «A
737 466 819 506 quo
850 453 974 505 igitur
1005 457 1066 492 est
1097 457 1403 505 c01·ruptum‘.'»
1453 453 1609 506 Opinor
1649 453 1851 505 primum,
1889 455 1921 493 si
1952 454 2015 494 in-

270 519 427 552 certum
457 513 623 562 fuisset,
663 516 854 568 quisnam
885 515 1019 554 exitus
1050 514 1162 553 illius
1193 515 1334 555 iudicii
1366 516 1526 555 futurus
1558 521 1687 561 esset,
1727 516 1812 554 veri
1842 515 2014 554 similius

238 581 406 615 {stamen
444 581 554 616 esset
592 590 685 616 euin
723 578 860 630 potius
892 576 1152 628 corrupisse,
1195 577 1265 628 qui
1297 578 1533 623 metuisset,
1566 590 1617 616 ne
1648 576 1738 628 ipse
1769 576 2015 615 condemna-

270 643 401 685 retur,
433 651 555 691 quam
588 639 724 685 illum,
756 640 826 692 qui
855 639 1011 678 veritus
1043 642 1172 683 esset,
1204 651 1256 677 ne
1287 639 1389 678 alter
1415 639 1717 685 absolveretur3
1749 638 1900 678 deinde
1923 652 2015 677 cum

270 705 378 740 esset
406 701 559 740 nemini
592 701 782 747 dubium,
818 701 917 754 quid
949 699 1123 739 iudicari
1155 713 1324 740 necesse
1345 707 1480 748 esset,
1513 715 1606 742 eum
1628 706 1738 740 certe
1760 700 1913 753 potius,
1944 700 2015 753 qui

270 763 348 802 sibi
387 763 467 802 alia
505 763 664 802 ratione
704 761 931 810 diflideret,
973 775 1098 814 quam
1142 774 1260 808 eum,
1307 764 1378 815 qui
1421 763 1532 802 omni
1575 763 1731 802 ratione
1772 760 2015 808 confideret3

269 829 479 878 postremo
511 828 620 864 certe
652 824 789 877 potius
821 824 962 871 illum,
995 824 1066 877 qui
1097 823 1159 861 bis
1190 823 1300 875 apud
1322 837 1391 863 eos
1413 824 1570 864 iudices
1594 824 1858 871 offendisset,
1891 837 2015 877 quam

224 896 387 935 meum,
428 887 500 940 qui
539 886 601 925 bis
640 886 689 925 iis
735 899 899 925 causam
939 886 1211 938 probavisset.
1271 882 1335 924 [34.
1375 886 1506 925 Unum
1548 887 1716 939 quidem
1754 892 1863 926 certe
1893 898 2015 926 nemo

271 951 346 989 erit
376 954 457 988 tam
488 948 677 987 inimicus
710 947 900 987 Cluentio
933 948 1003 1000 qui
1035 947 1133 986 mihi
1163 960 1247 986 non
1277 948 1499 995 concedat,
1533 949 1566 988 si
1595 954 1755 988 constet
1777 954 2015 1002 corruptum

268 1010 370 1050 illud
400 1010 600 1049 iudicium
634 1022 745 1057 esse,
777 1014 848 1049 aut
877 1010 926 1049 ab
948 1009 1100 1048 Habito
1124 1014 1195 1048 aut
1224 1009 1274 1048 ab
1297 1010 1527 1062 Oppianico
1561 1024 1651 1050 esse
1684 1018 1934 1064 corruptum.
1973 1011 2015 1050 Si

269 1074 397 1113 doceo
439 1086 522 1112 non
563 1072 612 1111 ab
652 1072 830 1119 Habito,
872 1071 995 1110 vinco
1037 1071 1087 1110 ab
1119 1070 1378 1123 Oppianico:
1421 1072 1453 1111 si
1485 1073 1658 1112 ostendo
1689 1073 1739 1111 ab
1771 1073 2014 1127 OppianicO,

267 1147 398 1187 purgo
429 1134 640 1173 Habitum.
700 1133 857 1182 Quare,
889 1134 965 1173 etsi
997 1134 1094 1173 satis
1128 1133 1271 1179 docui,
1302 1134 1505 1173 rationem
1536 1135 1693 1174 nullam
1714 1135 1810 1174 huic
1832 1149 2016 1175 corrum-

220 1196 394 1249 45pendi
435 1196 577 1235 iudicii
617 1196 766 1243 fuisse,
805 1209 857 1235 ex
888 1209 969 1249 quo
1012 1195 1258 1247 intelligitur
1297 1195 1348 1234 ab
1380 1196 1608 1249 Oppianico
1641 1210 1731 1236 esse
1764 1202 2014 1250 corruptum,

267 1264 405 1298 tamen
446 1259 496 1298 de
532 1258 603 1297 illo
644 1258 735 1311 ipso
775 1258 998 1310 separatim
1037 1258 1289 1310 cognoscite.
1349 1258 1498 1297 XXIV.
1530 1259 1667 1311 Atque
1712 1272 1788 1313 ego
1830 1260 1902 1299 illa
1932 1272 2015 1299 non

267 1320 607 1373 argumentabor,
648 1332 756 1372 quae
797 1324 892 1359 sunt
931 1320 1071 1371 gravia
1105 1319 1391 1359 vehementer:
1444 1333 1537 1359 eum
1577 1320 1809 1372 corrupisse
1862 1321 1932 1375 qui
1972 1322 2015 1360 in

266 1382 451 1435 periculo
494 1381 639 1429 fuerit,
681 1395 774 1421 eum
819 1382 889 1434 qni
927 1382 1143 1429 metuerit,
1190 1394 1284 1420 eum
1325 1382 1394 1434 qui
1435 1395 1550 1434 spem
1595 1382 1736 1422 salutis
1768 1383 1810 1422 in
1843 1384 1923 1423 alia
1953 1396 2018 1423 ra-

267 1445 381 1484 tione
422 1458 505 1484 non
543 1444 760 1491 habuerit,
806 1458 899 1483 cum
939 1443 1010 1496 qui
1051 1456 1213 1496 semper
1253 1443 1451 1495 singulari
1491 1444 1616 1483 fuerit
1656 1444 1847 1485 audacia:
1890 1446 2018 1485 multa

219 1513 364 1548 20sunt
409 1508 498 1547 eius
543 1507 668 1546 modi.
728 1508 879 1547 Verum
918 1519 1011 1545 cum
1050 1505 1225 1544 habeam
1266 1518 1351 1544 rem
1382 1519 1465 1544 non
1498 1506 1687 1553 dubiam,
1732 1506 1804 1546 sed
1835 1513 2016 1560 apertam

268 1575 392 1622 atque
424 1569 702 1616 manifestam,
735 1569 991 1607 enumeratio
1023 1567 1280 1619 singulorum
1306 1573 1640 1619 argumentorum
1671 1582 1753 1608 non
1784 1574 1845 1608 est
1874 1582 2018 1608 neces-

268 1633 388 1672 saria.
448 1631 513 1672 (553.
553 1632 678 1679 Dico,
726 1631 767 1670 C.
799 1630 917 1669 Aelio
966 1630 1134 1669 Staieno
1178 1629 1305 1668 iudici
1350 1630 1566 1681 pecuniam
1608 1631 1803 1682 grandem
1843 1631 2016 1671 Statium

267 1695 432 1734 Albium
463 1694 514 1733 ad
545 1692 894 1746 corrumpendum
927 1692 1125 1731 iudicium
1147 1691 1325 1730 dedisse.
1366 1692 1471 1730 Num
1508 1691 1602 1744 quis
1632 1695 1789 1744 negat?
1821 1694 1901 1741 Te,
1934 1693 2017 1746 Op-

268 1756 454 1809 pianice,
498 1757 685 1810 appello3
727 1761 786 1803 te,
817 1755 929 1794 Atti:
975 1768 1150 1807 quorum
1192 1753 1296 1793 alter
1337 1753 1577 1805 eloquentia
1619 1753 1928 1795 (lamnationem
1967 1754 2015 1794 il-

218 1819 371 1866 95lam,
402 1819 506 1858 alter
536 1819 659 1858 tacita
690 1818 841 1871 pietate
878 1816 1078 1869 deplorat.
1122 1816 1282 1855 Audete
1309 1828 1461 1867 negare
1502 1815 1552 1854 ab
1584 1815 1817 1868 Oppianico
1847 1816 2013 1856 Staieno

268 1882 393 1922 iudici
423 1882 643 1934 pecuniam
676 1882 839 1920 datam:
881 1884 1051 1931 negate,
1092 1878 1283 1931 inquam,
1325 1891 1414 1917 meo
1448 1878 1553 1917 loco.
1605 1877 1717 1925 Quid
1749 1879 1924 1918 tacetis?
1964 1891 2016 1918 an

270 1957 420 1997 negare
452 1957 536 1983 non
566 1943 763 1997 potestis,
805 1941 919 1994 quod
950 1940 1181 1993 repetistis,
1222 1940 1336 1992 quod
1368 1939 1545 1979 confessi
1578 1941 1698 1986 estis,
1738 1941 1849 1994 quod
1879 1940 2018 1980 abstun

269 2008 409 2047 listis?
456 2007 548 2055 Quo
591 2006 758 2046 tandem
798 2004 923 2057 igitur
953 2016 1024 2043 ore
1054 2003 1308 2042 mentionem
1339 2002 1521 2054 corrupti
1554 2002 1696 2041 iudicii
1728 2002 1886 2050 facitis,
1923 2015 2015 2042 cum

269 2070 319 2108 ab
349 2070 425 2109 ista
456 2073 570 2122 parte
602 2068 728 2107 iudici
760 2066 978 2120 pecuniam
1009 2070 1103 2104 ante
1134 2064 1333 2103 iudiciuin
1365 2064 1526 2111 datam,
1568 2069 1663 2116 post
1699 2064 1899 2104 iudicium
1930 2077 2019 2103 ere-

220 2141 256 2171 30
269 2136 381 2185 ptam
410 2144 500 2170 esse
531 2130 775 2171 fateamini?
829 2126 894 2167 66.
928 2128 1118 2176 Quonam
1150 2128 1275 2180 igitur
1304 2127 1406 2166 haec
1438 2127 1560 2165 andO
1591 2132 1706 2179 gesta
1727 2129 1855 2166 sunt?
1886 2128 2019 2179 Repe—

270 2199 353 2234 tam
383 2194 505 2247 paulo
535 2194 683 2240 altius,
715 2192 896 2238 iudices,
928 2196 968 2230 et
998 2189 1161 2236 omnia,
1193 2201 1298 2241 quae
1330 2189 1372 2228 in
1403 2188 1596 2227 diuturna
1616 2188 1867 2229 obscuritate
1888 2189 2020 2228 latue-

269 2261 387 2303 runt,
419 2256 477 2296 sic
507 2256 713 2309 aperiam,
744 2259 790 2293 ut
820 2266 868 2293 ea
895 2264 1064 2292 cernere
1086 2251 1216 2290 oculis
1237 2251 1471 2290 videamini.
1504 2251 1588 2290 Vos
1611 2263 1789 2304 quaeso,
1819 2255 1865 2291 ut
1884 2250 2020 2290 adhuc

270 2332 335 2358 me
375 2322 530 2358 attente
569 2316 764 2363 audistis,
797 2320 841 2355 ut
880 2316 977 2354 item
1008 2326 1115 2367 quae
1145 2313 1308 2365 reliqua
1345 2317 1441 2353 sunt
1470 2313 1671 2361 audiatis3
1702 2312 1887 2366 profecto
1916 2311 2019 2352 nihil

270 2392 294 2419 a
324 2393 388 2419 me
419 2379 599 2427 dicetur,
632 2377 745 2432 quod
775 2390 860 2417 non
881 2376 1051 2429 dignum
1070 2376 1150 2415 hoc
1172 2380 1380 2417 conventu
1401 2381 1440 2416 ct
1461 2375 1650 2422 silentio,
1682 2374 1851 2427 dignum
1871 2374 2018 2416 vestris

220 2451 257 2482 35
271 2442 418 2483 studiis
448 2446 575 2496 atque
607 2441 773 2482 auribus
805 2453 896 2480 csse
926 2438 1129 2479 vidcatur.

359 2643 388 2673 ’1.
415 2645 552 2682 neyamc
575 2641 610 2672 T.
633 2659 667 2663 —
693 2640 724 2671 ⁴2.
749 2638 906 2670 iudicium
929 2647 993 2670 esse
1016 2641 1208 2678 corruptum
1226 2636 1451 2676 Quintilianus
1476 2636 1528 2667 lx.
1554 2636 1590 2674 2,
1616 2635 1669 2666 5⁴.
1691 2652 1725 2656 —
1750 2637 1941 2674 corruptum
1955 2640 2020 2665 esse

271 2692 346 2724 ST:
373 2701 437 2724 esse
458 2694 652 2730 corruptum
676 2688 860 2721 RALQO.
888 2688 936 2719 (if.
966 2688 995 2728 g.
1023 2688 1075 2720 Gli.
1104 2705 1140 2711 —-
1175 2688 1205 2719 6.
1232 2687 1284 2718 illc
1308 2687 1377 2718 ST.
1405 2703 1438 2707 —
1473 2686 1503 2716 7.
1529 2685 1660 2723 nemini]
1684 2694 1749 2715 non
1773 2684 1841 2715 ST.
1870 2702 1904 2707 —
1931 2681 2018 2722 quid]

270 2743 355 2781 quod
378 2743 412 2773 F.
441 2759 475 2763 —
510 2741 541 2772 8.
567 2740 636 2771 alia
660 2740 716 2770 ST
732 2740 751 2769 Ι41
766 2741 814 2770 Α;
852 2738 966 2777 aliqua
990 2736 1135 2769 Ruso.
1168 2737 1217 2769 Cf.
1244 2746 1277 2767 v.
1304 2737 1354 2767 118.
1381 2754 1415 2757 κ
1442 2735 1471 2766 ss.
1497 2734 1559 2775 eos]
1584 2735 1708 2766 eos-clem
1732 2735 1765 2765 L.
1795 2751 1831 2755 -—·
1858 2733 1909 2764 40.
1935 2731 2018 2772 eum]

268 2792 360 2823 illum
390 2793 423 2823 L.
453 2809 487 2814 —
514 2791 561 2821 bis
582 2791 622 2821 iis
644 2798 780 2821 causam
805 2798 888 2819 nos:
916 2788 962 2819 bis
983 2788 1031 2818 his
1053 2796 1080 2818 c.
1107 2787 1162 2819 ed.
1181 2786 1345 2825 Ambcrg.
1367 2795 1397 2817 a.
1418 2784 1520 2817 4472:
1547 2784 1593 2815 bis
1615 2793 1750 2815 causam
1774 2783 1914 2822 (omisso
1937 2790 2020 2822 pro-

270 2842 421 2881 nomine)
448 2842 520 2878 ST;
547 2840 593 2870 bis
615 2848 643 2870 c.
669 2840 709 2870 'iis
731 2840 756 2870 R
770 2840 796 2870 Α
813 2840 833 2869 L
847 2836 867 2870 53
882 2838 918 2869 O.
948 2856 982 2860 —
1012 2839 1115 2868 Unum
1142 2837 1270 2876 quidem
1293 2853 1310 2858 -
1326 2853 1343 2858 -
1363 2843 1471 2875 purgo
1489 2834 1641 2865 Habitum
1658 2831 1882 2871 Quintilianus
1898 2831 1938 2861 V.
1965 2831 2017 2868 40,

270 2892 342 2930 68.;
382 2892 486 2922 Unum
512 2890 641 2929 quidem
669 2891 748 2927 (om.
781 2888 886 2927 certe)
922 2896 1014 2918 nemo
1049 2887 1192 2918 Cluentio
1222 2884 1325 2916 lulius
1356 2884 1554 2915 Rufinianus
1584 2884 1620 2914 dc
1647 2884 1703 2923 fig.
1739 2885 1816 2913 sent.
1843 2882 1874 2921 g.
1902 2880 1952 2911 43.
1982 2896 2016 2901 —

271 2941 323 2971 Μ.
349 2940 499 2971 inimicus
522 2940 597 2978 ST,
624 2939 742 2979 optimi
767 2937 907 2970 codices
933 2935 1147 2975 Quintiliani,
1176 2934 1394 2966 Rufinianus:
1424 2933 1554 2971 iniquus
1579 2929 1801 2963 1-‘MALQQ
1829 2947 1863 2952 —
1890 2929 1940 2960 42.
1966 2928 2021 2958 iu—

271 2989 392 3021 dicium
415 2997 478 3021 esse
501 2989 574 3020 ST:
608 2997 673 3019 esse
702 2988 858 3018 iudicium
888 2984 1062 3017 RALQO
1088 2987 1122 3016 et
1146 2982 1380 3023 Quintilianus.
1417 2982 1465 3012 (js.
1493 2982 1522 3022 g.
1551 2981 1603 3012 63.
1633 2998 1666 3002 »-
1702 2980 1752 3011 43.
1777 2978 1817 3009 ab
1841 2978 2020 3017 Oppianico

272 3041 350 3070 ante
367 3048 400 3071 v.
420 3047 528 3079 pur-90
553 3046 621 3069 om.
641 3039 710 3069 ST.
731 3055 766 3060 -
793 3037 844 3068 45.
870 3036 983 3066 iudicii
1006 3036 1080 3067 ST:
1107 3043 1176 3066 om.
1202 3033 1303 3065 ΚΑΙ,
1318 3030 1337 3063 53
1352 3032 1388 3063 O.
1411 3049 1444 3053 —-
1474 3032 1524 3062 47.
1550 3040 1622 3062 eum
1645 3038 1713 3061 om.
1732 3030 1767 3060 T.
1789 3046 1823 3050 —
1849 3028 1900 3059 20.
1926 3027 2021 3058 habes

272 3089 341 3120 ST.
374 3107 408 3112 —
435 3090 488 3120 ⁶22.
514 3088 566 3118 dic
589 3089 631 3119 M.
661 3106 695 3110 —
722 3086 756 3118 C.
780 3085 880 3127 Aelio]
904 3085 1008 3116 caelio
1032 3085 1053 3115 F
1067 3085 1098 3116 M
1112 3085 1150 3116 A.
1180 3101 1213 3104 —
1240 3082 1370 3113 Staieno
1394 3081 1452 3111 ST
1477 3080 1568 3120 (hinc
1592 3078 1817 3128 constantem:
1855 3078 2019 3118 Satayeno

274 3138 295 3167 F
309 3139 351 3169 M.
378 3138 426 3170 Cf.
447 3137 478 3178 ἓ.
496 3137 549 3168 20.
572 3155 605 3159 —
632 3136 684 3168 23.
705 3135 883 3176 Oppianice
906 3134 1032 3174 appello
1057 3134 1130 3164 ST:
1161 3132 1287 3172 appello
1306 3130 1481 3170 Oppianice
1505 3131 1528 3161 P.
1543 3132 1569 3161 A
1583 3130 1606 3160 L
1621 3127 1639 3161 ⁵3
1654 3129 1690 3160 O.
1711 3145 1745 3149 —
1772 3127 1824 3159 24.
1841 3127 1918 3168 Atii]
1942 3125 2015 3157 Vid.

274 3187 302 3225 ἓ.
321 3188 373 3219 62.
392 3206 426 3210 --
452 3187 504 3219 26.
523 3189 637 3227 neqale
661 3187 681 3217 S
694 3187 736 3217 T:
762 3188 894 3225 negate,
919 3187 1034 3225 negate
1050 3184 1074 3214 R
1087 3184 1113 3214 Α
1126 3183 1150 3213 L
1164 3180 1184 3214 δὲ
1198 3183 1235 3212 O.
1253 3199 1287 3203 —
1312 3188 1383 3210 meo
1399 3180 1457 3210 ST
1472 3180 1508 3210 1³:
1534 3180 1569 3210 in
1585 3187 1620 3210 eo
1636 3179 1667 3210 M
1681 3179 1705 3208 Α
1722 3178 1744 3208 L
1758 3175 1777 3209 53
1791 3178 1827 3209 O.
1855 3176 1903 3209 Cf.
1923 3175 2019 3209 Mad-

274 3237 400 3276 vigium
417 3237 461 3269 ad
485 3245 534 3268 or.
561 3244 594 3277 p.
621 3236 742 3267 Roscio
767 3237 844 3266 Am.
861 3234 891 3275 g.
911 3234 963 3265 73.
991 3234 1106 3272 Opusc.
1125 3233 1149 3263 Ι.
1175 3240 1208 3272 p.
1229 3230 1301 3262 422.
1329 3247 1363 3251 -
1390 3230 1503 3260 Iacetis
1525 3228 1611 3261 QlA:
1636 3227 1775 3259 reticetis
1790 3234 1870 3258 cuin
1887 3226 1941 3257 cd.
1961 3225 2017 3256 Vi-

275 3287 426 3318 ctoriana
443 3283 499 3318 LX!
514 3286 551 3317 Ο.
581 3302 615 3308 -
642 3294 686 3316 an
709 3285 785 3316 ST:
812 3288 845 3316 at
870 3285 933 3316 ΒΑ
949 3285 971 3315 L
986 3282 1006 3315 53
1021 3283 1058 3314 Ο.
1074 3299 1108 3303 ——
1136 3281 1188 3313 29.
1214 3281 1327 3311 datam
1350 3281 1422 3320 post
1444 3279 1601 3311 iudicium
1624 3285 1693 3310 om.
1711 3277 1779 3309 ST.
1802 3295 1837 3300 —
1864 3276 1915 3308 30.
1942 3283 2019 3315 quo-

273 3336 364 3367 m'am
386 3336 421 3367 T.
451 3353 485 3358 --
511 3335 565 3368 33,
588 3338 625 3368 ut
646 3335 723 3368 item
746 3335 820 3366 ST:
849 3334 925 3367 ilem
950 3333 1029 3373 (om.
1053 3332 1099 3373 ut)
1124 3327 1259 3364 RALQ
1274 3330 1310 3361 O.
