2143 3713
551 216 620 256 AD
650 210 839 253 LIBROS
869 210 1047 251 III—V.
1076 207 1473 250 ACCUSATIONIS.
1786 199 1858 243 464

136 315 324 348 verborum
349 313 621 350 distinctionem,
648 310 744 342 cuius
768 309 981 340 concinnitas
1005 309 1126 349 sponte
1150 308 1316 349 apparet:
1341 306 1420 345 quid
1440 307 1513 336 erat
1535 304 1620 343 quod
1642 302 1785 335 Calidius
1803 303 1868 333 Ro-

135 381 208 403 mae
237 374 510 411 quereretur--,
545 368 571 399 si
599 364 749 399 emeras?
783 364 861 404 quid
889 367 960 396 erat
991 365 1076 404 quod
1105 362 1404 404 confirmabat--,
1439 360 1466 391 si
1488 360 1522 390 id
1544 360 1599 391 tibi
1622 368 1682 390 sua
1703 359 1868 390 voluntate

134 425 375 459 vendideram»
401 426 491 457 Bm.

222 491 298 523 pag.
325 481 399 513 342.
424 489 455 512 v.
480 478 532 511 28.
557 477 639 508 Illud
659 485 736 508 vero
759 476 927 514 optimum.
961 475 1040 506 Cum
1062 474 1253 506 Haluntium
1275 473 1409 504 venisset
1430 472 1522 503 Bake
1547 480 1580 512 p.
1605 470 1679 502 2⁴8.

221 546 297 578 pag.
324 536 396 569 346.
422 545 454 567 ν.
479 535 509 565 7.
534 533 684 564 nomine:
708 540 747 562 ea
765 540 827 570 per
849 531 1024 562 triennium
1047 529 1139 561 idem
1163 538 1197 570 p.
1223 528 1298 560 ⁶248.

221 602 299 634 pag.
325 592 398 623 350.
422 599 455 621 V.
481 588 532 620 43.
559 586 760 619 «Excidisse
785 588 867 627 puto
890 585 1124 617 candelabrum
1147 585 1225 615 ante
1250 584 1362 614 illud.»
1387 583 1478 614 Bake
1503 591 1537 623 p.
1563 581 1637 613 220.

221 657 298 690 pag.
324 647 396 678 353.
421 654 454 676 V.
478 643 531 675 24.
556 642 614 673 abs
628 645 657 673 te
673 642 826 682 officium,
846 645 900 672 luo
917 641 1056 672 debitum
1070 640 1180 681 Ueneri
1195 647 1235 670 ac
1250 638 1384 677 nomini,
1402 638 1534 677 requiro
1550 638 1616 668 cet.
1635 635 1727 667 idern
1744 644 1779 676 p.
1794 635 1867 667 221¹.

222 712 298 744 pag.
325 702 397 734 357.
423 710 455 732 V.
480 700 511 731 8.
545 697 757 729 «Abiiciatur
788 695 961 727 emblema
996 697 1033 727 de
1054 695 1219 727 Mercurio
1250 694 1490 733 Tyndaritano,
1528 692 1621 733 quod
1646 700 1688 723 ne
1712 691 1869 723 Latinum

137 759 277 800 quidem
302 759 368 795 est,
396 763 475 788 cum
498 752 731 795 postularetur
753 753 875 784 crimen
898 752 1056 783 Mercurii
1083 750 1296 790 Tyndaritani
1321 750 1394 790 (ῆι).
1423 749 1516 780 idem
1540 758 1574 789 p.
1601 748 1674 779 222.

222 822 298 855 pag.
323 812 396 844 360.
421 820 453 842 V.
479 809 531 842 32.
560 809 699 848 posteris
724 808 830 846 nobis,
864 816 970 848 quam
994 806 1277 839 emendationem
1302 806 1369 837 iarn
1401 813 1465 846 ego
1489 805 1523 836 in
1547 803 1603 836 ed.
1629 804 1720 844 Lips.
1746 810 1871 844 propo-

136 878 291 907 sueram,
317 869 420 899 etiam
443 866 567 898 Bakius
590 873 624 906 p.
650 865 724 896 222.
751 864 907 904 requirit.

220 933 296 966 pag.
322 923 395 955 364.
421 931 453 953 ν.
479 921 531 952 42.
554 923 720 960 permotus
741 920 859 951 scilieet
881 920 1054 950 atrocitate
1075 918 1196 959 negotii
1218 917 1311 949 idem
1335 925 1369 958 p.
1395 916 1469 949 223.

220 988 296 1020 pag.
323 978 395 1010 363.
421 985 454 1009 V.
480 977 510 1008 7.
537 975 727 1007 criminibus
749 976 835 1006 enim
857 975 1013 1015 arquitur
1035 974 1129 1006 idem
1151 982 1186 1015 p.
1212 973 1286 1004 ⁶223.

219 1043 297 1076 pag.
323 1034 396 1065 367.
421 1042 454 1064 V.
481 1032 511 1064 3.
537 1035 703 1064 servatum
726 1034 802 1062 esset
826 1030 919 1062 idem
944 1039 977 1071 p.
996 1029 1070 1062 224.
1103 1029 1152 1061 Cf.
1180 1028 1392 1061 antitheton:
1421 1028 1476 1068 qui
1495 1053 1501 1059 .
1519 1052 1525 1059 .
1543 1052 1550 1058 .
1568 1027 1698 1058 clausus
1717 1026 1839 1067 suisset.

219 1098 296 1131 pag.
322 1089 396 1122 374.
421 1097 454 1120 V.
478 1089 533 1120 25.
557 1087 761 1127 Syracusani
785 1088 863 1127 post
884 1086 1010 1117 incolae
1034 1086 1135 1117 Bakio
1159 1094 1193 1126 p.
1219 1085 1294 1117 225.
1322 1083 1539 1125 interpolatio
1562 1083 1710 1115 videtur.

219 1154 296 1186 pag.
322 1144 396 1177 377.
421 1153 453 1176 v.
478 1145 531 1176 23.
556 1143 721 1184 excogitat
742 1151 820 1174 sane
843 1145 936 1174 acute
959 1141 1045 1181 quod
1067 1142 1218 1173 decernat
1242 1140 1335 1172 idem
1359 1149 1393 1181 p.
1419 1140 1493 1171 228.

618 1248 684 1285 AD
711 1246 897 1283 LIBRUM
923 1247 972 1282 V.
1000 1245 1378 1282 ACCUSATIONIS.

220 1345 297 1378 pag.
323 1336 396 1369 392.
422 1345 455 1368 V.
482 1336 534 1368 43.
572 1335 844 1367 «Revocandum
875 1334 950 1365 erat
978 1332 1151 1373 intelliges,
1189 1339 1402 1372 quamquam
1432 1339 1473 1362 ex
1504 1329 1736 1363 deterioribus
1763 1328 1872 1363 libris.

136 1392 241 1425 Stulte
277 1401 359 1424 sane
386 1391 514 1423 Verres
544 1399 585 1423 eo
616 1390 837 1431 confugeret,
873 1389 902 1421 si
931 1389 1000 1420 iam
1032 1387 1237 1428 intelligeret
1260 1396 1302 1418 ex
1326 1395 1368 1419 eo
1393 1385 1521 1418 nullam
1545 1386 1611 1418 sibi
1634 1385 1875 1418 defensionem

136 1450 262 1487 ortam,
289 1447 351 1481 sed
374 1446 609 1480 intellecturus
634 1448 742 1478 erat.»
768 1446 858 1477 Bake
882 1453 917 1486 p.
943 1445 1018 1476 230.
1055 1443 1190 1476 Inducit
1212 1443 1307 1475 idem
1329 1451 1363 1475 V.
1390 1442 1442 1475 44.
1467 1442 1585 1474 Italici.

221 1512 298 1546 pag.
324 1504 398 1536 397.
423 1512 457 1535 V.
482 1503 535 1535 25.
561 1505 590 1534 et
612 1504 690 1543 post
713 1502 838 1533 litteras
857 1483 995 1532 inducit
1017 1499 1111 1532 idem
1137 1508 1173 1540 p.
1197 1499 1272 1531 233.

222 1568 301 1601 pag.
326 1558 401 1592 404.
425 1567 460 1590 V.
484 1558 538 1590 23.
564 1559 601 1589 In
626 1557 708 1589 edit.
733 1558 825 1598 Lips.
844 1556 982 1588 distinxi
1005 1555 1194 1596 Lilybaeum
1214 1553 1382 1595 fortasse?
1404 1555 1442 1586 ut
1463 1554 1552 1587 haec
1574 1554 1799 1595 interrogatio
1823 1562 1877 1586 re·

139 1616 308 1657 spondeat
331 1615 490 1656 sequenti
512 1615 711 1645 Panormum
734 1611 865 1654 igitur?

222 1679 300 1712 pag.
326 1669 400 1702 4¹2.
425 1679 459 1702 v.
485 1670 537 1702 46.
562 1670 700 1701 advocat
723 1669 846 1700 amic-os
867 1668 1001 1700 statim:
1026 1667 1155 1707 quaerit
1177 1675 1219 1698 ea:
1241 1667 1289 1698 his
1305 1665 1386 1706 cet.]
1412 1666 1526 1698 «Haec
1543 1666 1593 1698 sie
1610 1666 1874 1706 coniunguntur,

140 1727 318 1766 tamquam
349 1726 376 1757 si
407 1734 448 1757 ex
477 1725 597 1756 amicis
620 1724 867 1765 quaesivisset3
901 1723 1006 1755 credo
1037 1731 1144 1754 unam
1167 1722 1338 1763 syllabam
1361 1730 1425 1763 per
1447 1721 1709 1754 similitudinem
1731 1730 1879 1763 praece-

141 1781 253 1814 dentis
276 1780 476 1822 absorptam
499 1779 779 1821 legendumque:
805 1783 874 1811 tum
897 1779 1026 1819 quaerit
1049 1788 1091 1810 ex:
1114 1779 1187 1810 iis.»
1211 1779 1301 1810 Bake
1325 1787 1360 1819 p.
1386 1777 1461 1810 236.

226 1845 304 1877 pag.
330 1835 403 1868 424.
428 1846 461 1868 v.
490 1836 542 1867 47.
565 1836 797 1867 vindicandum
819 1835 943 1866 Bakius
966 1843 1000 1875 p.
1026 1834 1101 1866 244.
1132 1835 1231 1866 «Non
1256 1833 1449 1874 quaerebat
1471 1841 1565 1866 nunc
1587 1833 1670 1874 quid
1693 1832 1878 1875 aliquando

142 1892 269 1925 factum
293 1892 402 1930 esset,
428 1891 490 1923 sed
515 1891 597 1932 quid
620 1891 694 1922 fieri
717 1892 895 1931 oporteret
917 1899 958 1921 ac
982 1898 1087 1931 saepe
1112 1898 1258 1922 necesse
1283 1891 1409 1922 esset.»

226 1956 303 1989 pag.
322 1946 395 1979 436.
420 1956 453 1978 V.
474 1947 524 1978 48.
550 1947 746 1978 remitteres:
766 1947 935 1987 iqnoraret
951 1946 1037 1986 (sine
1054 1946 1093 1986 si)
1111 1954 1193 1977 cum
1207 1946 1357 1978 Manutio
1375 1945 1598 1977 commendat
1612 1946 1737 1978 Bakius
1751 1954 1786 1987 p.
1801 1944 1876 1977 242.

228 2012 306 2044 pag.
332 2002 405 2035 437.
431 2011 464 2035 V.
490 2003 522 2034 5.
547 2002 662 2034 Verba
685 2002 786 2034 civem
807 2003 990 2034 Romanam
1014 2000 1162 2034 delenda
1186 2010 1263 2033 esse
1289 2002 1392 2034 etiam
1408 2002 1532 2034 Bakius
1554 2011 1589 2044 p.
1607 2000 1682 2034 242.
1700 2000 1877 2034 intellexit.

144 2059 193 2092 Cf.
211 2060 333 2093 adnot.
359 2067 476 2091 meam
499 2059 532 2090 in
557 2058 638 2091 edit.
663 2059 754 2099 Lips.

226 2124 303 2157 pag.
329 2114 402 2148 439.
434 2124 466 2147 v.
492 2115 543 2146 ⁴2.
568 2123 680 2154 nempe
702 2113 939 2146 inducendum
969 2122 1047 2146 esse
1080 2115 1180 2155 putat
1201 2114 1376 2154 Kayserus
1401 2114 1435 2145 in
1458 2113 1598 2146 Heidelb.
1623 2113 1756 2146 Jahrbb.
1782 2113 1877 2146 4853.

143 2179 177 2212 p.
203 2171 275 2203 393.
315 2170 426 2210 (Idem
452 2170 612 2212 proponit
636 2171 674 2201 11.
711 2169 741 2210 5.
768 2171 820 2201 22.
847 2179 881 2212 p.
910 2170 988 2209 483,
1014 2171 1067 2202 25.
1104 2173 1180 2201 tune
1208 2179 1272 2211 pro
1301 2170 1402 2207 hunc;
1439 2169 1540 2202 obelo
1564 2171 1659 2202 notat
1682 2171 1721 2202 ΙΙ.
1747 2170 1778 2210 g.
1805 2169 1878 2201 434.

142 2235 177 2268 p.
201 2226 276 2265 2¹6,
302 2227 332 2258 7.
357 2225 466 2258 verba
489 2226 574 2265 quod
596 2234 704 2257 omnes
725 2226 826 2257 Siculi
850 2243 868 2249 -
884 2244 902 2249 -
925 2226 1112 2266 confer-unm
1138 2226 1221 2257 item
1244 2226 1299 2257 lV.
1326 2225 1356 2266 S.
1383 2225 1457 2257 437.
1482 2234 1516 2267 p.
1543 2225 1617 2265 374,
1635 2226 1668 2258 2.
1693 2234 1749 2257 VV.
1774 2226 1802 2256 is
1825 2226 1881 2265 qui

143 2285 212 2313 tum
232 2282 463 2322 magistratum
486 2282 520 2313 S.
545 2281 696 2318 habebat;
721 2281 776 2313 IV.
803 2281 834 2322 ἓ.
862 2281 935 2314 443.
961 2290 995 2322 p.
1014 2281 1093 2321 376,
1119 2282 1150 2313 8.
1176 2283 1286 2313 totum
1311 2280 1393 2313 illud
1415 2281 1450 2313 in
1473 2291 1540 2321 qua
1560 2282 1657 2313 curia
1672 2299 1720 2305 --
1735 2290 1882 2313 commo-

142 2340 229 2370 veret
251 2337 342 2369 idem
367 2345 430 2378 pro
454 2336 663 2369 emblemate
687 2336 812 2375 habet;
846 2337 996 2378 denique
1020 2338 1060 2369 V.
1086 2337 1118 2378 S.
1143 2337 1210 2376 8›l.‚
1236 2346 1342 2378 quem
1366 2336 1481 2369 locum
1503 2338 1573 2369 iam
1596 2338 1721 2370 Bakius
1744 2346 1778 2378 p.
1803 2336 1878 2369 234.

143 2393 421 2434 impugnaverat,
446 2392 585 2425 scribit:
610 2393 760 2425 mulieres
781 2396 891 2425 autem
911 2393 1047 2433 nobiles,
1071 2394 1106 2425 in
1130 2393 1245 2433 quibus
1266 2397 1338 2426 erat
1356 2393 1454 2434 Nice,
1479 2393 1604 2426 mediis
1620 2393 1760 2433 deletis,
1784 2394 1823 2425 ut
1838 2401 1880 2425 ex

142 2449 197 2480 111.
223 2448 253 2489 S.
279 2448 330 2480 77.
356 2448 424 2481 hue
448 2447 571 2489 illatis.)

229 2504 278 2536 De
301 2503 418 2537 verbis
440 2513 492 2537 res
510 2504 643 2545 publica
664 2514 800 2545 meaque
820 2505 899 2547 fides
921 2514 955 2547 p.
981 2503 1056 2538 442.
1082 2514 1115 2538 V.
1140 2506 1194 2538 22.
1219 2505 1299 2539 vide
1321 2505 1464 2538 Bakium
1492 2515 1527 2548 p.
1552 2505 1615 2538 243
1639 2513 1693 2546 sq.
