2127 3708
176 208 256 251 4⁶20
726 208 780 249 IN
808 207 1029 249 VERREM
1057 206 1217 249 ACTIO
1249 208 1412 249 PRIMA

175 335 299 376 posse
331 320 529 360 damnari.
578 317 617 359 2.
648 321 765 360 Nunc
795 321 838 360 in
867 321 958 373 ipso
979 320 1212 360 discrimine
1234 319 1390 360 ordinis
1414 319 1744 373 iudiciorumque
1764 328 1921 364 vestro-

175 397 265 423 rum
297 396 389 422 cum
420 382 502 422 sint
531 383 680 435 parati,
723 382 793 435 qui
832 382 1092 421 contionibus
1124 387 1164 421 et
1199 382 1358 434 legibus
1388 382 1494 421 hanc
1524 381 1722 421 invidiam
1754 391 1918 425 senatus

174 442 426 483 inflammare
458 449 680 491 conentur,
711 457 806 483 reus
837 445 879 482 in
902 443 1100 483 iudicium
1122 442 1322 482 adductus
1345 450 1405 483 est
1428 444 1469 483 C.
1491 444 1664 491 Verres,
1694 443 1818 485 homo
1839 447 1923 486 vita

175 512 299 559 atque
328 505 444 545 factis
475 506 659 545 omnium
692 506 770 545 iam
801 505 996 557 opinione
1018 505 1255 551 damnatus,
1287 505 1487 557 pecuniae
1513 505 1819 558 magnitudine,
1851 521 1926 548 sua

144 572 249 621 5spe
281 573 321 607 et
351 567 658 620 praedicatione
690 567 918 607 absolutus.
978 566 1084 605 Huic
1115 579 1189 618 ego
1223 579 1392 614 causae,
1427 568 1607 614 iudices,
1640 581 1732 607 cum
1764 581 1924 610 summa

176 630 388 670 voluntate
420 635 460 669 et
490 631 799 682 exspectatione
830 628 974 681 populi
1005 628 1178 667 Romani
1207 634 1320 667 actor
1348 630 1524 676 accessi,
1555 643 1638 669 non
1663 635 1709 669 ut
1729 643 1921 684 augerem

174 691 370 731 invidiam
402 691 579 738 ordinis,
620 691 691 731 sed
731 697 775 730 ut
804 690 997 729 infamiae
1029 690 1236 729 communi
1266 704 1560 731 succurrerem.
1617 692 1783 732 Adduxi
1813 693 1921 733 enim

175 754 404 801 hominem,
435 754 477 792 in
509 766 591 806 quo
623 752 890 792 reconciliare
913 752 1257 791 existimationem
1276 752 1522 793 iudiciorum
1544 755 1758 802 amissam,
1788 755 1923 795 redire

176 815 219 854 in
249 816 418 867 gratiam
450 829 542 854 cum
573 815 729 867 populo
761 815 968 861 Romano,
1000 816 1098 854 satis
1119 813 1253 853 facere
1285 815 1436 854 exteris
1466 817 1702 856 nationibus
1733 817 1925 870 possetis,

128 884 164 912 4ο
180 876 514 929 depeculatorem
552 878 720 923 aerarii,
759 881 998 916 vexatorem
1028 876 1149 915 Asiae
1189 882 1314 929 atque
1345 877 1631 931 Pamphyliae,
1670 879 1923 932 praedonem

178 939 299 984 iuris,
331 938 466 977 labem
496 943 621 991 atque
652 938 877 991 perniciem
907 939 1143 991 provinciae
1176 938 1354 977 Siciliae.
1413 938 1450 978 3.
1481 940 1541 979 De
1573 954 1655 993 quo
1678 942 1806 981 sivos
1827 954 1923 980 vere

179 1013 226 1039 ac
255 1000 447 1051 religiose
478 1000 776 1046 iudicaveritis,
818 1001 1039 1039 auctoritas
1072 1012 1141 1045 ea,
1183 1012 1288 1052 quae
1323 1000 1364 1039 in
1394 1001 1510 1040 vobis
1540 1015 1752 1042 remanere
1784 1002 1924 1050 debet,

177 1061 384 1099 haerebit:
416 1062 480 1101 sin
510 1062 629 1101 istius
660 1062 848 1115 ingentes
881 1062 1045 1101 divitiae
1078 1061 1321 1101 iudiciorum
1353 1063 1595 1116 religionem
1625 1065 1924 1118 veritatemque

180 1122 471 1175 perfregerint,
516 1137 590 1176 ego
629 1124 708 1164 hoc
750 1130 887 1164 tamen
918 1138 1138 1178 assequar,
1178 1130 1223 1164 ut
1252 1126 1450 1165 iudicium
1482 1127 1618 1179 potius
1648 1127 1707 1166 rei
1736 1127 1926 1179 publicae

130 1193 166 1223 Λ15
181 1197 305 1236 qnam
343 1190 412 1224 aut
449 1199 543 1225 reus
574 1186 777 1226 iudicibus
807 1193 878 1226 aut
908 1193 1123 1227 accusator
1152 1201 1221 1226 reo
1253 1187 1434 1227 defuisse
1465 1189 1663 1227 xideatur.
1721 1189 1771 1227 ΙΙ.
1801 1189 1929 1241 Equi-

181 1245 296 1292 dem,
327 1252 372 1285 ut
403 1247 453 1286 de
485 1262 549 1287 me
580 1247 797 1296 confitear,
828 1249 1008 1296 iudices,
1039 1262 1132 1288 cum
1162 1250 1316 1289 multae
1348 1250 1446 1289 mihi
1477 1263 1500 1289 a
1529 1250 1571 1289 C.
1593 1251 1720 1289 Verre
1751 1249 1928 1290 insidiae

179 1313 287 1347 terra
318 1310 504 1363 marique
534 1304 667 1350 factae
698 1312 801 1358 sint,
834 1326 937 1365 quas
968 1313 1116 1364 partim
1146 1325 1238 1351 mea
1269 1312 1481 1364 diligentia
1512 1312 1748 1359 devitarim,
1780 1312 1930 1365 partim

180 1371 406 1410 amicorum
437 1372 572 1411 studio
605 1373 827 1427 officioque
858 1374 1136 1427 reppulerim,
1177 1387 1405 1427 numquam
1439 1380 1573 1414 tamen
1604 1386 1740 1427 neque
1770 1379 1929 1414 tantum

180 1432 413 1484 periculum
452 1434 552 1473 mihi
594 1435 708 1475 adire
746 1437 859 1475 visus
900 1450 990 1475 suin
1023 1449 1160 1490 neque
1193 1442 1303 1475 tanto
1336 1450 1461 1489 opere
1492 1436 1706 1489 pertimui,
1747 1442 1791 1475 nt
1820 1449 1931 1476 nunc

130 1496 222 1535 20in
254 1495 344 1547 ipso
376 1495 542 1536 iudicio.
593 1495 631 1536 4.
662 1500 806 1551 Neque
837 1504 996 1538 tantum
1029 1512 1092 1538 me
1123 1498 1378 1551 exspectatio
1402 1499 1674 1537 accusationis
1695 1512 1809 1538 meae
1832 1513 1930 1538 con-

181 1570 413 1610 cursusque
446 1564 579 1598 tantae
611 1560 906 1607 multitudinis,
939 1561 1089 1613 quibus
1121 1574 1197 1613 ego
1229 1560 1349 1599 rebus
1376 1560 1737 1600 vehementissime
1768 1566 1929 1614 pertur-

180 1618 276 1664 bor,
309 1627 560 1668 commovet,
592 1628 792 1674 quantuni
814 1623 933 1662 istius
955 1623 1130 1662 insidiae
1155 1623 1356 1669 nefariae,
1379 1636 1480 1676 quas
1503 1636 1586 1661 uno
1610 1628 1793 1676 tempore
1816 1624 1930 1671 mihi,

180 1682 318 1727 vobis,
358 1682 423 1721 Μ’.
456 1682 666 1722 Glabrioni
698 1685 899 1736 praetori,
942 1686 1082 1732 sociis,
1115 1686 1265 1725 exteris
1296 1685 1553 1731 nationibus,
1584 1685 1740 1732 ordini,
1772 1686 1930 1726 nomini

182 1744 363 1797 denique
395 1745 601 1784 senatorio
632 1746 768 1785 facere
800 1753 998 1786 conatur:
1041 1748 1110 1800 qui
1141 1747 1406 1793 ita-dictitat,
1448 1748 1497 1786 iis
1529 1760 1618 1785 esse
1650 1747 1930 1795 metuendum,

131 1813 168 1843 25
183 1807 254 1859 qui
286 1806 398 1859 quod
430 1807 531 1859 ipsis
563 1807 661 1847 solis
693 1809 790 1847 satis
823 1815 931 1847 esset
962 1810 1278 1861 surripuissent3
1311 1822 1353 1847 se
1387 1814 1541 1848 tantum
1571 1810 1793 1861 eripuisse,
1825 1816 1869 1849 ut
1890 1810 1931 1850 id

181 1869 321 1908 multis
353 1869 450 1908 satis
482 1882 572 1908 esse
604 1871 761 1922 possit:
794 1870 896 1910 nihil
928 1884 1018 1910 esse
1044 1878 1125 1910 tani
1147 1878 1359 1918 sanctum,
1393 1871 1505 1924 quod
1526 1885 1610 1911 non
1631 1872 1798 1918 violari,
1829 1872 1933 1911 nihil

181 1936 263 1970 tani
294 1932 521 1978 munitum,
554 1931 668 1984 quod
699 1945 782 1971 non
814 1934 1044 1985 expugnari
1074 1934 1253 1987 pecunia
1283 1934 1426 1986 possit.
1486 1932 1523 1972 5.
1557 1933 1678 1981 Quod
1711 1934 1766 1981 si,
1808 1948 1931 1988 quam

181 1992 319 2032 audax
349 1998 411 2032 est
441 1993 489 2032 ad
523 1993 779 2042 conandum,
812 2001 894 2034 tam
926 2001 1035 2035 esset
1065 1997 1264 2035 obscurus
1296 1997 1336 2035 in
1369 1996 1554 2049 agendo,
1585 1995 1762 2035 fortasse
1793 1996 1933 2049 aliqua

180 2055 222 2094 in
262 2068 305 2094 re
342 2068 418 2093 nos
459 2055 684 2108 aliquando
726 2056 955 2096 fefellisset.
1014 2059 1166 2097 Verum
1206 2059 1285 2097 hoc
1320 2059 1454 2098 adhuc
1487 2057 1778 2112 percommode
1810 2058 1930 2105 cadit,

132 2124 168 2153 3ο
183 2117 295 2170 quod
327 2131 419 2156 cum
451 2117 681 2157 incredibili
714 2119 803 2158 eins
835 2120 1009 2159 audacia
1030 2121 1252 2169 singularis
1275 2121 1448 2160 stultitia
1470 2120 1691 2159 coniuncta
1713 2125 1787 2159 est.
1827 2121 1930 2159 Nam

182 2184 226 2217 ut
265 2184 432 2231 apertus
464 2179 504 2217 in
536 2180 808 2232 corripiendis
840 2183 1027 2233 pecuniis
1062 2183 1162 2230 fnit,
1203 2184 1257 2222 sic
1289 2184 1329 2222 in
1361 2196 1433 2234 spe
1465 2181 1757 2234 corrumpendi
1788 2181 1930 2220 iudicii

182 2241 404 2293 perspicua
443 2254 517 2279 sna
554 2242 727 2281 consilia
766 2250 1023 2296 conatusque
1063 2245 1253 2284 omnibus
1282 2245 1392 2283 fecit.
1452 2244 1586 2283 Semel
1618 2244 1673 2283 ait
1703 2257 1745 2282 se
1775 2244 1817 2282 in
1847 2243 1931 2282 vita

181 2303 465 2355 pertimuisse,
498 2307 606 2350 tum,
639 2318 731 2343 cum
761 2306 938 2357 primum
970 2319 993 2344 a
1024 2319 1087 2345 me
1120 2320 1214 2345 reus
1244 2306 1376 2345 factus
1408 2308 1479 2353 sit;
1512 2306 1645 2359 qnod,
1677 2319 1770 2345 cum
1792 2318 1813 2344 e
1835 2318 1931 2358 pro-

182 2365 319 2404 vincia
342 2378 487 2404 recens
519 2371 627 2406 esset
656 2367 896 2420 invidiaque
919 2374 958 2407 et
987 2368 1156 2408 infamia
1176 2382 1259 2408 non
1289 2370 1468 2416 recenti,
1502 2368 1573 2408 sed
1601 2374 1737 2408 vetere
1768 2380 1814 2407 ac
1842 2367 1932 2407 diu-

268 2526 298 2556 4.
323 2527 520 2557 iudiciorum
544 2528 585 2558 Gt
605 2537 636 2565 ς.
666 2545 700 2548 —
732 2531 918 2559 nostrormn
949 2529 1070 2569 ngQO
1095 2528 1137 2560 al.
1165 2529 1226 2560 dtt.
1255 2547 1288 2550 —
1316 2530 1346 2560 2.
1373 2529 1626 2560 contentionibus
1649 2526 1772 2566 (3352.
1809 2527 1933 2568 Vulga-

183 2577 251 2607 tam
270 2578 409 2607 tuentur
433 2577 538 2608 etiam
561 2578 586 2608 Α
602 2578 633 2607 S.
654 2595 686 2599 —
714 2578 744 2608 3.
771 2587 844 2609 reus
860 2596 907 2601 —-
924 2579 1101 2609 damnatus
1124 2581 1208 2610 Non.
1236 2588 1267 2619 p.
1287 2579 1360 2609 276.
1391 2595 1424 2600 —
1452 2580 1481 2609 5.
1509 2582 1536 2609 ct
1556 2579 1672 2618 praed.
1701 2579 1740 2609 Gt
1760 2576 1867 2609 MS:
1894 2587 1933 2609 ac

176 2627 294 2665 praed.
321 2626 434 2657 dtt.O.
458 2644 491 2647 ——
519 2627 549 2657 7.
575 2627 670 2668 enim]
696 2636 769 2657 eum
793 2627 872 2659 edd.
894 2627 952 2659 Iul.
972 2630 1090 2659 Sever.
1117 2637 1150 2669 p.
1171 2628 1258 2667 343„
1284 2628 1345 2659 sed
1372 2628 1447 2659 cod.
1475 2629 1606 2659 Monac.
1633 2636 1704 2659 sec.
1731 2628 1799 2667 xi„
1826 2636 1933 2668 quem

184 2674 336 2707 Halmius
362 2675 519 2713 contulit,
556 2678 651 2707 recte
677 2677 772 2708 enim.
810 2678 955 2709 Posthac
981 2678 1012 2709 in
1037 2677 1137 2715 locis,
1176 2686 1264 2718 quae
1290 2678 1343 2709 hie
1369 2678 1487 2708 rhetor
1511 2677 1633 2716 habet,
1659 2677 1826 2709 lectiones
1851 2678 1929 2717 cod.

182 2725 416 2762 Monacensis,
451 2734 530 2756 cum
563 2725 732 2757 editiones
756 2727 844 2758 vitiis
869 2729 1041 2765 scateant,
1074 2727 1165 2759 solas
1190 2726 1556 2758 commemorabimus.
1586 2745 1619 2749 —
1647 2728 1699 2758 40.
1726 2728 1932 2767 depeculato-

181 2783 250 2804 rem
275 2773 375 2804 codd.
403 2775 423 2804 S
450 2774 503 2814 (cf.
531 2775 563 2806 in
587 2776 652 2807 Pis.
680 2776 708 2815 g.
737 2776 810 2815 96):
842 2778 1065 2816 peculatorem
1089 2779 1166 2808 Asc.
1193 2777 1247 2808 ed.
1274 2777 1383 2817 princ.
1411 2776 1471 2807 Off.
1499 2778 1552 2807 111.
1580 2777 1610 2815 ξ.
1637 2777 1689 2808 73.
1724 2777 1853 2808 Omittit
1877 2777 1936 2808 Se-

182 2823 343 2854 verianus
367 2832 423 2854 VV.
450 2824 555 2863 depec.
574 2834 728 2864 -—pr0i*.
748 2826 812 2857 Sic.
837 2845 867 2849 —
900 2828 950 2858 tt.
977 2828 1059 2857 iuris
1082 2828 1127 2858 (33
1143 2835 1184 2864 g:
1222 2827 1302 2857 iuris
1325 2825 1443 2856 urbani
1467 2825 1528 2856 dtt.
1553 2828 1589 2857 O.
1619 2843 1653 2847 —-
1678 2835 1735 2857 vos
1759 2835 1826 2857 orn.
1854 2827 1875 2857 S
1899 2827 1935 2857 et

183 2872 242 2904 Iul.
269 2874 346 2904 SeV.
373 2872 394 2904 l.
422 2882 452 2904 c.
482 2892 516 2896 »-
541 2875 625 2915 rere]
651 2875 704 2906 Sic
728 2876 849 2916 scripsi
875 2878 1017 2907 auctore
1043 2875 1175 2907 Halmio
1201 2885 1241 2907 ex
1266 2875 1343 2906 cod.
1367 2877 1454 2907 Mon.
1475 2875 1672 2906 severiani:
1697 2884 1805 2907 severe
1829 2874 1930 2906 codd.

183 2922 323 2953 Tulliani
350 2924 382 2953 et
407 2923 486 2954 edd.
516 2941 550 2945 —
579 2925 630 2955 112.
657 2934 696 2955 ae
718 2926 866 2966 reliyiose
889 2927 930 2957 Gt
951 2926 1051 2965 Lgsst).
1078 2927 1306 2958 Severianus:
1334 2929 1432 2964 atque
1454 2926 1512 2956 rel.
1540 2926 1586 2956 (32
1601 2924 1686 2961 dtt.;
1723 2925 1934 2965 retiqioseque

184 2972 221 3002 Ο.
251 2989 284 2993 -
313 2972 363 3003 13.
388 2973 621 3012 veritatemque
645 2983 713 3005 om.
734 2976 780 3005 G⁴Z
795 2975 865 3011 Ld;
891 2977 1156 3015 severitatemque
1172 2977 1321 3007 lannoct.
1341 2977 1365 3005 0
1390 2974 1489 3015 prob.
1509 2975 1588 3006 Bak.
1608 2974 1649 3005 ad
1676 2975 1777 3014 Legg.
1804 2982 1837 3014 p.
1856 2973 1931 3004 ⁶276.

184 3022 277 3052 Haec
300 3021 467 3053 vocabula
485 3024 688 3064 saepissime
707 3025 738 3056 in
757 3024 859 3056 codd.
880 3027 1153 3064 commutantur,
1181 3027 1213 3056 et
1232 3034 1309 3056 cum
1328 3023 1443 3056 multis
1461 3025 1492 3055 in
1510 3023 1593 3055 locis
1611 3024 1799 3063 utrumque
1816 3032 1879 3063 per
1895 3031 1933 3054 se

184 3074 278 3102 recte
304 3071 369 3102 dici
395 3073 518 3113 possit,
544 3075 659 3105 utrum
685 3075 798 3115 aptius
823 3075 881 3112 sit,
915 3074 1050 3105 difficile
1082 3074 1255 3106 interdum
1280 3076 1333 3106 est
1356 3074 1558 3105 diiudicare.
1599 3072 1648 3104 Cf.
1674 3073 1718 3104 ad
1741 3074 1771 3113 ἓ.
1798 3073 1849 3105 43.
1875 3074 1930 3104 111.

185 3121 215 3161 g.
244 3122 314 3152 462.
342 3122 395 3153 IV.
423 3122 452 3162 g.
481 3122 554 3154 413.
584 3140 618 3144 —-
646 3123 697 3155 44.
724 3127 831 3155 tamen
855 3124 913 3155 hoe
938 3124 1042 3164 ng,
1068 3125 1275 3164 hoc‚tantzt7n
1299 3125 1388 3155 (312.
1418 3140 1452 3146 ——
1479 3123 1606 3154 iudiciis
1630 3122 1691 3153 dit.
1721 3139 1754 3144 -
1783 3123 1833 3153 47.
1860 3125 1933 3153 sunt

186 3171 226 3201 Gt
246 3171 263 3201 ‘2
278 3170 341 3209 ςλ.
370 3190 404 3194 -
433 3172 486 3203 (20.
511 3180 568 3202 nec
594 3173 651 3203 Ge.
670 3191 704 3194 -
731 3173 783 3204 ⁶23.
808 3173 897 3204 vobis
921 3182 989 3204 om.
1010 3173 1070 3204 dtt.
1092 3190 1126 3196 -
1151 3174 1309 3214 praetori]
1331 3182 1364 3215 p.
1385 3183 1412 3204 r.
1432 3171 1528 3211 (12)»,
1555 3182 1582 3203 r.
1598 3181 1633 3211 p.
1652 3173 1710 3202 Gt.
1739 3189 1774 3194 ——
1800 3172 1851 3202 25.
1870 3171 1932 3202 eri-

180 3221 290 3260 puisse
314 3222 353 3252 Gt
373 3222 391 3252 ²2
408 3222 483 3252 *82
509 3222 657 3261 rapuisse
681 3222 741 3254 dtt.
769 3224 805 3254 Ο,
834 3241 868 3245 —-
896 3223 947 3255 28.
975 3223 1137 3265 obscurus]
1168 3226 1294 3255 astutus
1317 3224 1375 3253 (it.
1412 3225 1454 3254 At
1475 3222 1516 3253 cs.
1543 3221 1654 3253 Madv.
1680 3222 1705 3252 1.
1731 3230 1764 3262 p.
1791 3221 1864 3252 331.
1893 3238 1928 3242 -

185 3269 238 3299 ⁶29.
262 3271 527 3308 percommodum
550 3272 638 3302 cadit
662 3273 702 3303 Gt
722 3298 728 3310 ,
754 3274 919 3304 commode
940 3274 1026 3304 cavit
1050 3274 1081 3305 S.
1105 3292 1138 3296 —
1166 3273 1217 3304 32.
1242 3273 1327 3313 fecit]
1349 3273 1500 3313 patefecit
1523 3271 1585 3302 dtt.
1607 3288 1642 3293 —
1668 3271 1719 3303 33.
1743 3272 1851 3311 primo
1867 3271 1927 3303 Ld.

187 3326 256 3351 om.
275 3321 313 3350 Α.
336 3337 367 3343 -
397 3329 418 3352 α
440 3329 490 3352 me
512 3329 586 3353 reus
609 3322 649 3352 Gt
669 3322 687 3353 2
702 3322 852 3363 Lg29A:
878 3331 951 3355 reus
974 3332 995 3354 a
1018 3331 1067 3356 me
1091 3324 1111 3354 S
1125 3322 1186 3356 dtt.
1202 3323 1238 3355 O.
1259 3339 1296 3345 —
1320 3322 1427 3364 factus
1449 3325 1493 3355 est
1514 3323 1553 3354 Α.
1574 3337 1610 3343 —-
1636 3319 1688 3353 34.
1714 3330 1823 3354 recens
1840 3321 1929 3362 esset]
