2143 3713
223 202 303 245 352
714 206 769 246 IN
797 206 1016 247 VERREM
1044 205 1205 247 ACTIO
1239 206 1479 248 SECUNDA

222 330 345 356 manu
384 316 588 356 retinebat
624 329 784 357 arcum:
826 317 970 357 dextra
1008 316 1217 357 ardentem
1257 311 1390 359 facem
1420 316 1693 371 praeferebat.
1755 316 1821 358 75.
1852 319 1968 359 Hane

221 393 313 419 cum
344 379 421 418 iste
452 392 658 419 sacrorum
681 380 863 420 omnium
886 385 925 419 et
945 379 1195 431 religionum
1214 381 1345 420 hostis
1367 380 1606 434 praedoque
1628 379 1818 427 vidisset,
1851 381 1969 434 quasi

219 441 290 480 illa
319 441 408 493 ipsa
438 440 526 481 face
555 455 777 494 percussus
798 447 926 488 esset,
957 442 1013 481 ita
1033 442 1203 493 flagrare
1226 442 1451 495 cupiditate
1474 447 1598 494 atque
1619 442 1800 482 amentia
1821 444 1968 495 coepit.

220 503 399 555 Imperat
428 504 756 555 magistratibus,
798 509 843 543 ut
873 517 963 543 eam
994 503 1270 543 demoliantur
1301 509 1340 543 et
1371 505 1445 543 sibi
1479 505 1606 543 dent:
1637 504 1741 543 nihil
1773 504 1850 544 sibi
1881 518 1970 558 gra-

189 565 298 604 5tius
343 566 525 605 ostendit
564 566 761 606 futurum.
823 566 884 604 [lli
926 579 1021 605 vero
1053 566 1189 605 dicere
1221 567 1297 605 sibi
1327 566 1367 605 id
1398 566 1514 606 nefas
1547 579 1638 605 esse
1670 579 1845 619 seseque
1877 580 1968 605 cum

220 641 378 668 summa
408 628 628 680 religione,
660 634 745 668 tum
777 642 934 667 summo
967 633 1078 667 metu
1109 628 1246 680 legum
1269 633 1307 667 et
1328 628 1571 667 iudiciorum
1594 628 1737 667 teneri.
1780 628 1861 667 Iste
1884 633 1970 666 tum

219 696 359 743 petere
389 691 439 730 ab
469 691 571 738 illis,
603 697 690 731 tum
722 691 887 737 minari,
920 695 1005 729 tmn
1037 703 1175 742 spem,
1207 695 1293 729 tum
1324 696 1475 729 metum
1500 689 1735 729 ostendere.
1777 689 1972 742 Oppone-

219 753 319 792 bant
348 753 407 792 illi
439 766 589 793 nomen
619 753 825 792 interdum
857 753 899 791 P.
922 751 1128 791 Africani:
1162 751 1305 804 populi
1324 753 1496 791 Romani
1520 752 1621 791 illud
1645 765 1735 791 esse
1758 751 1970 790 dicebant:

218 815 319 854 nihil
351 829 393 855 se
426 817 466 855 in
499 830 545 855 eo
578 816 790 867 potestatis
812 814 984 860 habere,
1017 813 1129 867 qnod
1153 815 1373 866 imperator
1394 814 1644 853 clarissimus
1666 814 1766 852 urbe
1790 813 1971 852 hostium

169 884 205 913 ⁴0
219 883 340 931 capta
369 883 680 917 monumentum
710 877 906 916 victoriae
937 876 1079 929 populi
1112 877 1284 915 Romani
1315 889 1406 915 esse
1427 876 1639 915 voluisset.
1682 874 1747 914 76.
1772 875 1873 915 Cum
1894 874 1972 913 iste

218 941 348 979 nihilo
391 941 599 980 remissius
639 944 763 992 atque
804 939 926 978 etiam
964 938 1095 977 multo
1127 938 1412 977 vehementius
1451 939 1623 977 instaret.
1652 937 1863 991 quotidie,
1907 949 1972 976 res

219 1003 353 1055 agitur
383 1004 423 1042 in
456 1007 612 1041 senatu.
672 1001 951 1040 Vehementer
981 1001 1031 1039 ab
1063 1000 1252 1039 omnibus
1284 1000 1541 1040 reclamatur.
1595 1002 1737 1053 ltaque
1769 1000 1839 1039 illo
1872 1003 1974 1039 tem-

216 1078 315 1117 pore
347 1077 392 1103 ac
431 1064 564 1116 primo
596 1064 710 1103 istius
742 1063 921 1103 adventu
952 1068 1214 1115 pernegatur.
1275 1063 1443 1110 Postea,
1486 1063 1688 1116 quidquid
1720 1068 1805 1103 erat
1836 1061 1972 1102 oneris

217 1126 259 1165 in
300 1126 436 1165 nautis
476 1126 784 1179 remigibusque
826 1125 1065 1177 exigendis,
1108 1126 1148 1163 in
1189 1124 1394 1165 frumento
1432 1125 1693 1177 imperando,
1739 1125 1972 1177 Segestanis

168 1198 203 1226 ⁴5
217 1194 379 1241 praeter
410 1193 567 1227 eeteros
600 1188 856 1241 imponebat,
888 1188 1102 1240 aliquanto
1134 1187 1310 1239 amplius
1343 1200 1465 1240 quam
1496 1186 1603 1226 serre
1634 1194 1825 1239 possent:
1856 1201 1974 1241 prae-

217 1256 329 1290 terea
358 1251 618 1303 magistratus
651 1266 791 1290 eorum
824 1250 1041 1297 evocabat;
1075 1249 1272 1302 optimum
1305 1263 1514 1302 quemque
1538 1255 1577 1289 et
1597 1250 1900 1291 nobilissimum
1922 1249 1973 1290 ad

215 1328 258 1353 se
289 1314 539 1353 arcessebat:
573 1314 722 1353 circum
755 1313 891 1353 onmia
921 1312 1155 1365 provinciae
1186 1311 1273 1351 fora
1298 1312 1504 1364 rapiebat:
1537 1312 1774 1364 singillatim
1795 1313 1867 1352 uni
1891 1312 1975 1352 cui-

216 1390 296 1430 que
328 1376 549 1416 calamitati
579 1376 666 1415 sore
697 1390 740 1415 se
773 1375 1062 1414 denuntiabat:
1095 1375 1297 1413 universis
1329 1388 1372 1414 se
1404 1374 1586 1413 funditus
1619 1388 1855 1414 eversurum
1883 1387 1974 1414 esse

214 1438 327 1478 illam
359 1439 562 1478 civitatem
595 1438 835 1478 minabatur.
886 1438 1030 1489 ltaque
1063 1436 1288 1489 aliquando
1310 1437 1448 1476 multis
1472 1437 1589 1475 malis
1612 1450 1842 1491 magnoque
1865 1442 1974 1477 metu

164 1513 200 1541 20
215 1502 310 1541 victi
343 1501 557 1554 Segestani
588 1502 790 1553 praetoris
821 1500 994 1552 imperio
1025 1499 1253 1553 parendum
1277 1512 1368 1538 esse
1391 1499 1674 1539 decreverunt.
1712 1501 1860 1553 Magno
1884 1514 1974 1539 cum

214 1563 326 1603 luctu
367 1568 407 1603 et
447 1564 599 1615 gemitu
640 1563 765 1602 totins
797 1562 995 1609 civitatis,
1036 1562 1172 1601 multis
1205 1576 1294 1601 eum
1339 1561 1515 1601 lacrimis
1547 1567 1586 1601 et
1617 1562 1974 1602 lamentationibus

214 1626 395 1665 virorum
440 1625 742 1678 mulierumque
789 1625 971 1664 omnium
1019 1623 1283 1663 simulacrum
1328 1624 1483 1662 Dianae
1530 1624 1759 1665 tollendum
1807 1625 1975 1665 locatur.

212 1689 385 1728 XXXV.
428 1686 494 1727 77.
536 1688 705 1735 Videte,
752 1693 907 1741 quanta
947 1686 1094 1737 religio
1136 1685 1258 1724 suerit
1287 1685 1396 1738 apud
1429 1686 1689 1737 Segestanos.
1749 1688 1972 1740 Repertum

214 1765 326 1797 esse,
369 1750 549 1797 indices,
596 1752 738 1790 scitote
781 1750 1010 1795 neminem,
1055 1762 1191 1801 neque
1225 1748 1400 1787 liberum
1432 1761 1568 1801 neque
1601 1762 1787 1796 servum,
1835 1762 1973 1801 neque

163 1828 199 1858 25
213 1815 345 1853 civem
374 1827 512 1865 neque
544 1813 832 1865 peregrinum,
874 1812 945 1865 qui
986 1811 1088 1850 illud
1121 1811 1283 1863 signum
1315 1810 1484 1850 auderet
1514 1811 1738 1863 attingere:
1780 1810 1974 1850 barbaros

213 1876 414 1930 quosdam
436 1875 635 1929 Lilybaeo
668 1876 814 1914 scitote
836 1874 1035 1914 adductos
1059 1887 1150 1913 esse
1172 1873 1402 1927 operarios:
1434 1873 1474 1911 hi
1497 1873 1676 1926 denique
1700 1873 1815 1920 illud,
1844 1873 1974 1925 ignari

214 1939 338 1979 totius
369 1938 525 1991 negotii
555 1952 601 1978 ae
632 1937 866 1990 religionis,
899 1936 1087 1976 mercede
1118 1941 1286 1988 accepta
1318 1935 1586 1975 sustulerunt.
1648 1934 1771 1983 Quod
1802 1949 1892 1975 eum
1924 1947 1975 1974 ex

214 2001 365 2055 oppido
389 2001 704 2053 exportabatur,
738 2014 862 2053 quem
885 2004 1130 2039 conventum
1153 1998 1370 2037 mulierum
1397 1996 1548 2036 factum
1573 2010 1663 2037 esse
1694 1996 1974 2037 arbitramini?

216 2076 339 2117 quem
370 2061 509 2103 ssetum
540 2064 741 2102 maiorum
772 2063 900 2101 natu?
932 2074 1107 2114 quorum
1138 2060 1327 2100 nonnulli
1360 2060 1482 2099 etiam
1507 2060 1622 2099 illum
1646 2060 1756 2098 diem
1780 2059 1975 2098 memoria

165 2140 202 2170 30
218 2126 431 2173 tenebant,
474 2139 565 2165 eum
598 2125 666 2164 illa
697 2124 841 2165 eadem
872 2124 1004 2163 Diana
1036 2124 1249 2176 Segestam
1280 2122 1532 2174 Karthagine
1564 2126 1730 2161 revecta
1760 2120 1971 2160 victoriam

217 2188 357 2241 populi
388 2187 561 2227 Romani
592 2187 725 2226 reditu
757 2199 831 2225 suo
863 2186 1104 2225 nuntiasset.
1155 2186 1288 2233 Quam
1320 2184 1529 2223 dissimilis
1560 2184 1626 2222 hie
1658 2183 1744 2223 dies
1779 2182 1839 2222 illi
1871 2187 1973 2221 tem-

215 2250 305 2303 pori
352 2249 591 2289 videbatur!
641 2250 744 2288 Tum
790 2249 1015 2300 imperator
1053 2248 1193 2301 populi
1235 2248 1432 2293 Romani,
1478 2247 1538 2285 vir
1568 2246 1840 2291 clarissimus,
1873 2244 1974 2283 deos

216 2311 371 2364 patrios
401 2311 636 2366 reportabat
666 2311 903 2364 Segestanis
935 2324 988 2350 ex
1016 2310 1115 2350 urbe
1145 2309 1324 2350 hostium
1345 2314 1634 2362 recuperatos:
1667 2321 1776 2347 nunc
1800 2320 1853 2347 ex
1871 2306 1974 2346 urbe

303 2536 333 2567 4.
369 2534 465 2575 hanc]
501 2535 580 2567 haec
603 2535 706 2575 Lagg.
742 2551 778 2556 —
813 2534 844 2565 ἱ).
871 2537 899 2565 et
922 2534 1015 2575 reliq.
1041 2533 1071 2564 Ιι.
1093 2534 1285 2573 praedoque
1309 2532 1354 2565 1z3
1373 2530 1392 2564 λ
1409 2532 1433 2564 E
1452 2533 1558 2573 ng:
1598 2532 1695 2563 hostis
1717 2529 1975 2571 religionumque

212 2587 337 2626 praedo
362 2585 446 2617 dett.
473 2586 510 2617 O.
539 2603 574 2606 —
601 2585 631 2616 3.
658 2584 716 2615 illa
740 2583 811 2623 ipsa
836 2584 898 2621 1³3,
918 2584 943 2615 E
963 2584 1066 2624 Lg292
1094 2585 1165 2624 ipsa
1190 2585 1248 2615 illa
1265 2583 1348 2615 dett.
1368 2584 1411 2621 03
1440 2586 1612 2621 {uinquam
1635 2581 1693 2612 illa
1716 2582 1788 2622 ipsa
1809 2582 1882 2621 face
1900 2589 1976 2620 per-

215 2637 322 2667 culsus
344 2638 423 2667 esset
445 2636 584 2675 Agroet.
611 2643 644 2675 p.
671 2633 767 2665 9:274.
797 2650 831 2655 —
857 2642 1065 2672 repercussus
1088 2634 1188 2673 Lg29.
1218 2652 1253 2655 --
1279 2632 1310 2664 4.
1335 2632 1485 2673 inussisti&
1506 2632 1563 2662 iste
1585 2635 1620 2662 ut
1642 2631 1726 2662 dett.
1748 2649 1784 2654 —
1810 2631 1841 2662 5.
1867 2630 1901 2661 id
1915 2629 1974 2661 sibi

214 2696 247 2717 n.
273 2694 339 2717 esse
361 2693 455 2724 seque
479 2684 563 2715 dett.
590 2686 627 2715 O.
657 2701 691 2705 —
718 2684 802 2722 eunt]
827 2686 895 2714 tam
920 2684 1022 2723 Lnga.
1042 2686 1183 2724 praeter
1199 2683 1251 2714 29.
1273 2701 1305 2706 -
1335 2684 1364 2714 6.
1392 2691 1465 2713 earn
1485 2685 1596 2721 petere
1619 2680 1688 2713 112..
1710 2699 1746 2704 —
1774 2682 1805 2712 7.
1831 2680 1894 2711 illis
1910 2681 1933 2711 R
1949 2680 1973 2711 E

217 2738 336 2777 Lagg.:
364 2736 409 2767 eis
431 2733 450 2765 λ
468 2734 526 2765 G3.
556 2753 590 2756 -
615 2734 765 2764 minitari
790 2734 825 2765 F..
856 2752 890 2756 —
917 2734 946 2764 8.
974 2733 1137 2764 interdum
1160 2742 1274 2764 nomen
1299 2732 1383 2763 dett.
1403 2732 1440 2762 Ο.
1462 2750 1494 2754 -
1523 2732 1556 2762 Ρ.
1579 2731 1649 2771 Afr.
1669 2732 1771 2764 R3E:
1799 2732 1868 2772 Afr.
1888 2731 1971 2762 dett.

215 2788 252 2818 Ο.
281 2804 316 2808 —-
339 2785 453 2825 populi
478 2784 544 2822 R3,
571 2783 595 2814 E
622 2783 744 2823 (Madv.
773 2792 804 2824 p.
832 2783 915 2822 30.):
943 2783 1063 2813 (Ionum
1082 2783 1197 2822 populi
1221 2782 1304 2813 dett.
1325 2784 1361 2813 O.
1390 2783 1577 2813 «Gruterus
1603 2790 1671 2812 non
1697 2782 1828 2814 donum
1846 2781 1975 2821 Scipio-

215 2837 284 2874 nis,
311 2835 375 2868 sed
399 2843 473 2867 rem
498 2833 614 2875 populi
638 2834 675 2865 R.
702 2834 878 2874 propriam
904 2833 959 2865 hic
977 2832 1142 2872 intelligit.
1173 2833 1390 2873 optimorum
1409 2831 1510 2862 codd.
1531 2831 1631 2863 lectio
1648 2832 1878 2863 venementer
1893 2839 1975 2861 con-

214 2886 375 2917 firmatur
405 2894 424 2915 a
456 2882 708 2923 sequentibus:
740 2884 819 2914 nihil
847 2892 879 2914 se
902 2883 935 2913 in
959 2893 995 2914 eo
1019 2884 1188 2922 potestatis
1210 2882 1342 2919 habet-03
1382 2883 1464 2913 item
1490 2881 1532 2912 ab
1559 2883 1616 2920 iis,
1650 2891 1738 2922 quae
1763 2881 1924 2921 leguntur
1947 2880 1971 2911 1.

214 2936 245 2974 ἓ.
272 2935 344 2966 lt:
381 2935 427 2965 M.
452 2933 603 2965 Marcelli
626 2935 654 2964 et
685 2934 718 2963 P.
744 2933 1211 2973 Africani--—habebantur.»
1238 2934 1357 2962 (ansr.
1385 2932 1424 2962 11.
1454 2949 1487 2952 —
1526 2932 1577 2963 1¹0.
1606 2940 1685 2970 pop.
1711 2932 1747 2962 R.
1774 2938 1843 2961 om.
1870 2929 1906 2960 E.
1936 2947 1971 2951 —

215 2984 267 3016 ⁴4.
291 2983 468 3024 remiyibus
490 2984 591 3021 Lagg.
619 2982 703 3013 dett.
733 3000 768 3005 —
794 2983 825 3013 in
852 2991 921 3013 oni.
949 2983 1050 3021 1329.
1079 3000 1114 3004 —
1150 2983 1202 3013 45.
1230 2981 1408 3020 aliquando
1433 2982 1470 3012 R.
1499 2998 1536 3003 —
1564 2981 1615 3011 46.
1644 2983 1671 3011 el
1694 2980 1790 3011 nobil.
1818 2985 1974 3018 quemque

215 3034 298 3065 dett.
325 3034 363 3065 O.
392 3050 427 3055 —
454 3032 505 3063 47.
533 3032 713 3063 arcessebat
737 3032 849 3071 Lg‘29:
877 3032 1061 3063 accersebat
1084 3033 1108 3063 R
1135 3033 1169 3063 et
1192 3029 1265 3061 rell.
1294 3031 1393 3069 Lagg.
1424 3048 1457 3052 —
1484 3029 1572 3070 fora]
1599 3029 1670 3059 loca
1692 3029 1795 3068 Lagg.
1822 3027 1906 3058 dett.
1935 3045 1970 3048 —-

213 3083 402 3123 singulatim
426 3079 456 3112 λ.
486 3099 521 3103 -
559 3082 610 3112 48.
636 3090 668 3112 se
689 3082 760 3121 sore
783 3081 884 3121 Lg29.
925 3099 959 3103 —
997 3081 1213 3114 denunciabat
1237 3082 1273 3111 R.
1301 3097 1337 3102 —
1375 3080 1563 3111 universam
1587 3079 1671 3110 dett.
1711 3096 1745 3100 —
1782 3085 1882 3108 evers.
1908 3085 1974 3108 esse

214 3133 305 3164 illam
329 3132 395 3163 RE
420 3130 501 3163 Ld.:
539 3140 603 3162 esse
627 3140 695 3162 om.
723 3132 788 3168 (ΞΜ
826 3139 890 3162 esse
913 3139 960 3161 ev.
987 3132 1032 3163 ill.
1060 3132 1124 3170 (123
1162 3131 1252 3162 illam
1279 3139 1326 3161 ea.
1353 3139 1416 3161 esse
1441 3130 1524 3161 dett.
1552 3130 1588 3160 O.
1618 3146 1652 3150 —
1680 3127 1731 3158 49.
1757 3125 1974 3157 minitabatur

215 3183 314 3221 Lg29.
344 3198 378 3204 —
413 3182 467 3213 24.
493 3181 649 3212 lacrumis
672 3182 761 3221 ng
787 3181 942 3221 (lacrimis
965 3181 1013 3221 R).
1044 3199 1078 3203 —
1110 3181 1342 3211 lamentatione
1365 3180 1447 3210 dett.
1475 3180 1510 3210 Ο.
1541 3196 1576 3201 -
1611 3177 1665 3209 ⁶23.
1689 3175 1804 3216 religio
1828 3175 1874 3206 113
1891 3173 1911 3206 λ
1928 3176 1968 3206 Ε;

213 3232 369 3272 religione
392 3231 476 3263 dett.
503 3232 540 3263 Ο.
570 3250 604 3253 —
630 3231 682 3263 94.
708 3240 810 3271 neque
833 3230 970 3262 liberam
994 3239 1063 3262 om.
1090 3231 1191 3271 Lagg.
1221 3248 1254 3251 —
1289 3230 1342 3261 ⁶26.
1368 3229 1497 3267 Lilybeo
1521 3229 1557 3261 R.
1584 3245 1616 3249 —
1646 3226 1802 3257 adductos
1826 3225 1872 3256 R3
1889 3223 1908 3255 λ
1924 3225 1967 3256 E:

215 3281 390 3313 advocatos
415 3281 499 3313 dett.
522 3299 556 3303 —-
575 3282 619 3312 hii
642 3282 679 3313 R.
709 3280 838 3322 [malim
860 3281 884 3312 ii
908 3279 985 3312 coll.
1003 3280 1032 3320 g.
1053 3280 1105 3312 61.
1131 3278 1251 3319 Ham]
1272 3296 1307 3301 —
1326 3278 1379 3309 28.
1405 3277 1645 3317 e.cp07·labalur
1668 3276 1714 3308 1t3
1731 3276 1756 3308 E
1783 3275 1836 3316 (cs.
1855 3274 1968 3308 Madv.

215 3339 250 3371 p.
276 3331 359 3372 72.):
385 3334 620 3372 exportaretur
642 3330 727 3363 dett.
753 3332 791 3363 O.
