2127 3708
611 225 707 265 CAP.
738 224 1081 266 xxm-xxv.
1118 223 1191 277 §§·
1223 223 1426 267 72—78.
1847 225 1893 269 21

151 345 295 389 testes,
327 339 400 393 qui
422 338 524 379 haec
545 336 696 376 dicant.
738 336 913 385 Verum,
946 336 1116 389 opinor,
1148 337 1396 385 viderimus,
1419 351 1513 378 cum
1538 340 1732 381 dixerint.
1765 341 1897 381 Unum

150 409 288 444 tamen
317 401 396 442 hoc
427 400 630 452 cogitent,
661 399 718 438 ita
748 412 791 438 se
823 412 968 452 graves
1000 413 1090 439 esse
1122 404 1187 446 ut,
1219 399 1253 439 si
1286 400 1501 440 veritatem
1533 402 1675 442 volent
1705 404 1898 451 retinere,

150 466 391 520 gravitatem
421 462 584 517 possint
613 461 823 509 obtinere,
855 462 888 501 si
921 475 1010 502 eam
1042 462 1275 515 negligere,
1308 462 1366 501 ita
1396 462 1509 502 leves
1543 463 1646 511 sint,
1679 469 1724 503 ut
1755 478 1898 505 omnes

148 528 403 580 intelligant,
449 538 532 565 non
564 523 614 563 ad
647 523 922 563 obtinendum
955 523 1240 570 mendacium,
1273 523 1346 562 sed
1379 523 1431 562 ad
1462 537 1605 564 verum
1636 527 1898 578 probandum

148 589 433 632 auctoritatem
463 586 675 626 adiuvare.
720 586 870 625 XXIV.
903 584 967 624 76.
999 586 1086 638 Ego
1117 585 1220 627 haec
1252 585 1335 625 duo
1362 599 1546 639 quaero:
1578 588 1778 640 primum,
1817 603 1899 643 qua
1930 600 1948 628 5

147 653 304 693 ratione
334 650 514 690 Naevius
547 653 784 701 susceptum
817 644 1030 701 negotium
1058 661 1140 687 non
1164 648 1432 700 transegerit,
1463 649 1543 689 hoc
1567 654 1648 697 est,
1682 664 1754 689 cur
1774 652 1897 699 bona,

147 727 252 768 quae
284 726 335 754 ex
367 712 501 752 edicto
535 711 797 764 possidebat,
829 724 913 750 non
942 711 1197 758 vendiderit3
1230 710 1408 758 deinde,
1441 725 1515 752 cur
1545 725 1598 752 ex
1627 717 1689 752 tot
1719 714 1898 754 credito-

144 777 256 817 ribus
287 775 392 815 alius
424 774 474 814 ad
505 774 626 813 istam
656 773 860 813 rationem
892 786 1014 813 nemo
1046 773 1290 820 accesserit,
1322 777 1367 813 ut
1398 775 1634 815 necessario
1658 775 1896 825 confiteare,

143 852 280 892 neque
311 842 394 878 tam
426 836 693 877 temerarium
725 848 980 889 quemquam
1010 835 1162 883 fuisse,
1194 848 1332 889 neque
1354 840 1393 874 te
1418 836 1555 889 ipsum
1578 838 1641 886 id,
1674 840 1789 893 quod
1812 845 1896 879 tur-

141 901 311 956 pissime
341 899 618 952 suscepisses,
650 911 916 950 perseverare
939 902 979 938 et
999 898 1229 951 transigere
1251 899 1453 951 potuisse.
1495 899 1628 948 Quid,
1661 902 1695 940 si
1725 906 1769 941 tu
1790 901 1944 954 ipse,40

142 965 236 1005 Sex.
269 963 422 1010 Naevi,
462 960 664 1007 statuisti,
709 960 821 1000 bona
860 961 902 999 P.
936 959 1121 1007 Quinctii
1163 974 1215 1000 ex
1257 960 1394 1000 edicto
1426 974 1622 1014 possessa
1652 977 1738 1003 non
1769 966 1894 1003 esse?

142 1026 323 1079 Opinor,
368 1029 485 1064 tuum
523 1022 834 1070 testimonium,
879 1022 992 1076 quod
1036 1023 1079 1062 in
1110 1023 1248 1063 aliena
1278 1036 1322 1063 re
1353 1023 1444 1064 leve
1476 1029 1610 1072 esset,
1656 1026 1698 1065 id
1729 1025 1772 1064 in
1803 1031 1894 1074 tua,

141 1088 338 1143 quoniam
369 1090 513 1127 contra
544 1090 583 1126 te
615 1089 699 1132 est,
731 1085 1022 1137 gravissimum
1045 1085 1168 1124 debet
1189 1099 1294 1126 esse.
1334 1086 1483 1126 Emisti
1503 1087 1614 1127 bona
1636 1089 1732 1128 Sex.
1754 1088 1893 1128 Alfeni

138 1152 183 1191 L.
216 1149 331 1189 Sulla
362 1149 563 1190 dictatore
585 1148 806 1188 vendente.
853 1148 1023 1187 Socium
1045 1148 1119 1188 tibi
1150 1148 1192 1187 in
1213 1148 1277 1188 his
1297 1149 1421 1189 bonis
1444 1149 1611 1190 edidisti
1634 1151 1891 1200 Quinctium.

138 1213 260 1253 Plura
290 1224 374 1252 non
405 1211 512 1251 dico.
573 1211 675 1251 Cum
715 1224 764 1250 eo
796 1215 840 1250 tu
872 1210 1149 1251 voluntariam
1181 1211 1425 1251 societatem
1457 1212 1618 1261 coibas,
1659 1214 1730 1268 qui
1770 1218 1810 1253 te
1848 1214 1941 1253 in45

137 1274 389 1314 hereditaria
419 1274 617 1314 societate
647 1273 876 1321 fraudarat,
918 1278 959 1313 et
989 1287 1083 1313 eum
1114 1272 1270 1313 iudicio
1303 1278 1376 1314 tuo
1409 1276 1733 1328 comprobabas,
1766 1290 1891 1331 quem

139 1337 362 1391 spoliatum
392 1337 501 1377 fama
529 1336 794 1389 fortunisque
827 1336 1020 1376 omnibus
1051 1336 1338 1376 arbitrabare?

250 1398 315 1440 77.
355 1398 603 1440 Diffidebam
634 1398 891 1446 mehercule,
933 1399 976 1439 C.
1006 1398 1173 1452 Aquili,
1215 1399 1313 1438 satis
1350 1400 1490 1440 animo
1525 1405 1637 1442 certo
1670 1406 1711 1442 et
1741 1401 1891 1443 confir-

136 1468 245 1505 mato
278 1477 343 1503 me
374 1476 498 1516 posse
529 1462 572 1501 in
602 1461 680 1501 hac
711 1474 836 1502 causa
867 1462 1108 1501 consistere.
1160 1461 1226 1501 Sic
1258 1462 1515 1514 cogitabam:
1548 1478 1643 1505 cum
1663 1471 1808 1506 contra
1829 1466 1890 1506 di-

136 1532 274 1567 cturus
297 1530 407 1565 esset
431 1524 680 1564 Hortensius
704 1528 744 1564 et
765 1538 859 1564 cum
880 1537 944 1564 me
967 1528 1076 1564 esset
1096 1527 1252 1563 attente
1274 1524 1492 1565 auditurus
1515 1528 1754 1582 Philippus,
1785 1529 1888 1577 fore,
1903 1537 1938 1566 20

134 1590 195 1629 uti
225 1587 443 1642 permultis
474 1587 517 1626 in
546 1587 670 1627 rebus
702 1586 850 1626 timore
882 1588 1133 1640 prolaberer.
1181 1586 1379 1627 Dicebam
1408 1588 1507 1629 huic
1539 1590 1588 1639 Q.
1620 1592 1785 1640 Roscio,
1818 1606 1890 1632 cu-

135 1652 199 1692 ius
230 1664 348 1691 soror
378 1654 441 1690 est
471 1663 564 1690 cum
593 1650 636 1689 P.
669 1648 890 1698 Quinctio,
932 1663 1025 1690 cum
1057 1663 1081 1690 a
1110 1663 1175 1689 me
1206 1654 1369 1703 peteret
1400 1656 1441 1691 et
1470 1666 1630 1694 summe
1661 1655 1889 1695 contende-

135 1717 218 1760 ret,
248 1717 294 1754 ut
323 1712 610 1766 propinquum
640 1725 761 1751 suum
789 1712 1078 1760 defenderem,
1111 1712 1212 1752 mihi
1233 1712 1482 1766 perdifficile
1503 1729 1594 1758 esse
1618 1722 1763 1759 contra
1783 1718 1886 1758 tales

136 1779 320 1816 oratores
349 1788 436 1814 non
465 1774 590 1814 modo
622 1779 778 1815 tantam
810 1788 975 1816 causam
1006 1789 1224 1829 perorare,
1256 1776 1329 1816 sed
1361 1779 1531 1819 omnino
1554 1781 1725 1821 verbum
1749 1781 1886 1822 facere

136 1838 289 1879 conari.
351 1838 452 1877 Cum
497 1836 689 1889 cupidius
728 1837 919 1885 instaret,
964 1838 1124 1878 homini
1162 1852 1238 1892 pro
1280 1840 1465 1881 amicitia
1502 1842 1749 1885 familiarius
1783 1844 1885 1893 dixi,
1900 1851 1936 1881 25

136 1901 238 1940 mihi
268 1900 400 1940 videri
431 1913 502 1939 ore
534 1900 757 1939 durissimo
790 1914 902 1948 esse,
934 1901 1006 1954 qui
1036 1906 1257 1954 praesente
1286 1915 1335 1941 eo
1367 1908 1529 1955 gestum
1559 1918 1681 1958 agere
1713 1920 1886 1948 conare-

136 1967 223 2011 tur3
256 1963 327 2016 qui
357 1976 455 2003 vero
487 1976 580 2002 cum
610 1963 702 2015 ipso
734 1963 1054 2012 contenderent,
1086 1977 1179 2012 eos,
1212 1965 1374 2004 etiamsi
1398 1966 1499 2019 quid
1527 1972 1650 2008 antea
1679 1970 1782 2009 recti
1814 1974 1887 2009 aut

135 2025 298 2066 venusti
327 2025 480 2065 habere
510 2025 589 2065 visi
620 2025 726 2072 sint,
757 2025 799 2064 id
831 2026 1042 2075 amittere3
1073 2040 1124 2066 ne
1157 2026 1259 2080 quid
1290 2027 1391 2067 mihi
1423 2029 1630 2069 eiusmodi
1663 2032 1884 2080 accideret,

136 2100 227 2126 cum
259 2091 402 2127 contra
432 2087 556 2128 talem
587 2085 785 2128 artificem
817 2089 1002 2128 dicturus
1035 2102 1190 2136 essem,
1222 2103 1287 2129 me
1309 2091 1457 2130 vereri.
1516 2093 1646 2133 XXV.
1681 2092 1746 2133 78.
1779 2096 1884 2134 Tum

133 2149 234 2189 mihi
264 2149 438 2189 Roscius
469 2154 509 2189 et
548 2150 628 2190 alia
660 2151 789 2190 multa
819 2149 1090 2191 confirmandi
1124 2153 1204 2191 mei
1235 2165 1362 2193 causa
1392 2153 1519 2202 dixit,
1556 2159 1602 2194 ut
1631 2156 1883 2205 mehercule,
1897 2166 1933 2195 30

133 2214 168 2253 si
198 2212 302 2251 nihil
333 2211 503 2259 diceret,
535 2212 662 2252 tacito
695 2213 785 2265 ipso
818 2211 956 2253 officio
989 2218 1030 2253 et
1062 2215 1223 2262 studio,
1256 2215 1370 2268 quod
1390 2216 1573 2257 habehat
1596 2232 1692 2272 erga
1712 2220 1885 2274 propin-

133 2288 261 2329 quum
291 2288 433 2322 suum,
466 2275 656 2329 quemvis
689 2281 994 2316 commoveret:
1041 2278 1214 2325 etenim,
1259 2291 1353 2318 cum
1385 2279 1537 2319 artifex
1568 2281 1775 2322 eiusmodi
1808 2283 1882 2331 sit,

130 2344 177 2379 ut
205 2338 318 2379 solus
349 2338 499 2391 dignus
529 2338 720 2379 videatur
740 2353 851 2387 esse,
884 2341 956 2394 qui
981 2341 1024 2380 in
1045 2354 1196 2382 scaena
1217 2346 1450 2395 spectetur,
1482 2347 1570 2383 tum
1591 2344 1655 2384 vir
1677 2345 1883 2386 eiusmodi

131 2404 214 2449 est,
258 2404 305 2441 ut
342 2401 456 2441 solus
486 2400 636 2454 dignus
666 2402 880 2450 videatur,
922 2404 993 2457 qui
1026 2417 1075 2444 eo
1106 2417 1193 2444 non
1223 2405 1395 2445 accedat
1423 2419 1498 2454 —;
1539 2419 1684 2447 verum
1722 2412 1882 2458 tamen,

215 2506 246 2537 4.
271 2506 329 2537 hoc
352 2514 370 2537 a
387 2505 409 2537 b
427 2514 446 2537 c
463 2506 484 2537 d
502 2515 520 2538 e
537 2506 583 2547 fg
599 2507 621 2537 h
638 2507 647 2538 i
663 2506 709 2539 kl
726 2517 747 2539 n
773 2509 808 2539 et
830 2509 867 2539 A.
904 2510 1103 2541 Pronomen
1126 2508 1299 2549 glossema
1322 2510 1432 2541 videri
1457 2519 1561 2551 posse
1586 2513 1721 2544 monuit
1745 2515 1822 2545 Gar.
1848 2515 1880 2546 2.

132 2574 166 2579 —-
190 2555 367 2588 videbimus
389 2557 427 2587 A.
457 2574 492 2579 -
517 2557 549 2587 2.
573 2557 690 2588 uellent
714 2567 748 2596 c,
774 2558 882 2590 nolent
899 2567 929 2590 e.
954 2577 987 2581 —
1013 2560 1051 2599 si]
1075 2561 1124 2591 sin
1140 2561 1175 2591 L.
1199 2578 1233 2582 —
1259 2559 1291 2592 3.
1316 2561 1478 2601 neqliyere
1499 2569 1519 2592 a
1541 2562 1575 2592 et
1591 2561 1668 2593 cod.
1689 2564 1880 2595 Garatonii:

127 2606 326 2648 neqliyerent
349 2606 371 2638 d
388 2606 401 2638 f
414 2605 423 2638 l
440 2615 474 2638 m
492 2632 497 2646 ,
523 2607 726 2648 neglexerint
749 2610 772 2640 Β
791 2608 813 2639 b
832 2618 850 2640 c
868 2618 885 2640 e
903 2617 923 2648 g
939 2608 960 2640 k
977 2617 998 2639 n
1023 2610 1058 2640 et
1081 2610 1124 2648 A,
1150 2609 1365 2650 negylescerunt
1388 2611 1413 2641 G
1431 2610 1453 2641 h
1469 2610 1496 2649 i,
1521 2611 1683 2652 ne9229ent
1706 2614 1730 2644 L
1743 2612 1765 2646 8
1778 2614 1815 2645 O.
1842 2631 1880 2637 -

128 2658 160 2688 5.
186 2657 254 2697 qu
278 2656 366 2697 haec]
391 2656 454 2688 Sed
477 2665 534 2697 eqo
558 2657 636 2688 haec
659 2658 696 2697 k,
722 2659 764 2689 Et
786 2659 864 2689 haec
887 2657 908 2689 b
924 2666 953 2689 c.
975 2676 1010 2680 —
1036 2659 1067 2690 8.
1094 2659 1180 2690 alius
1203 2668 1221 2690 c
1236 2659 1271 2700 (5³)
1287 2669 1305 2691 e
1332 2661 1366 2691 et
1389 2661 1432 2692 A:
1460 2661 1534 2692 aliis
1556 2670 1635 2693 cum
1660 2661 1803 2704 reliquis
1828 2672 1885 2695 co-

129 2705 264 2738 dicibus
288 2705 346 2740 1.ss
360 2707 396 2738 O.
428 2707 525 2738 Conf.
552 2706 581 2747 S.
601 2707 652 2739 88.
683 2726 717 2730 -
745 2708 775 2739 9.
802 2711 870 2739 tam
893 2710 1105 2740 temerarium
1127 2710 1150 2741 B
1169 2711 1195 2741 G
1210 2709 1233 2741 b
1252 2719 1270 2741 c
1287 2710 1309 2742 d
1326 2719 1344 2742 e
1362 2710 1396 2742 fi
1413 2709 1460 2742 kl
1476 2719 1511 2742 m
1528 2719 1550 2742 n
1574 2712 1608 2742 et
1623 2713 1672 2743 A:
1699 2715 1767 2744 tam
1790 2716 1885 2745 teme-

126 2757 258 2788 rarium
280 2765 392 2788 eorum
416 2765 451 2795 a,
478 2766 590 2788 eorum
614 2761 682 2789 cam
705 2758 916 2789 temerarium
939 2758 1049 2792 L80.
1079 2775 1114 2781 —
1146 2760 1197 2791 Μ.
1225 2760 1302 2791 Sex.
1329 2768 1398 2791 om.
1425 2761 1457 2792 k.
1487 2777 1522 2782 —
1551 2761 1601 2792 4⁵2.
1627 2762 1662 2793 id
1684 2771 1752 2794 om.
1778 2763 1814 2794 L.
1844 2778 1879 2785 —-

129 2806 180 2838 44.
205 2806 254 2836 his
275 2805 531 2838 BGahlmn
556 2808 591 2838 et
614 2808 655 2839 L:
683 2808 745 2838 hiis
767 2807 973 2848 bcdfgi,
999 2809 1039 2839 iis
1061 2809 1100 2848 k,
1126 2809 1222 2840 huius
1246 2818 1264 2841 e
1290 2811 1324 2841 et
1346 2809 1459 2843 Ago.
1490 2828 1525 2832 -—
1552 2811 1643 2841 edisti
1666 2811 1769 2843 BGb
1789 2812 1881 2844 cde

128 2855 174 2897 fg
189 2856 199 2887 i
214 2855 223 2887 l
240 2864 275 2887 m
292 2864 331 2894 n,
358 2856 490 2887 adidisci
506 2865 536 2888 a.
556 2873 591 2879 -
619 2858 816 2897 Quinctium]
833 2859 867 2889 P.
886 2858 1070 2897 Quinctium
1087 2867 1154 2899 mg.
1175 2858 1209 2893 (ἐ.
1228 2877 1261 2882 -
1283 2860 1333 2890 45.
1361 2860 1407 2899 tu]
1424 2860 1457 2890 in
1473 2859 1505 2891 k.
1527 2876 1562 2882 -·
1591 2861 1643 2892 46.
1661 2861 1884 2901 fraudauerat

126 2904 160 2936 k.
182 2923 217 2928 —
243 2905 325 2946 eum]
344 2914 379 2936 eo
395 2905 427 2936 k.
450 2923 484 2928 —
511 2906 562 2937 48.
588 2915 639 2938 me
661 2907 765 2939 hercle
780 2908 814 2938 k.
837 2926 870 2931 —
896 2908 948 2939 ⁶20.
968 2912 997 2940 et
1011 2918 1085 2940 cum
1099 2918 1150 2941 me
1166 2910 1283 2941 essetB
1301 2911 1327 2940 G
1344 2909 1398 2941 ab
1418 2918 1436 2941 c
1453 2909 1475 2941 d
1492 2910 1540 2951 fg
1555 2908 1682 2941 hilm
1699 2918 1738 2942 n:
1765 2914 1794 2942 et
1810 2920 1882 2944 eum

127 2957 205 2986 esset
220 2963 251 2993 e,
269 2958 387 2986 etcum
401 2958 479 2986 esset
493 2955 514 2986 k
531 2956 566 2986 et
581 2955 742 2989 ALsso.—-
758 2957 934 2999 Philippus]
951 2958 986 2989 L.
998 2959 1163 2999 Philippus
1178 2968 1248 2999 mg.
1267 2958 1344 2993 2².—
1364 2960 1416 2991 ⁶24.
1434 2960 1482 2991 uti
1497 2960 1607 2991 multis
1622 2960 1697 2990 k.—
1716 2960 1768 2992 22.
1787 2961 1881 3003 ame]

128 3008 157 3036 et
170 3013 221 3036 me
236 3005 260 3036 B
275 3004 335 3036 Gb
353 3014 372 3036 c
389 3004 411 3036 d
427 3004 473 3044 fg
490 3003 569 3036 ilm
586 3014 620 3044 n,
647 3005 778 3046 (etcum
794 3016 845 3038 me
860 3008 905 3047 a‚)
923 3007 1016 3040 unde
1034 3008 1264 3040 Guilielmius:
1292 3019 1334 3041 ez*
1349 3018 1409 3041 me.
1437 3010 1504 3042 Sed
1519 3010 1588 3041 vid.
1607 3010 1706 3042 Hand
1723 3011 1820 3043 Turs.
1839 3012 1878 3043 11.

127 3063 161 3095 p.
180 3054 253 3086 620.
275 3070 310 3076 —
338 3054 390 3086 23.
413 3055 637 3095 propinquum
659 3065 754 3088 suum
775 3058 799 3088 B
814 3059 840 3089 G
853 3057 874 3088 d
888 3066 907 3097 g
931 3059 965 3089 et
981 3059 1007 3090 A
1021 3059 1044 3090 L
1058 3058 1079 3092 8
1096 3068 1102 3088 τ
1128 3068 1223 3090 suum
1240 3060 1465 3098 propinquum
1489 3068 1570 3091 cum
1591 3058 1733 3100 reliquis
1749 3060 1881 3092 codici-

127 3103 193 3135 bus
217 3104 254 3135 Ο.
281 3103 330 3136 Cf.
357 3103 387 3144 ἓ.
403 3104 455 3136 78.
475 3121 511 3128 -
537 3105 590 3137 26.
616 3110 814 3138 conarentur
838 3106 1002 3139 Halmius.
1025 3127 1059 3131 —
1085 3108 1138 3140 28.
1164 3109 1227 3140 sint
1242 3109 1444 3142 Ernestius:
1470 3113 1545 3141 sunt
1569 3118 1648 3141 cum
1672 3108 1767 3141 libris
1791 3111 1881 3142 notis

128 3152 291 3185 omnibus
311 3152 410 3187 ΑΕΒ
424 3154 461 3185 Ο.
490 3171 525 3177 -
551 3155 780 3187 eiusdemmodi
803 3157 827 3188 B
842 3165 859 3187 a
877 3156 991 3188 dhin
1015 3159 1050 3189 et
1072 3159 1116 3196 L,
1142 3159 1321 3190 cuiusmodi
1344 3161 1381 3199 G,
1407 3160 1624 3191 huiuscemodi
1646 3159 1678 3190 k.
1700 3177 1735 3182 —
1767 3159 1818 3191 30.
1845 3164 1883 3192 ut

127 3203 151 3234 B
167 3203 232 3234 GK
256 3202 412 3245 (excepto
428 3204 458 3243 k)
480 3205 514 3235 et
534 3205 583 3236 A:
610 3209 638 3237 et
661 3206 682 3237 k
706 3207 741 3238 et
765 3206 822 3240 [ἓ
837 3207 873 3237 O.
909 3207 984 3239 Vid.
1002 3207 1121 3240 Klotzii
1144 3211 1303 3242 Prooem.
1331 3210 1387 3242 ed.
1406 3209 1462 3241 alt.
1487 3219 1522 3251 p.
1546 3210 1628 3241 X.-
1654 3208 1707 3241 34.
1732 3209 1879 3252 habebat]

127 3251 297 3284 adhibebat
325 3262 404 3285 cum
434 3255 584 3286 Manutio
608 3255 679 3289 Lss.
710 3275 745 3279 —
778 3257 829 3288 32.
855 3257 971 3289 etenim
992 3275 1078 3282 ---
1101 3259 1244 3301 accedat]
1277 3259 1326 3292 Cf.
1355 3259 1491 3298 Quintil.
1518 3261 1599 3291 Inst.
1626 3259 1680 3290 Or.
1708 3259 1738 3299 9,
1765 3259 1796 3299 3,
1822 3260 1874 3292 86.

126 3303 334 3342 Augustinus
359 3303 403 3336 de
427 3313 601 3338 consensu
624 3306 751 3347 Evang.
779 3307 808 3346 4,
828 3307 878 3339 33.
898 3325 932 3330 —
958 3308 1140 3342 huiusmodi
1156 3310 1214 3352 gk.
1232 3327 1267 3333 —-
1293 3309 1346 3342 33.
1375 3310 1409 3342 in
1424 3318 1544 3342 scaena
1554 3310 1727 3352 spectetur]
1749 3319 1880 3343 scenam

128 3351 269 3385 introeat
292 3353 428 3392 Quintil.
456 3373 492 3379 —
517 3355 570 3389 34.
593 3357 745 3390 videatur
770 3358 887 3400 diynus
910 3358 1046 3398 Quintil.
