2143 3713
589 223 687 265 Cu».
716 220 1146 262 XXXII—xxxln.
1175 217 1249 273 §§.
1279 215 1468 258 94-97.
1807 213 1880 257 5111

136 338 414 381 conductione
443 335 569 377 fuerit
597 335 640 374 in
670 333 822 381 fundo,
863 333 1036 373 dubium
1066 337 1129 372 est
1159 332 1282 385 quin,
1314 329 1348 370 si
1381 329 1610 369 Caesennia
1640 334 1728 370 tum
1757 329 1890 382 possi-

137 404 281 450 debat,
313 414 405 441 cum
436 405 523 440 erat
551 398 724 439 colonus
755 397 797 436 in
828 395 980 443 fundo,
1017 400 1113 448 post
1143 394 1232 434 eius
1262 396 1438 432 mortem
1469 392 1589 431 heres
1620 392 1769 432 eodem
1800 391 1890 431 iure

136 464 396 519 possederit?
453 461 612 502 Deinde
642 460 733 511 ipse
766 458 956 505 Caecina,
988 471 1080 497 cum
1113 455 1308 496 circuiret
1336 454 1519 506 praedia,
1550 455 1664 494 venit
1693 455 1734 493 in
1765 455 1890 493 istum

136 527 333 573 fundum,
382 525 563 564 rationes
606 535 630 562 a
679 521 828 561 colono
863 520 1047 573 accepit.
1130 518 1237 557 Sunt
1281 518 1323 557 in
1373 529 1463 556 eam
1508 529 1594 555 rem
1639 515 1890 555 testimonia.

137 589 203 629 953.
235 591 384 628 Postea
413 598 486 625 cur
515 590 572 631 tu,
601 583 773 629 Aebuti,
806 582 857 623 de
888 583 968 622 isto
1000 581 1140 634 potius
1171 579 1301 619 fundo
1333 592 1459 632 quam
1489 578 1540 618 de
1571 578 1668 625 alio,
1700 578 1734 617 si
1766 587 1923 631 que1n5

137 652 288 698 habes,
329 647 526 688 Caecinae
567 644 865 691 denuntiabas‚
909 645 942 684 si
986 643 1163 683 Caecina
1198 655 1283 682 non
1316 639 1584 695 possidebat?
1644 641 1737 692 Ipse
1767 652 1892 691 porro

140 713 315 754 Caecina
344 723 418 750 cur
445 721 489 748 se
519 708 706 747 moribus
737 707 886 747 deduci
919 706 1102 752 volebat,
1142 704 1268 757 idque
1300 703 1374 743 tibi
1406 702 1457 743 de
1487 702 1716 742 amicorum
1758 699 1811 755 [ἦ-
1843 702 1893 740 de

137 776 202 816 his
232 774 283 813 de
311 765 498 825 Aquilii]
526 769 732 809 sententia
762 768 1036 821 responderat
1074 764 1119 819 Η-
1149 771 1190 805 et
1219 761 1446 819 aequum]?

249 832 442 875 XXXIII.
472 831 524 870 At
554 831 662 870 enim
696 831 811 870 Sulla
840 831 975 883 legem
1006 829 1111 869 tulit.
1157 828 1208 868 Ut
1237 828 1344 868 nihil
1375 828 1425 867 de
1456 827 1526 867 illo
1558 833 1758 880 tempore,
1788 825 1894 866 nihil

138 899 189 939 de
220 895 453 938 calamitate
482 893 544 933 rei
575 893 767 946 publicae
801 905 960 946 querar,
990 891 1070 931 hoc
1101 891 1176 931 tibi
1206 890 1458 944 respondeO,
1489 889 1761 943 adscripsisse
1794 898 1945 929 eun-io

138 961 231 1000 dem
271 957 427 998 Sullam
464 955 508 994 in
550 955 695 995 eadem
734 956 846 1007 lege,
892 969 927 995 Sl
959 966 1059 1001 Qvin
1091 967 1152 993 ivs
1183 964 1266 993 Nox
1295 965 1419 993 ESSET
1449 964 1679 1000 ROGARIER,
1721 966 1812 993 Eivs
1843 966 1896 992 ΕΑ

139 1034 246 1062 LEGE
276 1031 454 1060 Ninlnvsl
484 1031 694 1058 ROGATVM.
754 1018 866 1065 Quid
897 1023 959 1058 est
990 1016 1102 1070 quod
1124 1016 1189 1055 ius
1211 1029 1294 1054 non
1314 1016 1379 1063 sit,
1411 1014 1525 1068 quod
1546 1015 1728 1068 populus
1750 1015 1896 1054 iubere

139 1088 210 1124 aut
247 1087 388 1123 vetare
418 1094 504 1121 non
534 1082 694 1134 possit?
754 1081 804 1120 [t
835 1094 886 1120 ne
927 1080 1093 1132 longius
1129 1078 1293 1124 abeam,
1334 1077 1516 1117 declarat
1554 1077 1634 1116 ista
1671 1076 1896 1129 adscriptio

139 1158 228 1185 esse
258 1143 430 1197 aliquid.
479 1144 581 1182 Nam
611 1143 693 1182 nisi
723 1148 846 1189 esset,
876 1142 957 1182 hoc
988 1142 1031 1180 in
1062 1139 1255 1180 omnibus
1286 1139 1446 1191 legibus
1475 1152 1560 1178 non
1581 1138 1896 1178 adscriberetur.

138 1206 205 1247 96.
245 1207 327 1247 Sed
359 1219 516 1259 quaero
548 1206 599 1245 de
630 1210 692 1253 te,
731 1210 930 1257 putesne,
970 1203 1004 1243 si
1034 1202 1217 1256 populus
1256 1200 1425 1240 iusserit
1454 1214 1520 1240 me
1552 1206 1668 1240 tuum
1698 1206 1769 1240 aut
1796 1200 1948 1240 itemst>

138 1276 179 1310 te
209 1282 347 1309 meum
377 1281 542 1308 servum
574 1281 680 1315 esse,
709 1267 752 1307 id
782 1267 940 1307 iussum
969 1270 1106 1305 ratum
1136 1269 1208 1304 aut
1236 1262 1401 1302 firmum
1430 1262 1644 1302 futurum?
1690 1262 1898 1316 Perspicis

138 1332 220 1372 hoc
249 1331 354 1371 nihil
385 1343 475 1371 esse
511 1335 552 1370 et
580 1330 747 1370 fateris:
793 1342 878 1383 qua
907 1329 950 1367 in
979 1341 1024 1367 re
1054 1328 1233 1381 primum
1264 1324 1366 1364 illud
1396 1324 1611 1372 concedis,
1651 1338 1738 1364 non
1776 1323 1899 1378 quid-

140 1394 241 1448 quid
270 1393 451 1447 populus
481 1392 676 1440 iusserit,
708 1397 843 1432 ratum
874 1403 965 1431 esse
996 1395 1210 1443 oportere;
1241 1387 1392 1427 deinde
1423 1386 1529 1426 nihil
1558 1386 1732 1427 rationis
1761 1388 1898 1434 affers,

141 1469 264 1510 quam
295 1455 347 1495 ob
378 1468 478 1502 rem,
510 1454 545 1494 si
575 1455 746 1494 libertas
775 1453 903 1494 adimi
932 1452 1049 1492 nullo
1080 1450 1207 1491 modo
1238 1450 1394 1503 possit,
1423 1449 1569 1490 civitas
1598 1449 1744 1502 possit.
1794 1451 1898 1489 Nam

141 1522 183 1557 et
212 1515 360 1557 eodem
389 1517 515 1557 modo
545 1516 596 1556 de
627 1522 805 1570 utraque
835 1529 879 1555 re
917 1514 1115 1555 traditum
1153 1513 1274 1553 nobis
1312 1518 1375 1553 est
1413 1517 1473 1560 et,
1513 1512 1549 1552 si
1587 1511 1718 1551 semel
1753 1512 1899 1552 civitas
1912 1521 1949 1552 20

141 1579 267 1619 adimi
296 1583 456 1631 potest,
491 1579 659 1619 retineri
688 1579 858 1618 libertas
886 1591 973 1617 non
1002 1580 1154 1630 potest.
1214 1574 1298 1623 Qui
1329 1574 1440 1615 enim
1470 1579 1610 1627 potest
1638 1573 1728 1614 iure
1760 1574 1901 1622 Quiri-

142 1642 245 1684 tium
274 1641 381 1681 liber
410 1655 502 1682 esse
532 1642 591 1688 is,
634 1641 706 1695 qui
736 1641 779 1680 in
818 1653 990 1680 numero
1029 1637 1254 1686 Quiritium
1283 1650 1368 1676 non
1400 1638 1490 1677 est?
1549 1635 1615 1676 97.
1652 1637 1790 1690 Atque
1821 1650 1899 1690 ego

142 1703 249 1743 hanc
277 1703 617 1744 adolescentulus
648 1716 813 1743 causam
843 1717 937 1743 cum
968 1713 1132 1754 agerem
1163 1704 1307 1740 contra
1336 1699 1548 1740 hominem
1578 1699 1901 1739 disertissimum

143 1770 312 1807 nestrae
343 1766 536 1813 civitatis,
569 1766 611 1806 C.
636 1765 810 1813 Cottam,
840 1764 1026 1819 probavi.
1078 1763 1181 1804 Cum
1200 1762 1419 1802 Arretinae
1449 1761 1636 1802 mulieris
1666 1761 1900 1801 libertatem

234 1995 264 2026 4.
286 1994 476 2035 possedebat
500 1994 536 2025 E.
556 2011 591 2015 —
619 1995 649 2025 2.
678 1995 707 2024 in
735 2003 803 2025 om.
831 1995 854 2025 G
869 1994 932 2025 Ma
948 1993 969 2025 b
985 2002 1004 2034 p
1019 1991 1104 2034 qtss
1128 1994 1161 2024 et
1184 1994 1222 2024 Α.
1252 2010 1284 2015 -
1313 1991 1422 2023 eodem
1446 1990 1516 2022 iure
1539 1998 1609 2021 om.
1628 1989 1665 2022 T.
1686 2007 1722 2013 —
1749 1989 1780 2022 3.
1804 1987 1901 2030 venit]

146 2046 271 2076 ueniret
293 2046 328 2076 T.
357 2062 391 2066 -
426 2045 456 2075 5.
483 2053 543 2075 cur
565 2047 599 2075 tu
620 2043 733 2075 Aebuti
757 2045 780 2075 T
806 2045 839 2075 et
864 2043 1051 2075 Lambinus
1077 2044 1109 2074 in
1135 2051 1202 2083 mg.
1231 2040 1270 2075 Ξῖ
1302 2050 1362 2072 cur
1384 2040 1496 2072 Aebuti
1520 2040 1583 2071 ΒΑ
1599 2038 1707 2073 LQO.
1736 2058 1771 2062 —
1808 2039 1838 2070 7.
1866 2040 1903 2070 de

147 2095 194 2126 his
217 2095 255 2126 de
277 2094 381 2133 aquili
398 2094 446 2125 E:
474 2094 511 2125 cle
533 2093 581 2123 his
603 2093 641 2124 de
664 2093 778 2133 quibus
794 2094 839 2130 T;
867 2094 905 2125 de
927 2094 975 2124 his
999 2094 1055 2133 qui
1078 2102 1099 2124 a
1116 2091 1230 2132 quibus
1245 2092 1288 2127 G;
1316 2090 1353 2121 (le
1375 2090 1423 2120 his
1446 2089 1499 2130 (iis
1522 2087 1626 2129 akffi')
1651 2089 1707 2127 qui
1729 2089 1766 2120 de
1782 2087 1903 2128 Aquilii

148 2145 190 2181 1¹3
225 2144 318 2175 dictis
340 2144 395 2183 qui
419 2144 456 2174 de
477 2142 598 2182 Aquilii
622 2145 667 2177 A:
704 2143 801 2174 etiam
825 2144 863 2174 (Ie
886 2144 1048 2182 ipsiusque
1070 2142 1191 2182 Aquilii
1214 2140 1367 2177 Iuntin33
1405 2140 1505 2170 eliam
1528 2140 1566 2170 cle
1587 2139 1690 2178 ipsius
1713 2138 1746 2169 C.
1771 2138 1905 2177 Aquillii

148 2202 228 2225 Cum
251 2193 371 2225 Aldina
396 2194 419 2225 L
434 2192 453 2226 8
469 2193 505 2224 O.
540 2193 591 2232 (In
616 2192 636 2222 k
661 2195 739 2232 post
762 2202 793 2224 v.
820 2193 1004 2223 amicorum
1029 2193 1081 2223 est
1104 2192 1254 2233 spatium
1270 2198 1421 2221 vacuum
1438 2189 1592 2229 quinque
1617 2188 1756 2219 circiter
1777 2186 1904 2219 littera-

147 2252 226 2275 rum
250 2247 282 2275 ct
306 2244 339 2274 in
362 2243 517 2282 margine
535 2241 770 2282 adscriptum:
799 2242 931 2274 «Deest
956 2241 1129 2282 aliqui(l».)
1152 2259 1186 2264 —
1206 2241 1236 2272 8.
1253 2239 1467 2279 responderat
1491 2241 1520 2269 et
1536 2246 1677 2277 aequum
1692 2237 1739 2268 T:
1767 2245 1905 2277 respon-

147 2293 240 2324 derat
262 2297 388 2324 eiacum
411 2292 464 2331 (ex
488 2301 601 2323 aecum
613 2292 642 2332 i)
667 2292 712 2330 1⁴13
737 2293 949 2331 responderat
973 2295 1002 2323 ct
1025 2292 1068 2322 ad
1090 2300 1162 2322 cum
1187 2291 1212 2322 R
1238 2288 1311 2328 (nisi
1337 2288 1430 2330 quod
1453 2288 1689 2328 responderant
1704 2285 1812 2318 habet
1827 2286 1853 2325 β
1871 2288 1906 2319 et

148 2343 182 2374 in
206 2351 229 2383 q
251 2346 281 2374 ci
305 2343 515 2383 expunctum
541 2342 622 2381 est>;
659 2343 917 2382 responderant:
953 2344 981 2373 ei
1012 2342 1055 2372 ad
1078 2339 1180 2372 eum?
1203 2341 1249 2377 A}
1286 2339 1498 2379 responderat
1523 2336 1645 2369 deletis
1668 2336 1785 2369 verbis
1809 2341 1839 2368 et
1862 2337 1906 2368 ad

148 2401 220 2424 eum
252 2400 333 2424 cum
363 2392 497 2423 Iuntina
521 2390 630 2425 Lsso,
669 2392 767 2424 Cont'.
795 2392 825 2433 g.
852 2392 904 2423 20.
934 2409 969 2414 —-
1007 2391 1037 2423 9.
1064 2391 1157 2429 Sylla
1187 2388 1324 2423 EAL‘„z
1349 2390 1383 2421 et
1411 2389 1460 2420 sic
1484 2388 1650 2428 deinceps
1681 2386 1902 2428 plerumque.

151 2460 184 2464 —-
206 2442 255 2473 40.
276 2449 400 2481 querar
422 2449 503 2472 cum
525 2441 659 2472 Iuntina
683 2442 706 2472 L
721 2440 740 2475 Q
756 2442 803 2473 0:
828 2450 907 2473 rare
930 2441 955 2472 E
969 2441 1012 2478 T}
1039 2444 1177 2481 tanqam
1201 2449 1239 2478 e3
1266 2448 1345 2470 raro
1362 2440 1387 2470 R
1401 2440 1441 2470 Α.
1461 2455 1496 2459 -
1524 2446 1564 2468 ac
1586 2438 1750 2476 scripsisse
1772 2438 1797 2469 E
1812 2439 1848 2469 T.
1866 2456 1902 2460 —

150 2493 201 2524 Μ.
227 2492 337 2523 eadem
362 2491 429 2532 lege
451 2491 496 2522 T:
533 2492 668 2522 eandem
696 2491 796 2531 leqem
825 2490 1012 2524 RALssO.
1056 2489 1106 2521 Cf.
1131 2498 1164 2521 v.
1191 2488 1243 2521 44.
1281 2507 1314 2512 --
1347 2488 1464 2530 rogari
1494 2495 1575 2518 cum
1604 2487 1736 2518 Iuntina
1767 2487 1837 2522 Lss.
1865 2504 1900 2509 —

150 2542 202 2573 aa.
229 2542 311 2580 Ouid
334 2544 395 2579 est,
427 2541 512 2580 quod
533 2541 649 2581 rogari
671 2541 722 2572 ius
744 2551 808 2572 non
831 2540 900 2572 sic?
929 2541 1020 2580 quid,
1053 2540 1138 2579 quod
1157 2539 1298 2579 populus
1321 2539 1356 2570 L.
1384 2556 1419 2560 —
1447 2547 1509 2578 quo
1530 2536 1670 2576 populus
1694 2539 1718 2568 G
1731 2537 1753 2568 b
1768 2538 1903 2577 ekmp

151 2589 236 2630 ιαβ
260 2593 295 2622 et
316 2592 355 2622 A.
382 2607 418 2612 —
446 2590 497 2622 «13.
523 2591 712 2630 adscriptio]
737 2591 777 2622 ab
800 2591 920 2630 scripio
944 2591 1032 2627 EM;
1059 2589 1220 2629 abscripto
1243 2589 1266 2621 b
1291 2588 1452 2630 (p1·.1n.);
1479 2587 1643 2626 abscripla
1665 2586 1704 2624 k;
1731 2586 1906 2626 abscriptio

149 2649 191 2682 p;
217 2640 386 2680 descriptio
411 2639 464 2671 ab
491 2640 572 2680 (sec.
592 2641 651 2679 m.)
677 2649 712 2672 m
727 2639 813 2681 (μβ
837 2641 870 2671 ct
890 2642 928 2672 A.
957 2641 1016 2681 (De
1034 2639 1058 2670 T
1082 2637 1159 2670 silet
1182 2637 1401 2678 Harlessius.)
1427 2636 1633 2669 Emendaw‘t
1655 2635 1847 2675 Naugerius
1870 2635 1905 2665 in

150 2690 283 2722 Aldina.
310 2707 345 2712 —-
382 2689 434 2722 44.
460 2691 692 2722 asscriberetur
715 2692 750 2722 T.
779 2708 815 2714 —
854 2691 904 2722 125.
931 2697 1056 2728 quaero
1087 2689 1124 2720 de
1147 2691 1176 2719 te
1198 2697 1281 2720 nos:
1320 2696 1443 2727 quaero
1474 2690 1502 2718 te
1526 2684 1576 2723 ‘21;
1614 2693 1738 2723 quaero
1761 2694 1783 2716 a
1806 2688 1835 2716 te
1857 2684 1904 2722 A3

151 2749 275 2780 quaero
298 2739 355 2771 abs
377 2743 406 2771 te
430 2748 512 2772 cum
533 2740 654 2772 Aldina
677 2739 788 2774 Lsso.
817 2758 851 2762 —
887 2748 938 2771 me
967 2743 1059 2770 [uum
1093 2741 1151 2769 aut
1174 2738 1249 2770 ilem
1272 2736 1314 2780 te]
1339 2746 1388 2769 me
1410 2740 1465 2768 tuo
1489 2736 1610 2766 aunem
1634 2735 1672 2767 T.
1699 2753 1734 2757 —
1771 2734 1823 2766 46.
1849 2737 1908 2765 aut

148 2790 282 2831 firmum
304 2789 389 2821 ET:
416 2793 514 2829 atque
534 2791 667 2831 firmum
691 2791 715 2822 R
730 2792 756 2822 Α
770 2791 794 2821 L
810 2789 827 2823 <3
844 2790 881 2821 Ο.
911 2807 945 2811 -
974 2788 1025 2819 [Π.
1050 2790 1080 2818 et
1101 2787 1238 2827 faleris:
1263 2796 1329 2827 qua
1352 2787 1387 2817 in
1408 2795 1445 2817 re
1463 2785 1611 2825 primum
1627 2793 1713 2816 nos:
1740 2787 1769 2815 et
1791 2783 1908 2814 eateris

152 2849 218 2879 qua
242 2840 339 2879 (non,
365 2841 402 2870 ut
419 2838 525 2870 refert
540 2839 723 2878 lordanus,
751 2839 847 2880 quae)
872 2839 955 2869 inler
975 2837 1120 2876 primum
1137 2837 1178 2874 T;
1203 2839 1233 2867 et
1255 2845 1294 2867 ea
1314 2835 1431 2876 faleris
1451 2843 1535 2874 quae
1552 2834 1635 2865 inter
1649 2833 1797 2872 primum
1814 2841 1904 2864 corr.

153 2898 198 2930 q:
223 2893 252 2921 et
274 2898 313 2920 ea
337 2889 413 2920 teris
436 2888 545 2929 (terris
569 2889 604 2929 G)
630 2898 716 2929 quae
737 2890 822 2920 inter
841 2889 989 2928 primum
1012 2888 1054 2922 R;
1088 2889 1116 2917 et
1146 2895 1185 2917 ca
1215 2886 1292 2917 teris
1321 2894 1406 2924 quae
1434 2886 1530 2916 inter.
1565 2884 1712 2915 Primum
1735 2883 1778 2919 03
1815 2885 1851 2913 ut
1872 2882 1908 2912 in

153 2939 266 2970 ceteris
289 2948 372 2979 quae
395 2938 524 2979 rossaui.
551 2939 695 2970 Primum
717 2941 765 2977 Α;
790 2942 825 2970 ut
850 2939 881 2969 in.
906 2938 1034 2974 ceteris,
1061 2945 1146 2975 quae
1167 2936 1311 2976 royauit.
1335 2935 1481 2966 Primum
1505 2933 1582 2971 L&
1616 2936 1646 2964 ei
1672 2932 1796 2972 fateris.
1824 2931 1908 2970 Quid

153 2987 279 3028 igitur?
306 2988 451 3019 Primum
480 2986 624 3019 Orellius
653 2989 688 3020 in
718 2988 959 3023 adnotatione;
997 2989 1026 3018 cc
1056 2986 1171 3025 faleris
1193 2985 1373 3025 quaerenti.
1398 2984 1544 3014 Primum
1566 2983 1742 3022 Kayserus
1764 2980 1906 3013 Heideib.

154 3036 284 3068 Jahrbb.
310 3037 404 3069 4854.
430 3046 465 3078 p.
485 3037 559 3068 692.
587 3036 637 3069 Cf.
662 3047 696 3078 p.
722 3037 828 3070 Tullio
853 3038 884 3078 g.
911 3037 981 3068 3¹.:
1021 3037 1177 3075 Quaero
1201 3035 1273 3066 abs
1299 3037 1351 3065 te:
1376 3051 1428 3056 --
1451 3033 1530 3072 quid
1555 3031 1689 3063 haberes
1711 3031 1797 3070 quod
1819 3031 1908 3061 dice-

155 3084 234 3116 res?
266 3086 400 3126 Nih-il,
427 3087 554 3126 opinor.
590 3087 752 3119 Fateris
774 3088 859 3120 enim
882 3088 948 3118 cet.
978 3085 1283 3124 Quemadmodum
1300 3084 1333 3115 h.
1352 3083 1374 3115 l.
1391 3082 1500 3115 verba
1523 3083 1559 3114 in
1581 3091 1618 3114 re
1641 3081 1804 3121 corrupta
1827 3080 1910 3112 sunt

157 3135 191 3166 in
213 3136 314 3177 inter,
338 3137 388 3169 sie
411 3137 519 3177 Epist.
539 3135 583 3167 ad
598 3138 666 3168 Ait.
683 3137 738 3169 VI.
759 3139 789 3177 4,
808 3138 860 3169 23.
881 3136 965 3169 Cod.
984 3135 1161 3167 Mediceus
1186 3133 1328 3166 exhibet
1345 3136 1480 3173 praeter
1502 3140 1566 3173 pro
1585 3139 1671 3171 prae
1692 3138 1737 3161 re.
1759 3147 1794 3152 —
1820 3129 1910 3168 quic-

158 3184 236 3224 quid
258 3185 293 3217 T.
320 3203 355 3208 —-
380 3187 432 3218 ΞΟ.
459 3187 561 3217 adimi
584 3187 698 3218 civitas
720 3188 756 3219 T.
793 3188 921 3219 Deerat
944 3187 1032 3217 haec
1055 3184 1156 3217 lectio
1179 3185 1213 3215 in
1236 3183 1455 3217 Mommsenii
1478 3181 1630 3215 schedis.
1657 3196 1692 3200 —
1729 3178 1783 3209 24.
1804 3180 1910 3218 potest

162 3234 241 3265 ante
264 3242 298 3266 v.
313 3235 448 3267 retineri
470 3244 540 3267 om.
558 3236 594 3267 T.
613 3253 648 3257 —
675 3237 727 3268 ai.
751 3237 805 3268 22.
825 3237 989 3276 Quiritum
1003 3237 1028 3267 G
1041 3244 1060 3266 a
1074 3244 1092 3266 e
1105 3243 1127 3276 p
1141 3243 1163 3275 q
1176 3236 1189 3266 t
1203 3233 1266 3273 αβ
1290 3235 1324 3265 et
1345 3234 1373 3265 Α
1386 3232 1456 3266 Lss.
1475 3250 1510 3254 —
1537 3231 1590 3264 24.
1618 3230 1652 3262 C.
1671 3228 1798 3260 Cottam
1821 3236 1905 3260 nos:

159 3285 285 3314 coctam
306 3283 392 3323 TM;
427 3285 553 3318 Cottam
575 3286 676 3318 RAL
690 3285 762 3320 80.
798 3288 1017 3319 praenomen
1047 3295 1068 3318 a
1090 3294 1148 3318 me
1171 3284 1329 3317 additum
1352 3288 1655 3325 supervacaneum
1677 3287 1747 3310 non
1770 3285 1849 3311 esse
1872 3277 1907 3309 in

160 3330 281 3372 primis
302 3333 471 3368 Asconius
495 3335 600 3369 docet
621 3345 656 3378 p.
682 3336 723 3369 66
746 3345 799 3378 sq.
825 3336 882 3369 ed.
907 3337 1059 3369 nostrae.
