2143 3713
257 227 336 268 588
779 224 978 267 ORATIO
1009 225 1110 265 PRO
1142 225 1189 264 A.
1222 224 1487 266 CLUENTIO

255 341 504 381 laborabant.
566 337 657 378 455.
689 338 862 378 Habitus
893 352 944 377 ne
976 337 1055 377 hoe
1086 336 1255 390 quidem
1283 349 1483 390 umquam
1509 337 1732 384 recusavit,
1764 351 1846 390 quo
1867 340 2000 379 minus

253 402 319 442 vel
360 415 407 442 ea
444 402 535 455 lege
577 402 777 441 rationem
817 401 925 440 vitae
969 412 1068 439 suae
1099 398 1313 445 redderet,
1360 413 1441 452 qua
1472 412 1555 438 non
1588 403 1762 438 tenetur.
1823 398 1936 446 Quae
1966 400 2000 439 si

255 464 371 504 vobis
403 464 594 504 condicio
626 463 782 516 placet,
815 475 958 502 omnes
980 461 1022 500 id
1044 474 1233 513 agamus,
1264 467 1309 500 ut
1329 461 1430 500 haec
1452 474 1575 514 quam
1596 461 1773 513 primum
1795 460 1837 498 in
1861 473 2001 500 omnes

254 526 420 566 ordines
451 526 640 579 quaestio
670 524 913 578 perferatur.

222 595 241 623 5
366 588 488 627 LVII.
518 588 680 628 Interea
712 587 903 641 quidem,
945 599 1018 639 per
1048 584 1149 624 deos
1181 585 1456 625 immortales!
1501 585 1696 638 quoniam
1728 584 1864 622 omnia
1895 596 2003 622 com-

254 650 375 690 moda
405 656 563 697 nostra,
604 651 713 696 iura,
752 649 1007 693 libertatem,
1053 647 1227 687 salutem
1268 647 1447 700 denique
1479 647 1639 700 legibus
1681 646 1935 691 obtinemus,
1981 658 2004 685 a

254 712 413 765 legibus
443 726 527 751 non
558 712 823 751 recedamus:
855 710 977 750 simul
1009 715 1048 748 et
1080 708 1182 747 illud
1215 722 1337 762 quam
1367 710 1418 749 sit
1442 710 1631 763 iniquum
1654 708 1899 760 cogitemus,
1930 720 2005 760 po-

253 774 400 828 pulum
430 774 660 813 Romanum
692 772 806 812 aliud
838 786 947 811 nunc
977 784 1119 824 agere:
1151 770 1268 810 vobis
1298 785 1382 811 rem
1414 772 1618 825 publicam
1642 776 1682 809 et
1702 770 1889 809 fortunas
1910 782 2004 808 suas

255 835 535 876 commisisse:
568 837 702 888 ipsum
736 835 825 873 sine
848 847 943 873 cura
968 848 1081 876 esse:
1113 846 1195 871 non
1218 838 1422 880 metuere,
1455 848 1505 873 ne
1528 834 1618 885 lege
1641 846 1708 879 ca,
1741 845 1864 885 quam
1885 845 2004 871 num-

205 908 239 937 110
255 911 378 951 quam
409 898 497 950 ipse
528 897 711 943 iusserit,
752 902 791 936 ct
823 897 1092 949 quaestione,
1132 908 1214 948 qua
1245 909 1288 935 se
1319 896 1498 935 solutum
1530 896 1788 948 liberumque
1821 907 1911 934 esse
1941 907 2005 933 ar-

253 961 447 1005 bitretur,
486 972 561 1012 per
600 971 752 1012 paucos
794 959 952 998 iudices
994 958 1285 1011 adstringatur.
1345 955 1436 997 2156.
1468 959 1563 1012 Agit
1601 958 1707 997 enim
1751 957 1808 996 sic
1840 969 2004 996 causam

254 1024 298 1061 T.
320 1021 478 1068 Attius,
509 1021 750 1061 adolescens
779 1021 912 1060 bonus
940 1026 979 1060 et
1003 1021 1181 1060 disertus
1200 1034 1208 1058 :
1240 1034 1381 1061 omnes
1403 1021 1513 1061 cives
1536 1021 1697 1073 legibus
1719 1019 1851 1059 teneri
1873 1019 2004 1058 omni-

252 1085 356 1124 bus:
387 1097 460 1123 vos
490 1083 700 1123 attenditis
733 1088 773 1122 et
803 1083 953 1122 auditis
985 1082 1176 1129 silentio,
1208 1083 1311 1123 sicut
1341 1083 1476 1123 facere
1504 1082 1677 1122 debetis.
1720 1083 1766 1121 A.
1790 1082 2004 1121 Cluentius

253 1159 416 1185 causam
463 1145 564 1185 dicit
599 1158 726 1199 eques
767 1146 974 1185 Romanus
1016 1158 1064 1185 ea
1104 1145 1216 1197 lege,
1257 1159 1339 1199 qua
1370 1151 1583 1185 senatores
1615 1150 1655 1183 ct
1686 1145 1735 1190 ii,
1777 1146 1845 1197 qui
1879 1144 2005 1196 magi—

209 1218 239 1247 15
253 1213 424 1247 stratum
454 1208 710 1254 hahuerunt,
742 1208 820 1247 soli
853 1213 1070 1247 tenentur:
1104 1207 1203 1246 mihi
1235 1222 1310 1260 per
1338 1221 1431 1247 eum
1452 1221 1641 1247 recusari¹
1665 1207 1765 1246 etin
1789 1219 1881 1245 arce
1902 1205 2005 1258 legis

253 1270 461 1324 praesidia
497 1271 749 1310 constituere
788 1269 1045 1310 defensionis
1087 1283 1201 1309 nicae
1233 1284 1313 1310 non
1355 1271 1462 1310 licet.
1514 1271 1555 1309 Si
1588 1268 1811 1310 obtinuerit
1840 1280 2004 1306 causam

255 1332 490 1380 Cluentius,
522 1332 641 1372 sicuti
672 1338 807 1372 vestra
838 1333 1048 1385 aequitate
1080 1332 1167 1371 nixi
1199 1330 1468 1379 confidimus,
1510 1345 1653 1371 omnes
1691 1329 2006 1376 existimabunt,

255 1395 295 1434 id
329 1394 439 1448 quod
472 1395 569 1441 erit,
601 1394 831 1434 obtinuisse
863 1399 1032 1447 propter
1063 1395 1368 1441 innocentiam,
1400 1394 1597 1447 quoniam
1629 1394 1683 1432 ita
1705 1392 1899 1432 defensus
1931 1391 2006 1439 sit,

256 1458 296 1497 in
327 1457 418 1510 lege
450 1463 610 1503 autem,
643 1469 766 1510 quam
798 1457 998 1508 attingere
1028 1456 1230 1504 nolucrit,
1262 1456 1459 1509 praesidii
1490 1456 1593 1496 nihil
1623 1455 1765 1495 fuisse.
1816 1450 1909 1492 ¹157.
1931 1454 2007 1493 Hic

204 1531 240 1559 20
255 1533 363 1559 nunc
396 1524 458 1559 est
487 1519 709 1572 quiddam,
742 1519 855 1571 quod
887 1519 938 1558 ad
969 1533 1033 1558 me
1065 1520 1286 1572 pertineat,
1324 1519 1374 1557 de
1407 1531 1488 1571 quo
1520 1524 1614 1557 ante
1645 1518 1751 1563 dixi,
1784 1516 1898 1569 quod
1930 1528 2006 1568 ego

254 1580 410 1635 populo
442 1582 626 1621 Romano
656 1587 866 1634 praestare
900 1581 1094 1628 debeam,
1127 1582 1325 1633 quoniam
1357 1581 1391 1619 is
1423 1582 1531 1619 vitae
1562 1592 1676 1619 meae
1699 1584 1828 1618 status
1849 1584 1931 1625 est,
1962 1583 2008 1617 ut

255 1644 387 1684 omnis
419 1643 519 1682 mibi
553 1656 652 1682 cura
683 1649 723 1682 ct
754 1656 883 1696 opera
913 1644 1048 1697 posita
1091 1643 1144 1682 sit
1174 1643 1216 1681 in
1246 1643 1461 1682 hominum
1491 1642 1686 1694 periculis
1719 1640 2006 1680 defendendis.

255 1707 409 1753 Video,
443 1710 598 1760 quanta
629 1710 668 1745 et
698 1718 820 1759 quam
852 1705 1088 1758 periculosa
1119 1711 1159 1745 et
1190 1719 1314 1758 quani
1346 1704 1507 1743 infinita
1528 1704 1718 1756 quaestio
1748 1707 1928 1742 tentetur
1957 1702 2006 1741 ab

255 1769 585 1815 accusatoribus,
618 1782 712 1807 cum
744 1781 833 1808 eam
865 1768 1022 1821 legem,
1055 1781 1161 1821 quae
1192 1768 1234 1806 in
1265 1771 1453 1806 nostrum
1476 1766 1664 1805 ordinem
1688 1764 1841 1816 scripta
1862 1764 1933 1811 sit,
1964 1764 2005 1802 in

204 1832 451 1886 25populum
495 1832 723 1871 Romanum
763 1830 984 1870 transferre
1027 1834 1241 1869 conentur.
1300 1829 1391 1876 Qua
1426 1828 1467 1867 in
1508 1828 1599 1880 lege
1638 1832 1699 1866 est
1730 1840 1799 1873 QVI
1830 1839 2007 1873 commr,

255 1894 368 1948 quod
400 1906 526 1947 quam
557 1893 639 1932 late
666 1898 825 1946 pateat,
857 1892 1028 1932 videtis:
1062 1905 1338 1937 coxvmssnrm
1370 1904 1501 1944 aeque
1522 1891 1724 1929 incertum
1747 1895 1786 1929 et
1806 1887 2008 1929 infinitum

254 1963 337 1997 est:
372 1969 669 2003 CONSENSERI'r3
709 1956 789 1995 hoc
818 1968 916 1994 vero
948 1969 1041 1994 cum
1071 1954 1302 2001 infinitum,
1343 1959 1426 1993 tum
1459 1953 1679 1992 obscurum
1712 1957 1752 1991 et
1781 1951 2007 1992 oecultum:

256 2032 468 2061 FALSVMVE
500 2032 783 2059 TESTmovan
814 2031 1007 2065 D1XEn1T3
1041 2018 1134 2070 quis
1167 2017 1219 2056 de
1250 2017 1370 2069 plebe
1394 2016 1577 2055 Romana
1599 2014 1880 2054 testimonium
1905 2013 2011 2053 dixit

255 2095 474 2136 umquam,
507 2083 571 2120 cui
602 2095 684 2121 non
716 2082 794 2121 hoc
825 2080 1054 2134 periculum
1083 2080 1129 2117 T.
1151 2079 1263 2118 Attio
1295 2083 1460 2118 auctore
1482 2083 1669 2130 paratum
1694 2090 1784 2116 esse
1805 2075 2008 2115 videatis?

203 2156 240 2185 30
255 2147 356 2185 Nam
390 2144 596 2184 dicturum
629 2144 799 2197 quidem
831 2147 963 2189 certe,
995 2142 1029 2181 si
1060 2142 1139 2181 hoc
1164 2140 1365 2180 iudicium
1388 2140 1498 2193 plebi
1521 2140 1731 2178 Romanae
1752 2138 2009 2191 propositum

256 2208 332 2254 sit,
364 2206 573 2246 neminem
605 2218 799 2259 umquam
833 2219 923 2244 esse
955 2202 1169 2244 confirmo.
1226 2200 1318 2241 158.
1352 2201 1432 2241 Sed
1462 2201 1540 2240 hoc
1572 2201 1774 2254 polliceor
1803 2199 2008 2246 omnibus,

256 2270 289 2309 si
322 2269 388 2309 cui
418 2268 525 2308 forte
556 2268 634 2307 hac
665 2268 754 2320 lege
786 2267 997 2319 negotium
1027 2266 1276 2312 facessetur,
1317 2266 1387 2319 qui
1419 2265 1510 2317 lege
1542 2276 1625 2303 non
1656 2267 1868 2309 teneatur,
1909 2262 1943 2302 si
1974 2262 2009 2301 is

254 2332 315 2371 uti
346 2343 411 2370 me
443 2329 662 2369 defensore
693 2329 894 2375 voluerit,
935 2342 999 2368 me
1040 2329 1128 2367 eius
1160 2341 1325 2367 causam
1358 2327 1460 2378 legis
1502 2325 1710 2379 praesidio
1741 2323 2009 2364 defensurum

256 2399 296 2433 et
325 2393 390 2433 vel
431 2392 495 2432 his
536 2392 742 2431 iudicibus
774 2391 837 2431 vel
877 2391 1026 2431 horum
1067 2390 1271 2429 similibus
1300 2389 1495 2428 facillime
1526 2388 1797 2441 probaturum
1828 2392 1868 2426 ct
1898 2387 2009 2425 omni

205 2468 241 2497 35
256 2469 320 2494 me
353 2454 595 2494 defensione
628 2467 798 2493 usurum
831 2467 922 2492 esse
953 2453 1078 2505 legis,
1117 2466 1199 2505 qua
1229 2466 1339 2491 nunc
1369 2457 1415 2490 ut
1444 2456 1557 2498 utar,
1597 2450 1646 2489 ab
1678 2464 1748 2496 eo,
1789 2449 1907 2488 cuius
1937 2462 2009 2489 vo-

256 2517 402 2557 luntati
436 2517 536 2556 mihi
569 2515 937 2569 obtemperandum
969 2520 1053 2562 est,
1085 2528 1167 2553 non
1199 2514 1450 2553 conceditur.
1510 2512 1650 2552 LVIII.
1681 2514 1772 2551 Non
1803 2510 1912 2549 enim
1938 2510 2009 2550 de-

254 2580 332 2619 beo
365 2579 577 2625 dubitare,
617 2578 795 2624 iudices,
840 2577 962 2630 quin,
1003 2577 1037 2616 si
1069 2589 1149 2630 qua
1190 2576 1241 2615 ad
1272 2589 1346 2615 vos
1378 2588 1500 2614 causa
1532 2575 1620 2614 eius
1651 2573 1762 2613 modi
1793 2573 1929 2613 delata
1959 2574 2009 2612 sit

257 2642 368 2689 eius,
409 2642 480 2694 qui
511 2640 602 2693 lege
634 2653 718 2679 non
750 2644 961 2686 teneatur,
1004 2639 1126 2679 etiam
1158 2639 1192 2677 si
1228 2639 1262 2677 is
1294 2637 1524 2676 invidiosus
1556 2641 1628 2675 aut
1656 2635 1794 2675 multis
1825 2636 2007 2675 offensus

255 2716 345 2743 esse
375 2702 587 2749 videatur,
620 2702 743 2742 etiam
776 2701 810 2741 si
842 2715 936 2741 eum
959 2702 1149 2748 oderitis,
1181 2701 1301 2740 etiam
1335 2700 1368 2739 si
1400 2699 1519 2739 inviti
1551 2698 1781 2738 absoluturi
1812 2697 1918 2745 sitis,
1949 2701 2007 2736 ta-

339 2849 370 2880 ⁶2.
397 2848 446 2889 ea]
471 2857 514 2879 ea:
537 2848 605 2878 ST.
633 2864 666 2868 —-
695 2850 820 2878 tenetur
844 2847 919 2877 ST:
953 2850 1118 2878 teneretur
1142 2847 1162 2877 F
1176 2847 1208 2878 M
1220 2848 1247 2877 Α
1261 2845 1316 2877 LQ
1332 2846 1368 2877 Ο.
1391 2862 1425 2867 -
1457 2845 1486 2875 3.
1513 2845 1642 2885 aqimus
1665 2844 1697 2875 S.
1727 2860 1761 2864 —-
1790 2843 1819 2873 7.
1845 2842 2004 2881 iniquum]

255 2899 423 2939 indignum
447 2897 467 2932 9
482 2898 518 2929 Ο.
540 2915 573 2919 —
601 2898 631 2929 9.
650 2897 766 2937 ipsum]
785 2906 816 2928 sc
833 2897 872 2933 ὃς
900 2905 968 2927 om.
990 2897 1010 2927 F
1024 2897 1055 2927 M
1069 2898 1106 2927 A.
1128 2914 1161 2917 —
1188 2897 1238 2927 40.
1258 2895 1478 2926 arbitraretur
1494 2895 1515 2925 F
1528 2894 1560 2925 M
1573 2895 1611 2925 A.
1639 2892 1689 2924 Cf.
1708 2892 1738 2932 g.
1757 2892 1809 2923 25.
1831 2908 1865 2912 -
1893 2891 1944 2922 42.
1963 2891 2007 2921 ci-

253 2949 303 2979 uis
326 2950 358 2979 S.
387 2966 422 2969 —
450 2947 502 2979 it..
527 2956 663 2978 causam
687 2947 763 2977 <licie
787 2955 880 2986 eques
903 2946 1067 2977 Rmnanus
1090 2947 1168 2977 ST:
1195 2954 1242 2985 eq.
1263 2946 1298 2976 11³.
1324 2954 1350 2975 c.
1379 2945 1454 2975 clivi!
1479 2945 1501 2974 R
1516 2944 1579 2975 AL
1594 2942 1612 2975 *Β
1628 2944 1665 2974 Ο.
1686 2960 1719 2963 -
1747 2949 1811 2980 qua
1835 2941 1912 2971 ST:
1939 2949 2006 2980 qua

254 2999 321 3039 lesse
345 2999 366 3029 Γ
380 2998 452 3029 MA
468 2998 491 3028 L
506 2996 524 3030 Σ)
541 2997 576 3027 Ο.
600 3015 634 3019 -
662 2997 713 3027 16.
732 2997 844 3027 sioni.
865 2997 896 3026 S.
919 3013 952 3017 —
982 2996 1032 3027 47.
1058 2997 1103 3027 sic
1129 2999 1161 3026 ul
1178 2996 1209 3025 S.
1227 3012 1261 3016 ——
1289 3002 1396 3025 omnes
1413 3001 1482 3024 oni.
1502 2992 1536 3026 ss.
1558 3011 1592 3014 —
1619 2993 1671 3023 ⁵20.
1690 2992 1853 3030 quoddam
1876 2991 1946 3022 ST.
1968 3009 2001 3012 —-

254 3049 339 3086 quod
363 3048 441 3078 ante
466 3056 524 3087 eqo
548 3054 616 3076 oni.
637 3048 668 3077 S.
690 3063 726 3068 —
753 3046 805 3077 ⁶21.
824 3046 910 3076 vilae
933 3053 1023 3076 meae
1047 3046 1067 3075 S
1081 3046 1123 3076 T:
1150 3053 1240 3075 meae
1254 3044 1340 3074 vilae
1357 3043 1380 3073 R
1396 3044 1419 3073 Α
1437 3044 1457 3073 L
1473 3044 1490 3075 *ἐ
1507 3044 1542 3073 0.
1571 3041 1619 3073 Cf.
1639 3041 1682 3072 de
1700 3041 1782 3081 imp.
1803 3040 1864 3071 Cn.
1885 3041 2002 3080 Pomp.

255 3099 284 3135 ,ξ
307 3097 336 3126 ι1.
358 3114 390 3117 -
418 3096 470 3126 ⁶22.
496 3098 524 3126 et
548 3096 622 3125 ST:
650 3098 746 3133 alque
762 3096 786 3126 R
802 3098 825 3126 A
840 3096 863 3126 L
878 3094 899 3128 ἓ
915 3096 952 3125 O.
974 3113 1008 3116 —
1036 3095 1201 3126 hominum
1225 3095 1244 3123 S
1259 3094 1283 3123 T
1298 3093 1341 3123 L:
1366 3092 1510 3122 omnium
1534 3093 1557 3122 R
1572 3093 1596 3122 Α
1611 3090 1681 3124 (80.
1703 3108 1735 3111 -
1763 3089 1816 3121 ⁶23.
1835 3091 2006 3128 temptetur

257 3149 288 3176 S.
309 3164 343 3167 —-
363 3146 415 3177 ⁶26.
434 3146 593 3176 incertum
609 3148 637 3176 et
654 3146 815 3186 infinitum
831 3146 851 3175 S
864 3146 904 3176 T:
931 3145 1095 3185 infinitum
1111 3147 1139 3175 et
1163 3144 1320 3174 incertum
1340 3143 1393 3172 tm
1409 3141 1503 3174 Leo.
1522 3158 1555 3162 -—
1576 3140 1627 3171 ⁶27.
1648 3139 1808 3179 infinitum
1825 3139 2001 3169 STFMA:

257 3197 413 3226 incertum
435 3199 464 3227 et
486 3195 648 3235 infinitum
673 3197 695 3226 1,
708 3194 730 3228 ἓ
745 3196 781 3226 Ο.
804 3213 838 3216 —-
865 3195 1025 3225 occultum
1048 3195 1068 3223 S
1082 3195 1124 3224 T:
1152 3193 1312 3223 occullllm
1336 3194 1379 3221 es!
1398 3192 1417 3221 1³
1433 3192 1463 3222 M
1478 3193 1501 3221 Α
1516 3191 1539 3221 L
1554 3189 1574 3223 8
1589 3190 1624 3220 O.
1648 3206 1681 3210 —
1701 3188 1752 3219 ⁶28.
1772 3188 1867 3229 dmi]
1886 3187 2006 3218 ἀίων-ξι

257 3245 326 3275 ST.
348 3262 380 3265 —
408 3245 460 3276 31.
480 3245 542 3275 Sed.
564 3244 621 3275 hoc
638 3245 874 3284 -—sacesselz‹1·
899 3245 957 3283 (sio
983 3243 1060 3274 cod.
1082 3241 1222 3279 (larisam,
1250 3240 1434 3279 llalbcrst.y
1460 3240 1659 3278 Bainberg,
1685 3237 1755 3269 alii:
1782 3237 1883 3277 vulgo
1905 3237 2006 3277 faces-

256 3293 351 3331 situr)
377 3294 570 3325 Priscianus
598 3294 676 3324 Vlll.
704 3294 741 3329 3.
770 3294 820 3324 Μ.
844 3311 877 3314 »-
904 3294 955 3324 32.
973 3293 1142 3332 facesseret
1163 3292 1195 3321 S.
1216 3307 1250 3311 —
1278 3289 1329 3321 3'1-.
1348 3290 1463 3320 horum
1482 3291 1502 3320 S
1516 3290 1539 3320 T
1555 3290 1575 3320 F
1589 3290 1637 3320 M:
1662 3296 1774 3319 eorum
1798 3289 1823 3318 A
1838 3288 1861 3318 L
1875 3286 1895 3320 ΣΞ
1910 3286 1946 3315 0.
1968 3302 2001 3306 —

256 3343 426 3374 simillimis
443 3344 463 3374 F
474 3344 504 3374 M
515 3345 553 3375 Λ.
577 3361 610 3365 -
635 3343 789 3383 facillime
812 3343 911 3374 STM:
937 3342 1033 3382 facile
1057 3340 1197 3374 FALQO.
1216 3358 1248 3361 —
1277 3340 1328 3371 37.
1348 3340 1516 3372 eiusmodi
1531 3339 1630 3371 STM:
1656 3336 1838 3369 huiusmodi
1861 3332 2001 3368 FALssO.
