2143 3713
692 248 786 287 Cn».
818 247 995 287 v-vl,
1034 245 1107 299 §§.
1138 242 1304 284 9-11,
1793 243 1873 283 707

130 359 260 406 diam,
290 360 513 412 quaesitori
546 358 886 411 gratulationem,
928 359 1050 398 indici
1082 357 1307 411 praemium
1341 356 1536 404 decrerit,
1578 356 1677 409 quid
1710 356 1760 396 de
1791 362 1874 396 tota

133 435 174 460 re
218 427 258 460 et
296 434 418 460 causa
458 419 658 460 iudicarit.
709 422 759 459 At
800 435 895 459 vero
937 422 979 460 C.
1012 420 1163 459 Caesar
1202 419 1395 471 intelligit
1425 419 1557 471 legem
1590 420 1875 472 Semproniam

132 496 222 522 esse
253 483 303 521 de
335 483 492 522 civibus
523 483 716 522 Romanis
747 484 1034 529 constitutam,
1071 482 1142 535 qui
1173 486 1309 520 autem
1343 482 1399 519 rei
1431 481 1619 533 publicae
1650 481 1701 520 sit
1731 480 1877 526 hostis,

132 558 224 583 eum
256 544 385 584 civem
418 544 530 583 nullo
562 544 686 582 modo
719 558 808 584 esse
841 558 983 597 posse3
1021 544 1202 596 denique
1233 543 1368 594 ipsum
1401 542 1573 582 latorem
1606 543 1877 595 Semproniae

132 606 233 658 legis
264 606 377 646 iussu
418 605 561 658 populi
605 618 758 658 poenas
791 607 847 645 rei
881 606 1069 659 publicae
1099 604 1362 657 dependisse.
1422 604 1533 644 Idem
1564 605 1697 658 ipsum
1729 605 1910 644 Lentu-5

133 667 215 706 lum
247 667 481 720 largitorem
510 671 550 706 et
570 667 786 719 prodigum
819 682 901 707 non
934 673 1067 720 putat,
1100 680 1191 705 cum
1223 666 1273 705 de
1304 666 1487 719 pernicie
1519 667 1661 719 populi
1693 666 1879 710 Romani,

131 729 258 768 exitio
288 729 411 769 huius
440 728 553 767 urbis
585 734 666 768 tam
697 730 864 776 acerbe,
911 735 990 769 tam
1023 728 1246 768 crudeliter
1275 729 1486 780 cogitarit,
1528 729 1649 767 etiam
1682 727 1879 781 appellari

132 804 251 842 posse
281 790 538 844 popularem.
599 791 740 843 Itaque
769 791 894 830 homo
926 791 1164 831 mitissimus
1194 795 1319 843 atque
1351 789 1589 830 lenissimus
1618 803 1701 830 non
1725 790 1882 829 dubitat

132 853 172 891 P.
195 853 415 892 Lentulum
447 853 624 891 aeternis
656 853 836 892 tenebris
866 853 1127 906 vinculisque
1160 852 1356 891 mandare
1377 857 1418 891 et
1440 852 1573 891 sancit
1594 852 1636 891 in
1657 857 1881 904 posterum,

132 927 183 953 ne
224 914 318 968 quis
356 914 478 954 huius
520 914 725 967 supplicio
758 914 934 954 levando
965 928 1008 954 se
1041 917 1192 954 iactare
1224 920 1265 954 et
1294 914 1335 953 in
1370 914 1597 967 perniciem
1628 914 1770 967 populi
1803 915 1930 952 lio-¹0

132 977 242 1016 mani
283 976 455 1028 posthae
493 976 704 1029 popularis
738 990 827 1016 esse
869 977 1015 1030 possit.
1073 976 1274 1029 Adiungit
1304 976 1426 1016 etiam
1457 975 1781 1029 publicationem
1811 975 1882 1014 bo-

132 1051 300 1084 norum,
331 1043 377 1077 ut
406 1051 549 1077 omnes
580 1038 705 1078 animi
737 1039 943 1079 cruciatus
975 1045 1016 1078 et
1046 1038 1232 1091 corporis
1263 1039 1387 1078 etiam
1419 1043 1582 1090 egestas
1613 1050 1659 1077 ae
1686 1037 1884 1077 mendici-

133 1106 193 1140 tas
224 1105 516 1152 consequatur.

243 1163 310 1202 vl.
343 1159 408 1201 ΙΙΙ.
440 1162 573 1210 Quam
606 1162 657 1202 ol)
698 1177 783 1202 rem
816 1163 901 1202 sive
934 1163 1010 1202 hoc
1044 1162 1289 1209 statueritis,
1330 1161 1529 1201 dederitis
1561 1161 1659 1202 mihi
1691 1163 1882 1202 comitem

132 1223 183 1263 ad
226 1225 462 1264 contionem
507 1225 659 1277 populo
700 1238 838 1265 carum
879 1231 1004 1277 atque
1046 1224 1293 1270 iucundum,
1338 1224 1424 1263 sive
1465 1224 1595 1264 Silani
1635 1226 1934 1265 sententiamss

133 1287 251 1340 sequi
282 1286 529 1333 malueritis,
573 1285 694 1326 facile
727 1301 791 1327 me
822 1292 946 1340 atque
978 1300 1050 1326 vos
1082 1285 1338 1326 crudelitatis
1369 1287 1672 1340 vituperatione
1703 1286 1884 1340 populus

133 1350 340 1388 Romanus
371 1348 581 1395 exsolvet,
625 1355 749 1401 atque
783 1348 979 1388 obtinebo
1012 1361 1101 1387 eam
1134 1347 1262 1387 multo
1294 1348 1495 1388 leniorem
1529 1348 1671 1388 fuisse.
1731 1348 1885 1396 Quam-

133 1422 279 1463 quam,
318 1415 456 1462 patres
495 1411 738 1463 conscripti,
779 1423 884 1463 quae
924 1415 1063 1463 potest
1104 1423 1193 1449 esse
1227 1409 1269 1448 in
1301 1409 1404 1449 tanti
1434 1409 1601 1450 sceleris
1632 1410 1884 1450 immanitate

132 1471 343 1524 punienda
364 1471 616 1512 crudelitas?
649 1486 725 1523 ego
758 1473 868 1512 enim
900 1473 949 1512 de
981 1485 1072 1512 meo
1104 1484 1228 1511 sensu
1258 1471 1410 1511 iudico.
1452 1473 1555 1512 Nam
1575 1473 1632 1512 ita
1652 1472 1753 1511 mihi
1773 1471 1885 1512 salva

132 1547 175 1572 re
204 1533 373 1587 publiea
401 1533 614 1573 vobiscum
644 1534 803 1587 perfrui
834 1535 977 1581 liceat,
1007 1539 1053 1574 ut
1084 1547 1181 1586 ego,
1213 1533 1325 1586 quod
1355 1534 1397 1573 in
1420 1533 1497 1574 hac
1519 1546 1643 1574 causa
1663 1534 1885 1574 vehemen-
1898 1543 1934 1570 90

133 1594 214 1634 tior
243 1608 357 1642 sum,
389 1608 473 1635 non
504 1596 719 1635 atrocitate
751 1596 877 1635 animi
909 1609 1080 1636 moveor
1109 1618 1163 1625 —
1193 1596 1286 1649 quis
1319 1600 1382 1636 est
1412 1596 1521 1636 enim
1552 1609 1617 1636 me
1646 1596 1810 1636 mitior?
1831 1618 1885 1625 —-

222 1769 250 1798 1.
278 1767 455 1807 quaesitori
487 1766 561 1797 dlu
595 1776 633 1798 ex
668 1767 754 1799 meis
779 1770 813 1799 et
838 1777 855 1799 e
881 1777 956 1809 sup.
983 1767 1057 1799 lius
1088 1769 1148 1807 qui
1176 1769 1252 1799 mihi
1283 1769 1373 1800 tullio
1398 1778 1415 1800 e
1441 1777 1488 1800 ln.
1515 1778 1586 1810 pr.:
1621 1770 1787 1809 quaestori
1810 1768 1884 1801 rell.

135 1818 222 1855 mei,
249 1818 349 1857 Lagg.
376 1817 427 1847 kz
451 1818 487 1847 et.
517 1817 550 1847 13
575 1815 641 1847 alii.
667 1836 710 1839 ——
732 1820 760 1848 et
787 1818 883 1848 indici
908 1819 943 1849 B.
972 1836 1005 1839 —
1033 1819 1171 1849 decrerit
1193 1828 1210 1848 a
1237 1820 1268 1850 et
1295 1819 1405 1850 codex
1429 1819 1569 1850 Lamb.:
1608 1820 1746 1851 decrerit
1771 1820 1883 1851 BLO.

142 1886 174 1889 -
201 1867 289 1907 quid]
315 1867 400 1906 quod
423 1866 481 1896 Va
506 1867 563 1905 Lg.
586 1866 635 1897 ³20.
657 1866 712 1897 2¹:
741 1868 816 1906 quin
842 1876 860 1897 e
885 1869 916 1898 et
942 1868 998 1908 [ς.
1026 1869 1083 1899 50:
1111 1868 1165 1908 qui
1189 1868 1225 1899 B.
1248 1868 1287 1889 —'
1308 1869 1338 1899 ⁵2.
1364 1868 1557 1900 iudicaverit
1581 1870 1605 1901 C
1621 1869 1718 1908 drz,
1745 1870 1802 1909 Lg.
1823 1868 1882 1901 46:

135 1916 293 1947 iudicaret
317 1924 335 1946 c
359 1917 393 1946 et
417 1915 473 1953 Lg.
501 1915 552 1945 65.
586 1931 619 1936 —-
658 1916 691 1946 (ζ’.
719 1924 787 1947 om.
820 1915 933 1948 schol.
960 1917 1080 1948 Ambr.
1118 1934 1151 1940 -
1189 1918 1404 1957 simpronn‘am
1431 1917 1505 1950 bis
1537 1918 1602 1958 (sic
1630 1918 1713 1950 infra
1745 1927 1884 1959 quoque

137 1965 239 1996 iidem
265 1967 299 1996 et
322 1966 358 2002 1).
387 1982 421 1986 -
449 1964 478 1994 3.
506 1973 570 1995 csse
593 1964 715 1996 civibus
738 1966 792 1996 ed.
820 1968 942 1997 Graev.
971 1969 1089 1998 eontra
1115 1967 1216 1999 eodd.
1239 1986 1274 1989 —
1300 1968 1340 1998 sit
1363 1968 1410 1998 rei
1431 1977 1464 2007 p.
1484 1966 1549 1999 dl:
1576 1969 1609 1998 in
1634 1977 1701 2000 rem
1719 1978 1754 2008 p.
1782 1970 1821 2000 sit
1844 1969 1883 2000 V.

137 2031 173 2036 —
198 2014 229 2046 li.
256 2015 344 2045 nullo
366 2023 410 2045 m.
436 2022 500 2044 esse
519 2022 612 2052 posse
636 2013 656 2044 1)
673 2013 860 2054 cdlqsz:
887 2024 951 2046 csse
975 2024 1043 2047 om.
1070 2024 1110 2047 u:
1138 2025 1202 2048 esse
1225 2017 1313 2048 nullo
1336 2026 1378 2047 m.
1402 2026 1494 2056 posse
1517 2018 1585 2049 mei
1611 2016 1682 2049 rell.
1710 2020 1743 2049 et
1767 2019 1884 2058 Lagg..

135 2065 171 2094 ut
193 2062 346 2100 videtur,
372 2064 447 2094 LO.
477 2080 507 2083 —-
538 2063 699 2094 latronem
722 2063 786 2095 bs.
817 2081 850 2086 ——
877 2064 955 2105 legis
978 2067 1104 2104 sempr.
1131 2066 1313 2105 Vghux,
1340 2067 1397 2106 Lg.
1418 2067 1541 2099 2021.
1566 2067 1618 2099 46.
1644 2068 1697 2099 50.
1723 2068 1782 2106 57,
1810 2068 1884 2100 LO.

137 2130 172 2134 —
199 2114 229 2145 5.
255 2113 354 2154 iussu]
378 2113 504 2144 iniussu
527 2114 614 2143 coni.
641 2113 832 2145 Bucherius
857 2115 889 2144 et
907 2114 986 2145 Ern.
1007 2115 1216 2155 retinuitque
1234 2115 1424 2155 Madvigius
1442 2116 1545 2148 etiam
1562 2117 1594 2148 in
1612 2116 1693 2148 edit.
1711 2118 1764 2149 111.
1784 2120 1884 2149 oratt..

135 2164 207 2196 sell.
236 2164 406 2205 (Hauniae
432 2162 559 2201 4848.);
596 2164 630 2194 at
656 2172 687 2193 v.
714 2164 903 2194 Drumanni
928 2163 1007 2194 IIist.
1036 2165 1126 2196 Rom.
1153 2165 1192 2195 V.
1219 2174 1252 2206 p.
1279 2165 1353 2196 521.
1381 2167 1451 2196 not.
1490 2183 1524 2187 -
1558 2167 1672 2206 populi
1701 2169 1735 2198 et
1759 2167 1885 2199 deinde

131 2214 281 2253 publicae
304 2221 373 2244 om.
400 2212 434 2243 1).
471 2231 504 2234 -
528 2213 712 2251 pependisse
735 2213 792 2253 Lg.
819 2213 849 2244 9.
886 2229 919 2234 -
948 2213 1140 2254 lar-(silerem
1163 2214 1331 2246 Lentulum
1358 2213 1410 2253 lt,
1438 2215 1515 2246 cod.
1542 2217 1661 2253 Pare.;
1688 2217 1793 2256 ipsum
1816 2217 1887 2248 lar-

133 2265 271 2303 ,qitorem
294 2266 323 2294 et
341 2261 517 2302 prozimum
540 2261 710 2292 Lentulum
734 2262 775 2297 L;
802 2262 908 2301 ipsum
931 2263 1102 2294 Lentulum
1125 2264 1355 2295 Mommsenio
1381 2263 1494 2303 glossa
1518 2264 1665 2296 videtur.
1693 2283 1727 2287 —
1755 2266 1786 2297 6.
1809 2276 1885 2306 pop.

136 2314 185 2355 R.]
208 2314 257 2345 rei
276 2322 309 2353 p.
327 2311 425 2343 Vlm
440 2314 466 2349 t,
493 2312 511 2341 5
530 2309 584 2342 alii
601 2312 716 2351 Lagg„
743 2311 777 2342 L.
800 2329 835 2333 -
862 2312 891 2343 7.
920 2316 948 2343 ct
971 2313 1071 2344 eaeitio
1095 2314 1118 2344 B
1133 2313 1170 2349 d,
1199 2314 1217 2345 6
1234 2314 1335 2354 Lagg.
1356 2314 1456 2353 dett.,
1482 2316 1505 2346 L
1520 2316 1556 2347 Ο.
1578 2333 1612 2337 —-
1639 2315 1729 2347 urbis
1742 2317 1837 2348 huius
1852 2316 1885 2347 d.

138 2381 172 2386 —-
198 2366 266 2395 tam
289 2361 403 2394 acerbe
426 2364 494 2392 tam
516 2360 637 2392 erudel.
664 2360 718 2391 ab
733 2370 750 2392 c
765 2360 786 2391 d
801 2370 818 2392 e
834 2362 841 2392 i
855 2360 864 2392 l
878 2370 912 2392 m
926 2370 947 2402 q
962 2371 1007 2393 rs
1022 2372 1043 2394 u
1069 2364 1126 2403 Lg.
1147 2364 1198 2394 16.
1218 2363 1270 2395 43.
1288 2364 1347 2395 53:
1375 2367 1443 2395 tam
1465 2365 1579 2397 acerbe
1602 2375 1701 2405 quam
1717 2366 1838 2397 crudel.
1857 2368 1884 2397 t:

134 2415 202 2443 tam
224 2411 346 2443 cructet.
372 2420 472 2450 quam
494 2410 608 2441 acerbe
632 2410 655 2442 C
682 2412 714 2441 et
739 2411 795 2450 Lg.
817 2410 876 2448 463
903 2414 971 2442 tam
994 2412 1107 2443 acerbe
1130 2416 1262 2451 tamque
1284 2413 1406 2444 crudel.
1433 2414 1458 2445 R
1472 2414 1496 2445 L
1510 2414 1546 2445 O.
1570 2433 1604 2436 —
1629 2415 1822 2455 cogitaverit
1845 2415 1885 2445 d:

134 2462 293 2502 cogitaret
315 2461 370 2499 ir3
402 2461 547 2501 cogitare
570 2460 591 2491 b
606 2470 636 2501 g.
665 2478 698 2482 —
730 2462 828 2492 etiam
851 2461 1013 2500 appellari
1037 2470 1160 2493 omnes
1183 2464 1324 2502 praeter
1347 2462 1368 2493 k
1393 2464 1427 2494 et
1449 2463 1506 2502 Lg.
1533 2462 1585 2495 46.
1611 2464 1669 2502 53,
1709 2466 1767 2506 qui
1789 2467 1886 2497 etiam

136 2520 205 2544 om.
233 2520 313 2544 cum
336 2510 416 2548 LO,
443 2512 477 2542 et
502 2510 576 2551 gh,
604 2511 661 2550 qui
685 2511 785 2541 etiam
808 2512 887 2552 post
906 2519 999 2550 posse
1020 2510 1151 2542 hahent
1175 2514 1301 2551 (nonne
1327 2513 1376 2544 sic
1400 2512 1483 2544 item
1506 2513 1527 2543 k
1546 2515 1578 2544 et
1602 2513 1690 2554 [ιδ-ἲ).
1713 2533 1747 2537 -
1774 2516 1804 2547 8.
1824 2526 1886 2546 non

132 2570 225 2601 posse
246 2561 269 2593 b
283 2570 312 2593 s.
333 2578 368 2582 —
395 2560 500 2591 leniss.
519 2563 617 2599 atque
631 2561 743 2591 mitiss.
764 2561 783 2591 i.
806 2578 841 2582 —
867 2560 898 2592 9.
924 2563 952 2592 et
974 2561 1112 2591 vinculis
1136 2562 1159 2592 C
1173 2570 1195 2593 u
1221 2563 1278 2603 Lg.
1298 2561 1351 2594 46.
1372 2581 1407 2584 —
1433 2563 1556 2593 sanccit
1573 2564 1650 2594 eit.
1671 2581 1705 2586 —-
1727 2565 1777 2596 10.
1795 2565 1890 2596 huius

137 2620 207 2643 om.
233 2620 281 2644 m.
309 2628 345 2634 -
370 2609 564 2650 supplicium
588 2609 621 2640 d.
650 2627 684 2631 —
711 2609 846 2641 levando
870 2619 891 2640 a
914 2619 946 2641 se
970 2609 1117 2642 abils:
1145 2612 1203 2643 lev.
1230 2621 1251 2642 a
1274 2615 1389 2643 senatu
1413 2612 1453 2650 ἀς
1479 2612 1650 2643 inlevando
1672 2621 1704 2644 se
1728 2613 1751 2644 B
1767 2623 1784 2644 e
1799 2623 1831 2654 q.
1850 2632 1883 2635 —

136 2661 170 2691 in
189 2661 366 2700 perniciem
389 2659 473 2691 Cdi
498 2659 556 2699 Lg.
583 2659 613 2690 9.
641 2658 692 2690 13.
719 2658 781 2691 46ῑ
809 2659 841 2689 in
861 2660 1006 2699 pernicie
1030 2661 1106 2692 Ro.
1134 2679 1168 2683 —
1193 2661 1242 2692 rei
1271 2670 1304 2700 p.
1330 2660 1436 2698 th,
1464 2662 1521 2702 Lg.
1549 2661 1600 2692 16.
1626 2661 1678 2692 ⁶20.
1705 2662 1763 2700 21,
1789 2664 1831 2694 L:
1859 2672 1887 2693 r.

133 2718 168 2749 p.
183 2718 212 2741 r.
231 2726 267 2732 —
291 2711 344 2741 11.
365 2718 445 2749 pop.
459 2709 595 2749 posthac
611 2708 644 2739 d.
665 2726 698 2730 —<
723 2708 977 2748 puplicationem
1001 2718 1032 2749 g.
1054 2727 1088 2732 -
1116 2710 1167 2740 12.
1186 2710 1300 2751 animi]
1324 2713 1360 2741 ut
1383 2711 1486 2741 animi
1509 2709 1544 2741 b.
1566 2710 1653 2749 (tort.
1674 2719 1716 2742 ex
1732 2715 1760 2743 et
1777 2712 1889 2750 animi)

140 2775 174 2780 -
198 2759 366 2790 mamintus
387 2759 491 2790 animi
514 2768 543 2789 z.
572 2775 607 2779 —
634 2761 663 2789 et
686 2766 754 2788 om.
781 2767 816 2789 u.
852 2776 886 2779 —-
923 2758 1033 2799 etiam]
1057 2762 1149 2789 tuam
1173 2762 1196 2791 t.
1234 2778 1268 2782 —
1300 2766 1399 2799 atque
1420 2761 1458 2792 B.
1487 2778 1523 2783 ——
1550 2759 1601 2791 13.
1627 2764 1784 2800 sequatur
1806 2761 1834 2791 Y
1859 2763 1891 2792 et

136 2807 156 2839 4
181 2806 236 2839 alii
259 2808 362 2848 Lagg.
391 2826 426 2830 —
460 2807 511 2840 114.
536 2810 612 2839 stat.
637 2807 695 2838 hoc
719 2806 752 2838 d.
782 2825 816 2829 -—
850 2808 996 2839 comitem
1019 2816 1088 2839 om.
1114 2817 1148 2839 u.
1177 2826 1211 2830 —
1248 2809 1298 2840 15.
1325 2810 1505 2840 contionem
1526 2808 1607 2840 be:
1638 2811 1851 2841 conditionem
1876 2819 1892 2840 s

137 2859 172 2889 et
195 2866 275 2890 corr
298 2866 334 2896 e;
359 2858 593 2889 contentionem
615 2859 646 2894 ῖς
678 2858 861 2889 concionem
886 2857 960 2889 LO.
996 2875 1030 2879 —
1059 2857 1192 2899 populo]
1219 2857 1352 2889 addunt
1375 2859 1411 2889 R.
1437 2857 1492 2889 vel
1515 2859 1662 2890 Romano
1686 2860 1751 2891 LV
1775 2862 1809 2891 et
1833 2861 1890 2899 Lg.

135 2907 190 2938 20.
215 2907 269 2939 21.
296 2924 331 2929 -
358 2906 464 2938 Silani
486 2907 538 2937 it:
565 2906 701 2944 Sillani,
727 2906 860 2945 Sylam',
889 2906 1015 2945 Syllani
1040 2907 1076 2938 R.
1105 2925 1139 2928 —
1177 2907 1228 2938 16.
1253 2916 1310 2938 vos
1333 2907 1393 2938 Bb
1410 2916 1510 2948 cqs⁷
1538 2908 1594 2948 Lg.
1623 2908 1673 2939 16.
1700 2907 1760 2940 43:
1794 2918 1849 2939 ros
1872 2918 1892 2939 a

137 2957 251 2989 RLO.
280 2974 315 2978 —
339 2956 480 2996 populus
502 2957 592 2987 Rom.
619 2955 808 2995 Madvigius
834 2956 970 2996 (opusc.
997 2956 1022 2987 Ι.
1049 2965 1083 2997 p.
1110 2955 1183 2987 149.
1210 2958 1250 2988 ΙΙ.
1276 2966 1310 2998 p.
1337 2957 1442 2996 337.):
1471 2966 1552 2997 pop.
1579 2959 1668 2989 Rom.
1696 2967 1765 2989 om.
1792 2959 1891 2990 BCd

138 3007 233 3046 rtu,
258 3007 316 3047 Lg.
343 3006 396 3038 46.
423 3005 482 3044 53,
509 3005 590 3037 LO:
617 3007 649 3037 P.
674 3007 710 3038 R.
738 3005 791 3037 xel
813 3015 847 3045 p.
874 3015 902 3036 r.
930 3006 974 3038 Rz
1002 3006 1034 3037 in
1060 3014 1078 3037 e
1098 3014 1133 3044 p.
1160 3014 1188 3036 r.
1216 3005 1259 3036 ab
1286 3005 1362 3037 ead.
1390 3014 1438 3037 m.
1462 3014 1539 3047 sup.
1565 3005 1623 3038 lin.
1651 3009 1720 3042 esu
1747 3016 1763 3038 s
1787 3007 1892 3038 habet

137 3056 170 3087 P.
196 3056 234 3087 R.
259 3057 365 3088 etiam
387 3057 466 3096 post
488 3055 673 3095 exsolutus,
707 3064 796 3096 quae
822 3056 875 3086 est
898 3053 1016 3086 ultima
1041 3063 1106 3085 vox
1130 3055 1287 3094 paginae.
1326 3073 1360 3077 —
1395 3056 1446 3086 17.
1472 3055 1613 3087 eoesotcet
1636 3055 1826 3096 Madvigius
1851 3065 1892 3088 ex

139 3104 240 3136 codd.
267 3106 478 3147 optimorum
501 3106 670 3146 vestigiis:
697 3105 865 3137 ecsolvetis
887 3113 910 3144 <1
934 3106 968 3135 et
984 3103 1061 3135 cod.
1082 3102 1220 3142 Colon.;
1247 3105 1410 3136 eoesolvitis
1433 3104 1456 3135 b
1471 3113 1571 3146 eps:
1599 3107 1738 3145 eripiam
1762 3106 1792 3143 ἰς
1818 3106 1893 3137 libe-

137 3153 220 3185 rabo
243 3154 273 3193 13
298 3154 471 3195 defendetis
494 3155 594 3186 RLO
619 3154 692 3194 (sed
716 3155 734 3187 3
760 3155 860 3194 Lagg.
887 3153 1113 3194 defenderitis).
1151 3153 1323 3194 Equidem
1347 3153 1483 3186 malim:
1510 3163 1561 3186 me
1583 3158 1680 3193 atque
1702 3163 1758 3185 ros
1780 3156 1894 3186 crude-

140 3203 240 3235 litatis
259 3204 499 3244 vituperatione
521 3203 610 3243 apud
628 3204 787 3244 populum
810 3205 845 3235 R.
864 3203 1031 3234 eoesolcam
1054 3206 1152 3242 atque
1175 3203 1318 3235 obtinebo
1335 3205 1402 3235 cet.
1422 3222 1458 3227 —
1483 3204 1638 3236 leuiorem
1660 3203 1669 3236 l
1695 3205 1730 3235 et
1753 3204 1771 3235 6
1788 3205 1890 3245 Lagg.

144 3267 179 3275 -
196 3252 248 3284 18.
273 3261 358 3291 quae
379 3256 473 3285 tanta
491 3256 596 3293 potest
618 3253 658 3286 d:
685 3262 769 3292 quae
787 3256 890 3293 potest
911 3261 978 3284 csse
992 3261 1061 3284 om.
1082 3261 1157 3293 g.—
1184 3253 1236 3284 49.
1252 3253 1409 3292 puniendi
1433 3261 1451 3284 c
1469 3255 1503 3284 et
1518 3254 1576 3293 Lg.
1596 3254 1654 3291 65;
1676 3254 1827 3292 putanda
1843 3262 1891 3285 m.

145 3318 178 3321 —
205 3301 295 3342 nam]
317 3312 383 3334 non
406 3301 499 3343 lqz,
526 3301 544 3334 4
569 3301 623 3333 alii
648 3303 750 3343 Lagg.
779 3319 814 3325 —
842 3303 919 3333 mihi
943 3311 1011 3334 om.
1040 3304 1061 3333 t.
1091 3319 1124 3323 —
1152 3303 1206 3334 2¹.
1233 3303 1335 3333 animi
1359 3311 1428 3334 om.
1447 3311 1476 3333 r.
1498 3320 1531 3324 -
1558 3311 1690 3334 moveor
1712 3302 1833 3343 bghs
1858 3306 1891 3334 et

142 3350 243 3390 Lagg.
269 3352 409 3392 praeter
433 3361 538 3392 aeq,
572 3352 612 3383 50
637 3354 671 3384 et
695 3352 713 3383 6
738 3352 841 3392 alios,
876 3353 934 3393 qui
958 3361 1039 3385 cum
1061 3353 1149 3385 meis
1173 3350 1316 3392 reliquis
1342 3353 1491 3393 (praeter
1514 3354 1558 3392 it)
1584 3351 1715 3385 habent
1736 3362 1890 3388 movear;
