<?xml version="1.0" encoding="UTF-8"?>
<!DOCTYPE html PUBLIC "-//W3C//DTD XHTML 1.0 Transitional//EN"
    "http://www.w3.org/TR/xhtml1/DTD/xhtml1-transitional.dtd">
<html xmlns="http://www.w3.org/1999/xhtml" xml:lang="en" lang="en">
 <head>
  <title>
</title>
<meta http-equiv="Content-Type" content="text/html;charset=utf-8" />
  <meta name='ocr-system' content='tesseract 3.04.00' />
  <meta name='ocr-capabilities' content='ocr_page ocr_carea ocr_par ocr_line ocrx_word'/>
</head>
<body>
  <div class='ocr_page' id='page_1' title='image "./p1operaquaesupersu02ciceuoft_0756.png"; bbox 0 0 2143 3713; ppageno 0'>
   <div class='ocr_carea' id='block_1_1' title="bbox 187 193 1384 269">
    <p class='ocr_par' dir='ltr' id='par_1_1' title="bbox 187 193 1384 269">
     <span class='ocr_line' id='line_1_1' title="bbox 187 193 1384 269; baseline -0.002 -1"><span class='ocrx_word' id='word_1_1' title='bbox 187 226 269 269; x_wconf 77' lang='lat'>740</span> <span class='ocrx_word' id='word_1_2' title='bbox 726 226 924 267; x_wconf 80' lang='lat' dir='ltr'><strong>ORATIO</strong></span> <span class='ocrx_word' id='word_1_3' title='bbox 955 225 1058 267; x_wconf 82' lang='lat' dir='ltr'>PRo</span> <span class='ocrx_word' id='word_1_4' title='bbox 1088 226 1134 266; x_wconf 88' lang='lat' dir='ltr'>L.</span> <span class='ocrx_word' id='word_1_5' title='bbox 1164 193 1384 268; x_wconf 73' lang='lat' dir='ltr'><strong>MURENA</strong></span> 
     </span>
    </p>
   </div>
   <div class='ocr_carea' id='block_1_2' title="bbox 122 337 1940 2136">
    <p class='ocr_par' dir='ltr' id='par_1_2' title="bbox 122 337 1940 2136">
     <span class='ocr_line' id='line_1_2' title="bbox 186 337 1940 391; baseline -0.001 -9"><span class='ocrx_word' id='word_1_6' title='bbox 186 354 299 382; x_wconf 87' lang='lat' dir='ltr'>mare</span> <span class='ocrx_word' id='word_1_7' title='bbox 330 344 371 380; x_wconf 91' lang='lat' dir='ltr'>et</span> <span class='ocrx_word' id='word_1_8' title='bbox 399 338 544 379; x_wconf 87' lang='lat' dir='ltr'>leviter</span> <span class='ocrx_word' id='word_1_9' title='bbox 574 337 794 378; x_wconf 88' lang='lat' dir='ltr'>emendare</span> <span class='ocrx_word' id='word_1_10' title='bbox 824 339 997 391; x_wconf 90' lang='lat' dir='ltr'>possim.</span> <span class='ocrx_word' id='word_1_11' title='bbox 1056 339 1144 380; x_wconf 75' lang='lat' dir='ltr'>Non</span> <span class='ocrx_word' id='word_1_12' title='bbox 1180 339 1304 378; x_wconf 73' lang='lat' dir='ltr'>multa</span> <span class='ocrx_word' id='word_1_13' title='bbox 1341 351 1498 391; x_wconf 79' lang='lat' dir='ltr'><strong><em>peccas,</em></strong></span> <span class='ocrx_word' id='word_1_14' title='bbox 1539 338 1677 391; x_wconf 88' lang='lat' dir='ltr'>inquit</span> <span class='ocrx_word' id='word_1_15' title='bbox 1704 339 1775 379; x_wconf 88' lang='lat' dir='ltr'>ille</span> <span class='ocrx_word' id='word_1_16' title='bbox 1803 339 1940 381; x_wconf 85' lang='lat' dir='ltr'>fortis-</span> 
     </span>
     <span class='ocr_line' id='line_1_3' title="bbox 186 400 1939 455; baseline -0.001 -11"><span class='ocrx_word' id='word_1_17' title='bbox 186 404 292 444; x_wconf 89' lang='lat' dir='ltr'>simo</span> <span class='ocrx_word' id='word_1_18' title='bbox 330 402 418 441; x_wconf 83' lang='lat' dir='ltr'>viro</span> <span class='ocrx_word' id='word_1_19' title='bbox 461 400 599 441; x_wconf 90' lang='lat' dir='ltr'>senior</span> <span class='ocrx_word' id='word_1_20' title='bbox 638 401 855 454; x_wconf 79' lang='lat' dir='ltr'>magister3</span> <span class='ocrx_word' id='word_1_21' title='bbox 897 401 982 448; x_wconf 79' lang='lat' dir='ltr'>sed,</span> <span class='ocrx_word' id='word_1_22' title='bbox 1023 402 1057 440; x_wconf 79' lang='lat' dir='ltr'>si</span> <span class='ocrx_word' id='word_1_23' title='bbox 1090 413 1255 453; x_wconf 77' lang='lat' dir='ltr'>peccaS‚</span> <span class='ocrx_word' id='word_1_24' title='bbox 1300 407 1334 440; x_wconf 80' lang='lat' dir='ltr'>le</span> <span class='ocrx_word' id='word_1_25' title='bbox 1374 413 1506 453; x_wconf 75' lang='lat' dir='ltr'>reyere</span> <span class='ocrx_word' id='word_1_26' title='bbox 1536 413 1712 452; x_wconf 79' lang='lat' dir='ltr'>possum.</span> <span class='ocrx_word' id='word_1_27' title='bbox 1771 403 1824 441; x_wconf 92' lang='lat' dir='ltr'>At</span> <span class='ocrx_word' id='word_1_28' title='bbox 1862 416 1939 455; x_wconf 84' lang='lat' dir='ltr'>ego</span> 
     </span>
     <span class='ocr_line' id='line_1_4' title="bbox 184 462 1939 515; baseline -0.002 -9"><span class='ocrx_word' id='word_1_29' title='bbox 184 465 398 506; x_wconf 85' lang='lat' dir='ltr'>verissime</span> <span class='ocrx_word' id='word_1_30' title='bbox 440 462 613 502; x_wconf 83' lang='lat' dir='ltr'>dixerim</span> <span class='ocrx_word' id='word_1_31' title='bbox 649 476 822 515; x_wconf 89' lang='lat' dir='ltr'>peccare</span> <span class='ocrx_word' id='word_1_32' title='bbox 863 469 902 503; x_wconf 90' lang='lat' dir='ltr'>te</span> <span class='ocrx_word' id='word_1_33' title='bbox 932 463 1054 510; x_wconf 90' lang='lat' dir='ltr'><strong>nihil,</strong></span> <span class='ocrx_word' id='word_1_34' title='bbox 1096 477 1234 515; x_wconf 90' lang='lat' dir='ltr'>neque</span> <span class='ocrx_word' id='word_1_35' title='bbox 1277 463 1362 502; x_wconf 89' lang='lat' dir='ltr'>ulla</span> <span class='ocrx_word' id='word_1_36' title='bbox 1391 464 1432 502; x_wconf 94' lang='lat' dir='ltr'>in</span> <span class='ocrx_word' id='word_1_37' title='bbox 1464 476 1507 503; x_wconf 88' lang='lat' dir='ltr'>re</span> <span class='ocrx_word' id='word_1_38' title='bbox 1539 476 1629 502; x_wconf 87' lang='lat' dir='ltr'>esse</span> <span class='ocrx_word' id='word_1_39' title='bbox 1659 462 1783 503; x_wconf 91' lang='lat' dir='ltr'>huius</span> <span class='ocrx_word' id='word_1_40' title='bbox 1814 463 1939 511; x_wconf 89' lang='lat' dir='ltr'>modi,</span> 
     </span>
     <span class='ocr_line' id='line_1_5' title="bbox 183 523 1938 579; baseline -0.002 -11"><span class='ocrx_word' id='word_1_41' title='bbox 183 535 230 568; x_wconf 88' lang='lat' dir='ltr'>nt</span> <span class='ocrx_word' id='word_1_42' title='bbox 259 525 530 579; x_wconf 84' lang='lat' dir='ltr'>corrigendus</span> <span class='ocrx_word' id='word_1_43' title='bbox 560 525 699 577; x_wconf 87' lang='lat' dir='ltr'>potius</span> <span class='ocrx_word' id='word_1_44' title='bbox 732 539 855 579; x_wconf 91' lang='lat' dir='ltr'>quam</span> <span class='ocrx_word' id='word_1_45' title='bbox 885 525 1030 565; x_wconf 85' lang='lat' dir='ltr'>leviter</span> <span class='ocrx_word' id='word_1_46' title='bbox 1050 523 1324 565; x_wconf 86' lang='lat' dir='ltr'>inflectendus</span> <span class='ocrx_word' id='word_1_47' title='bbox 1346 538 1435 565; x_wconf 90' lang='lat' dir='ltr'>esse</span> <span class='ocrx_word' id='word_1_48' title='bbox 1457 524 1636 565; x_wconf 80' lang='lat' dir='ltr'>videare.</span> <span class='ocrx_word' id='word_1_49' title='bbox 1669 525 1809 565; x_wconf 81' lang='lat' dir='ltr'>Finxit</span> <span class='ocrx_word' id='word_1_50' title='bbox 1829 527 1938 566; x_wconf 88' lang='lat' dir='ltr'>enim</span> 
     </span>
     <span class='ocr_line' id='line_1_6' title="bbox 151 586 1938 642; baseline 0 -16"><span class='ocrx_word' id='word_1_51' title='bbox 151 596 222 631; x_wconf 81' lang='lat' dir='ltr'>5te</span> <span class='ocrx_word' id='word_1_52' title='bbox 252 591 344 642; x_wconf 88' lang='lat' dir='ltr'>ipsa</span> <span class='ocrx_word' id='word_1_53' title='bbox 372 592 519 628; x_wconf 90' lang='lat' dir='ltr'>natura</span> <span class='ocrx_word' id='word_1_54' title='bbox 549 586 600 626; x_wconf 89' lang='lat' dir='ltr'>ad</span> <span class='ocrx_word' id='word_1_55' title='bbox 629 586 916 635; x_wconf 72' lang='lat' dir='ltr'><strong>honestatem,</strong></span> <span class='ocrx_word' id='word_1_56' title='bbox 949 587 1211 639; x_wconf 83' lang='lat' dir='ltr'>gravitatem,</span> <span class='ocrx_word' id='word_1_57' title='bbox 1242 587 1577 639; x_wconf 77' lang='lat' dir='ltr'>temperantiam,</span> <span class='ocrx_word' id='word_1_58' title='bbox 1609 588 1938 640; x_wconf 81' lang='lat' dir='ltr'>magnitudinem</span> 
     </span>
     <span class='ocr_line' id='line_1_7' title="bbox 182 649 1940 702; baseline -0.001 -11"><span class='ocrx_word' id='word_1_59' title='bbox 182 651 330 699; x_wconf 90' lang='lat' dir='ltr'>animi,</span> <span class='ocrx_word' id='word_1_60' title='bbox 361 650 583 696; x_wconf 86' lang='lat' dir='ltr'>iustitiam,</span> <span class='ocrx_word' id='word_1_61' title='bbox 614 649 665 689; x_wconf 91' lang='lat' dir='ltr'>ad</span> <span class='ocrx_word' id='word_1_62' title='bbox 699 663 842 690; x_wconf 90' lang='lat' dir='ltr'>omnes</span> <span class='ocrx_word' id='word_1_63' title='bbox 875 650 1054 702; x_wconf 90' lang='lat' dir='ltr'>denique</span> <span class='ocrx_word' id='word_1_64' title='bbox 1077 649 1248 688; x_wconf 85' lang='lat' dir='ltr'>virtutes</span> <span class='ocrx_word' id='word_1_65' title='bbox 1280 662 1473 702; x_wconf 87' lang='lat' dir='ltr'>magnum</span> <span class='ocrx_word' id='word_1_66' title='bbox 1502 650 1712 690; x_wconf 90' lang='lat' dir='ltr'>hominem</span> <span class='ocrx_word' id='word_1_67' title='bbox 1741 656 1782 690; x_wconf 92' lang='lat' dir='ltr'>et</span> <span class='ocrx_word' id='word_1_68' title='bbox 1802 650 1940 690; x_wconf 88' lang='lat' dir='ltr'>excel-</span> 
     </span>
     <span class='ocr_line' id='line_1_8' title="bbox 181 711 1937 761; baseline -0.001 -8"><span class='ocrx_word' id='word_1_69' title='bbox 181 728 286 754; x_wconf 88' lang='lat' dir='ltr'>sum.</span> <span class='ocrx_word' id='word_1_70' title='bbox 322 712 507 752; x_wconf 82' lang='lat' dir='ltr'>Accessit</span> <span class='ocrx_word' id='word_1_71' title='bbox 535 711 598 751; x_wconf 90' lang='lat' dir='ltr'>his</span> <span class='ocrx_word' id='word_1_72' title='bbox 631 711 798 752; x_wconf 88' lang='lat' dir='ltr'>dotibus</span> <span class='ocrx_word' id='word_1_73' title='bbox 820 713 1007 752; x_wconf 87' lang='lat' dir='ltr'>doctrina</span> <span class='ocrx_word' id='word_1_74' title='bbox 1038 726 1122 751; x_wconf 89' lang='lat' dir='ltr'>non</span> <span class='ocrx_word' id='word_1_75' title='bbox 1145 712 1358 752; x_wconf 86' lang='lat' dir='ltr'>moderata</span> <span class='ocrx_word' id='word_1_76' title='bbox 1387 726 1462 752; x_wconf 90' lang='lat' dir='ltr'>nec</span> <span class='ocrx_word' id='word_1_77' title='bbox 1491 714 1624 761; x_wconf 89' lang='lat' dir='ltr'>mitis,</span> <span class='ocrx_word' id='word_1_78' title='bbox 1656 712 1743 760; x_wconf 89' lang='lat' dir='ltr'>sed,</span> <span class='ocrx_word' id='word_1_79' title='bbox 1773 718 1818 752; x_wconf 92' lang='lat' dir='ltr'>ut</span> <span class='ocrx_word' id='word_1_80' title='bbox 1838 712 1937 751; x_wconf 91' lang='lat' dir='ltr'>mihi</span> 
     </span>
     <span class='ocr_line' id='line_1_9' title="bbox 178 773 1937 828; baseline -0.002 -12"><span class='ocrx_word' id='word_1_81' title='bbox 178 776 365 823; x_wconf 86' lang='lat' dir='ltr'>videtur,</span> <span class='ocrx_word' id='word_1_82' title='bbox 402 773 527 828; x_wconf 89' lang='lat' dir='ltr'>paulo</span> <span class='ocrx_word' id='word_1_83' title='bbox 559 775 747 827; x_wconf 85' lang='lat' dir='ltr'>asperior</span> <span class='ocrx_word' id='word_1_84' title='bbox 778 780 818 813; x_wconf 84' lang='lat' dir='ltr'>et</span> <span class='ocrx_word' id='word_1_85' title='bbox 851 774 1013 821; x_wconf 89' lang='lat' dir='ltr'>durior,</span> <span class='ocrx_word' id='word_1_86' title='bbox 1057 788 1181 827; x_wconf 91' lang='lat' dir='ltr'>quam</span> <span class='ocrx_word' id='word_1_87' title='bbox 1213 780 1282 814; x_wconf 90' lang='lat' dir='ltr'>aut</span> <span class='ocrx_word' id='word_1_88' title='bbox 1311 775 1461 814; x_wconf 86' lang='lat' dir='ltr'>veritas</span> <span class='ocrx_word' id='word_1_89' title='bbox 1493 781 1562 815; x_wconf 89' lang='lat' dir='ltr'>aut</span> <span class='ocrx_word' id='word_1_90' title='bbox 1591 780 1738 815; x_wconf 87' lang='lat' dir='ltr'>natura</span> <span class='ocrx_word' id='word_1_91' title='bbox 1769 775 1937 827; x_wconf 82' lang='lat' dir='ltr'>patitur.</span> 
     </span>
     <span class='ocr_line' id='line_1_10' title="bbox 179 835 1938 891; baseline -0.001 -15"><span class='ocrx_word' id='word_1_92' title='bbox 179 835 245 877; x_wconf 79' lang='lat' dir='ltr'>til.</span> <span class='ocrx_word' id='word_1_93' title='bbox 276 838 328 877; x_wconf 92' lang='lat' dir='ltr'>Et</span> <span class='ocrx_word' id='word_1_94' title='bbox 358 836 554 891; x_wconf 91' lang='lat' dir='ltr'>quoniam</span> <span class='ocrx_word' id='word_1_95' title='bbox 586 850 671 876; x_wconf 93' lang='lat' dir='ltr'>non</span> <span class='ocrx_word' id='word_1_96' title='bbox 703 842 765 875; x_wconf 88' lang='lat' dir='ltr'>cst</span> <span class='ocrx_word' id='word_1_97' title='bbox 796 836 916 875; x_wconf 87' lang='lat' dir='ltr'>nobis</span> <span class='ocrx_word' id='word_1_98' title='bbox 947 836 1050 875; x_wconf 92' lang='lat' dir='ltr'>haec</span> <span class='ocrx_word' id='word_1_99' title='bbox 1083 837 1214 875; x_wconf 83' lang='lat' dir='ltr'>oratio</span> <span class='ocrx_word' id='word_1_100' title='bbox 1246 837 1436 876; x_wconf 85' lang='lat' dir='ltr'>habenda</span> <span class='ocrx_word' id='word_1_101' title='bbox 1466 843 1535 877; x_wconf 91' lang='lat' dir='ltr'>aut</span> <span class='ocrx_word' id='word_1_102' title='bbox 1560 838 1601 877; x_wconf 90' lang='lat' dir='ltr'>in</span> <span class='ocrx_word' id='word_1_103' title='bbox 1624 838 1813 891; x_wconf 89' lang='lat' dir='ltr'>imperita</span> <span class='ocrx_word' id='word_1_104' title='bbox 1834 836 1938 876; x_wconf 89' lang='lat' dir='ltr'>mul-</span> 
     </span>
     <span class='ocr_line' id='line_1_11' title="bbox 129 897 1937 954; baseline 0 -17"><span class='ocrx_word' id='word_1_105' title='bbox 129 900 354 940; x_wconf 69' lang='lat' dir='ltr'>iotitudine</span> <span class='ocrx_word' id='word_1_106' title='bbox 396 903 467 938; x_wconf 91' lang='lat' dir='ltr'>aut</span> <span class='ocrx_word' id='word_1_107' title='bbox 509 898 552 938; x_wconf 91' lang='lat' dir='ltr'>in</span> <span class='ocrx_word' id='word_1_108' title='bbox 597 898 737 951; x_wconf 93' lang='lat' dir='ltr'>aliquo</span> <span class='ocrx_word' id='word_1_109' title='bbox 778 904 986 938; x_wconf 86' lang='lat' dir='ltr'>conventu</span> <span class='ocrx_word' id='word_1_110' title='bbox 1028 901 1273 952; x_wconf 79' lang='lat' dir='ltr'>agrestium,</span> <span class='ocrx_word' id='word_1_111' title='bbox 1316 900 1511 941; x_wconf 86' lang='lat' dir='ltr'>audacius</span> <span class='ocrx_word' id='word_1_112' title='bbox 1554 901 1678 954; x_wconf 90' lang='lat' dir='ltr'>paulo</span> <span class='ocrx_word' id='word_1_113' title='bbox 1710 899 1760 939; x_wconf 91' lang='lat' dir='ltr'>de</span> <span class='ocrx_word' id='word_1_114' title='bbox 1792 897 1937 938; x_wconf 89' lang='lat' dir='ltr'>studiis</span> 
     </span>
     <span class='ocr_line' id='line_1_12' title="bbox 177 959 1935 1015; baseline -0.002 -13"><span class='ocrx_word' id='word_1_115' title='bbox 177 960 471 1007; x_wconf 86' lang='lat' dir='ltr'>humanitatis,</span> <span class='ocrx_word' id='word_1_116' title='bbox 503 973 610 1013; x_wconf 87' lang='lat' dir='ltr'>qnae</span> <span class='ocrx_word' id='word_1_117' title='bbox 642 966 683 999; x_wconf 92' lang='lat' dir='ltr'>et</span> <span class='ocrx_word' id='word_1_118' title='bbox 713 959 812 999; x_wconf 91' lang='lat' dir='ltr'>mihi</span> <span class='ocrx_word' id='word_1_119' title='bbox 845 965 886 999; x_wconf 92' lang='lat' dir='ltr'>et</span> <span class='ocrx_word' id='word_1_120' title='bbox 915 961 1032 1001; x_wconf 82' lang='lat' dir='ltr'>vobis</span> <span class='ocrx_word' id='word_1_121' title='bbox 1063 966 1161 1001; x_wconf 89' lang='lat' dir='ltr'>nota</span> <span class='ocrx_word' id='word_1_122' title='bbox 1192 967 1232 1001; x_wconf 88' lang='lat' dir='ltr'>et</span> <span class='ocrx_word' id='word_1_123' title='bbox 1260 962 1438 1002; x_wconf 89' lang='lat' dir='ltr'>iucunda</span> <span class='ocrx_word' id='word_1_124' title='bbox 1469 969 1584 1009; x_wconf 89' lang='lat' dir='ltr'>sunt,</span> <span class='ocrx_word' id='word_1_125' title='bbox 1616 961 1848 1015; x_wconf 85' lang='lat' dir='ltr'>disputabo.</span> <span class='ocrx_word' id='word_1_126' title='bbox 1892 961 1935 998; x_wconf 86' lang='lat' dir='ltr'>ln</span> 
     </span>
     <span class='ocr_line' id='line_1_13' title="bbox 177 1021 1936 1078; baseline -0.002 -13"><span class='ocrx_word' id='word_1_127' title='bbox 177 1026 230 1065; x_wconf 91' lang='lat' dir='ltr'>M.</span> <span class='ocrx_word' id='word_1_128' title='bbox 265 1024 443 1070; x_wconf 88' lang='lat' dir='ltr'>Catone,</span> <span class='ocrx_word' id='word_1_129' title='bbox 474 1021 658 1069; x_wconf 86' lang='lat' dir='ltr'>iudices,</span> <span class='ocrx_word' id='word_1_130' title='bbox 689 1021 793 1061; x_wconf 91' lang='lat' dir='ltr'>haec</span> <span class='ocrx_word' id='word_1_131' title='bbox 823 1022 956 1069; x_wconf 90' lang='lat' dir='ltr'>bona,</span> <span class='ocrx_word' id='word_1_132' title='bbox 989 1037 1095 1076; x_wconf 89' lang='lat' dir='ltr'>quae</span> <span class='ocrx_word' id='word_1_133' title='bbox 1127 1024 1316 1064; x_wconf 89' lang='lat' dir='ltr'>videmus</span> <span class='ocrx_word' id='word_1_134' title='bbox 1348 1024 1486 1064; x_wconf 92' lang='lat' dir='ltr'>divina</span> <span class='ocrx_word' id='word_1_135' title='bbox 1517 1030 1557 1065; x_wconf 94' lang='lat' dir='ltr'>et</span> <span class='ocrx_word' id='word_1_136' title='bbox 1588 1025 1775 1078; x_wconf 86' lang='lat' dir='ltr'>egregia,</span> <span class='ocrx_word' id='word_1_137' title='bbox 1806 1023 1936 1076; x_wconf 90' lang='lat' dir='ltr'>ipsius</span> 
     </span>
     <span class='ocr_line' id='line_1_14' title="bbox 176 1083 1935 1139; baseline -0.001 -13"><span class='ocrx_word' id='word_1_138' title='bbox 176 1087 319 1126; x_wconf 89' lang='lat' dir='ltr'>scitote</span> <span class='ocrx_word' id='word_1_139' title='bbox 352 1097 443 1125; x_wconf 88' lang='lat' dir='ltr'>csse</span> <span class='ocrx_word' id='word_1_140' title='bbox 474 1083 672 1137; x_wconf 86' lang='lat' dir='ltr'>propria:</span> <span class='ocrx_word' id='word_1_141' title='bbox 701 1097 807 1137; x_wconf 87' lang='lat' dir='ltr'>quae</span> <span class='ocrx_word' id='word_1_142' title='bbox 839 1098 922 1124; x_wconf 90' lang='lat' dir='ltr'>non</span> <span class='ocrx_word' id='word_1_143' title='bbox 944 1098 1170 1138; x_wconf 86' lang='lat' dir='ltr'>numquam</span> <span class='ocrx_word' id='word_1_144' title='bbox 1200 1087 1469 1139; x_wconf 85' lang='lat' dir='ltr'>requirimus,</span> <span class='ocrx_word' id='word_1_145' title='bbox 1502 1100 1550 1126; x_wconf 86' lang='lat' dir='ltr'>ea</span> <span class='ocrx_word' id='word_1_146' title='bbox 1571 1091 1667 1126; x_wconf 89' lang='lat' dir='ltr'>sunt</span> <span class='ocrx_word' id='word_1_147' title='bbox 1688 1087 1822 1126; x_wconf 88' lang='lat' dir='ltr'>omnia</span> <span class='ocrx_word' id='word_1_148' title='bbox 1853 1099 1935 1125; x_wconf 88' lang='lat' dir='ltr'>non</span> 
     </span>
     <span class='ocr_line' id='line_1_15' title="bbox 176 1146 1936 1202; baseline -0.002 -12"><span class='ocrx_word' id='word_1_149' title='bbox 176 1162 200 1190; x_wconf 84' lang='lat' dir='ltr'>a</span> <span class='ocrx_word' id='word_1_150' title='bbox 238 1153 405 1194; x_wconf 89' lang='lat' dir='ltr'>natura,</span> <span class='ocrx_word' id='word_1_151' title='bbox 449 1159 591 1186; x_wconf 90' lang='lat' dir='ltr'>verum</span> <span class='ocrx_word' id='word_1_152' title='bbox 631 1159 653 1185; x_wconf 93' lang='lat' dir='ltr'>a</span> <span class='ocrx_word' id='word_1_153' title='bbox 694 1146 904 1199; x_wconf 76' lang='lat' dir='ltr'>magistre.</span> <span class='ocrx_word' id='word_1_154' title='bbox 964 1148 1057 1187; x_wconf 86' lang='lat' dir='ltr'>Fuit</span> <span class='ocrx_word' id='word_1_155' title='bbox 1097 1148 1206 1187; x_wconf 85' lang='lat' dir='ltr'>enim</span> <span class='ocrx_word' id='word_1_156' title='bbox 1251 1148 1420 1202; x_wconf 89' lang='lat' dir='ltr'>quidam</span> <span class='ocrx_word' id='word_1_157' title='bbox 1460 1162 1619 1188; x_wconf 90' lang='lat' dir='ltr'>summo</span> <span class='ocrx_word' id='word_1_158' title='bbox 1660 1148 1829 1201; x_wconf 85' lang='lat' dir='ltr'>ingenio</span> <span class='ocrx_word' id='word_1_159' title='bbox 1860 1148 1936 1193; x_wconf 85' lang='lat' dir='ltr'>vir,</span> 
     </span>
     <span class='ocr_line' id='line_1_16' title="bbox 126 1208 1935 1258; baseline 0.001 -9"><span class='ocrx_word' id='word_1_160' title='bbox 126 1221 162 1249; x_wconf 83' lang='grc'>45</span> <span class='ocrx_word' id='word_1_161' title='bbox 176 1213 309 1258; x_wconf 88' lang='lat' dir='ltr'>Zeno,</span> <span class='ocrx_word' id='word_1_162' title='bbox 342 1209 459 1249; x_wconf 91' lang='lat' dir='ltr'>cuius</span> <span class='ocrx_word' id='word_1_163' title='bbox 490 1208 753 1248; x_wconf 87' lang='lat' dir='ltr'>inventorum</span> <span class='ocrx_word' id='word_1_164' title='bbox 786 1209 939 1248; x_wconf 80' lang='lat' dir='ltr'>aemuli</span> <span class='ocrx_word' id='word_1_165' title='bbox 972 1210 1099 1249; x_wconf 86' lang='lat' dir='ltr'>Stoici</span> <span class='ocrx_word' id='word_1_166' title='bbox 1122 1210 1402 1250; x_wconf 84' lang='lat' dir='ltr'>nominantur.</span> <span class='ocrx_word' id='word_1_167' title='bbox 1434 1210 1569 1250; x_wconf 88' lang='lat' dir='ltr'>Huius</span> <span class='ocrx_word' id='word_1_168' title='bbox 1592 1211 1822 1250; x_wconf 86' lang='lat' dir='ltr'>sententiae</span> <span class='ocrx_word' id='word_1_169' title='bbox 1844 1214 1935 1250; x_wconf 82' lang='lat' dir='ltr'>sunt</span> 
     </span>
     <span class='ocr_line' id='line_1_17' title="bbox 176 1270 1934 1326; baseline -0.001 -13"><span class='ocrx_word' id='word_1_170' title='bbox 176 1278 218 1313; x_wconf 85' lang='lat' dir='ltr'>et</span> <span class='ocrx_word' id='word_1_171' title='bbox 247 1276 469 1326; x_wconf 86' lang='lat' dir='ltr'>praecepta</span> <span class='ocrx_word' id='word_1_172' title='bbox 498 1270 624 1309; x_wconf 83' lang='lat' dir='ltr'>huius</span> <span class='ocrx_word' id='word_1_173' title='bbox 655 1271 793 1310; x_wconf 87' lang='lat' dir='ltr'>modi:</span> <span class='ocrx_word' id='word_1_174' title='bbox 825 1271 1054 1324; x_wconf 83' lang='lat' dir='ltr'>sapientem</span> <span class='ocrx_word' id='word_1_175' title='bbox 1087 1272 1215 1324; x_wconf 83' lang='lat' dir='ltr'>gratia</span> <span class='ocrx_word' id='word_1_176' title='bbox 1247 1286 1470 1325; x_wconf 87' lang='lat' dir='ltr'>numquam</span> <span class='ocrx_word' id='word_1_177' title='bbox 1502 1272 1677 1319; x_wconf 88' lang='lat' dir='ltr'>moveri,</span> <span class='ocrx_word' id='word_1_178' title='bbox 1709 1285 1934 1326; x_wconf 84' lang='lat' dir='ltr'>numquam</span> 
     </span>
     <span class='ocr_line' id='line_1_18' title="bbox 176 1331 1937 1388; baseline -0.001 -13"><span class='ocrx_word' id='word_1_179' title='bbox 176 1336 421 1388; x_wconf 89' lang='lat' dir='ltr'>cuiusquam</span> <span class='ocrx_word' id='word_1_180' title='bbox 453 1331 606 1372; x_wconf 91' lang='lat' dir='ltr'>delicto</span> <span class='ocrx_word' id='word_1_181' title='bbox 636 1333 1114 1385; x_wconf 47' lang='lat' dir='ltr'>igmscereffneminem</span> <span class='ocrx_word' id='word_1_182' title='bbox 1146 1334 1458 1375; x_wconf 81' lang='lat' dir='ltr'>misericordem</span> <span class='ocrx_word' id='word_1_183' title='bbox 1491 1348 1582 1374; x_wconf 88' lang='lat' dir='ltr'>esse</span> <span class='ocrx_word' id='word_1_184' title='bbox 1604 1334 1684 1374; x_wconf 90' lang='lat' dir='ltr'>nisi</span> <span class='ocrx_word' id='word_1_185' title='bbox 1705 1334 1876 1375; x_wconf 88' lang='lat' dir='ltr'>stultum</span> <span class='ocrx_word' id='word_1_186' title='bbox 1898 1339 1937 1374; x_wconf 87' lang='lat' dir='ltr'>et</span> 
     </span>
     <span class='ocr_line' id='line_1_19' title="bbox 174 1395 1935 1451; baseline -0.001 -14"><span class='ocrx_word' id='word_1_187' title='bbox 174 1397 332 1437; x_wconf 85' lang='lat' dir='ltr'>levem:</span> <span class='ocrx_word' id='word_1_188' title='bbox 363 1395 440 1436; x_wconf 89' lang='lat' dir='ltr'>viri</span> <span class='ocrx_word' id='word_1_189' title='bbox 470 1407 555 1434; x_wconf 92' lang='lat' dir='ltr'>non</span> <span class='ocrx_word' id='word_1_190' title='bbox 586 1407 677 1434; x_wconf 88' lang='lat' dir='ltr'>esse</span> <span class='ocrx_word' id='word_1_191' title='bbox 708 1409 846 1448; x_wconf 91' lang='lat' dir='ltr'>neque</span> <span class='ocrx_word' id='word_1_192' title='bbox 878 1397 1040 1435; x_wconf 78' lang='lat' dir='ltr'>exorari</span> <span class='ocrx_word' id='word_1_193' title='bbox 1073 1410 1211 1450; x_wconf 89' lang='lat' dir='ltr'>neque</span> <span class='ocrx_word' id='word_1_194' title='bbox 1242 1397 1417 1451; x_wconf 73' lang='lat' dir='ltr'>placari:</span> <span class='ocrx_word' id='word_1_195' title='bbox 1451 1396 1562 1436; x_wconf 91' lang='lat' dir='ltr'>solos</span> <span class='ocrx_word' id='word_1_196' title='bbox 1594 1397 1801 1450; x_wconf 88' lang='lat' dir='ltr'>sapientes</span> <span class='ocrx_word' id='word_1_197' title='bbox 1830 1409 1935 1443; x_wconf 86' lang='lat' dir='ltr'>esse,</span> 
     </span>
     <span class='ocr_line' id='line_1_20' title="bbox 175 1456 1933 1507; baseline -0.002 -6"><span class='ocrx_word' id='word_1_198' title='bbox 175 1461 210 1501; x_wconf 89' lang='lat' dir='ltr'>si</span> <span class='ocrx_word' id='word_1_199' title='bbox 250 1457 535 1499; x_wconf 86' lang='lat' dir='ltr'>distortissimi</span> <span class='ocrx_word' id='word_1_200' title='bbox 574 1456 675 1505; x_wconf 90' lang='lat' dir='ltr'>sint,</span> <span class='ocrx_word' id='word_1_201' title='bbox 715 1457 945 1504; x_wconf 85' lang='lat' dir='ltr'>sormosos;</span> <span class='ocrx_word' id='word_1_202' title='bbox 991 1459 1025 1497; x_wconf 87' lang='lat' dir='ltr'>si</span> <span class='ocrx_word' id='word_1_203' title='bbox 1057 1458 1378 1505; x_wconf 87' lang='lat' dir='ltr'>mendicissimi,</span> <span class='ocrx_word' id='word_1_204' title='bbox 1420 1458 1591 1507; x_wconf 83' lang='lat' dir='ltr'>divites3</span> <span class='ocrx_word' id='word_1_205' title='bbox 1630 1458 1663 1497; x_wconf 91' lang='lat' dir='ltr'>si</span> <span class='ocrx_word' id='word_1_206' title='bbox 1696 1460 1933 1500; x_wconf 89' lang='lat' dir='ltr'>servitutem</span> 
     </span>
     <span class='ocr_line' id='line_1_21' title="bbox 123 1520 1933 1574; baseline -0.002 -12"><span class='ocrx_word' id='word_1_207' title='bbox 123 1534 160 1563; x_wconf 74' lang='lat'>20</span> <span class='ocrx_word' id='word_1_208' title='bbox 175 1522 377 1568; x_wconf 88' lang='lat' dir='ltr'>serviant,</span> <span class='ocrx_word' id='word_1_209' title='bbox 409 1533 552 1572; x_wconf 83' lang='lat' dir='ltr'>reges:</span> <span class='ocrx_word' id='word_1_210' title='bbox 584 1532 661 1559; x_wconf 92' lang='lat' dir='ltr'>nos</span> <span class='ocrx_word' id='word_1_211' title='bbox 692 1524 853 1568; x_wconf 89' lang='lat' dir='ltr'>autem,</span> <span class='ocrx_word' id='word_1_212' title='bbox 885 1520 956 1573; x_wconf 94' lang='lat' dir='ltr'>qui</span> <span class='ocrx_word' id='word_1_213' title='bbox 990 1521 1198 1574; x_wconf 85' lang='lat' dir='ltr'>sapientes</span> <span class='ocrx_word' id='word_1_214' title='bbox 1224 1535 1307 1561; x_wconf 90' lang='lat' dir='ltr'>non</span> <span class='ocrx_word' id='word_1_215' title='bbox 1330 1535 1494 1568; x_wconf 86' lang='lat' dir='ltr'>sumus,</span> <span class='ocrx_word' id='word_1_216' title='bbox 1525 1520 1742 1573; x_wconf 85' lang='lat' dir='ltr'>fugitivos,</span> <span class='ocrx_word' id='word_1_217' title='bbox 1774 1521 1933 1567; x_wconf 79' lang='lat' dir='ltr'>exules,</span> 
     </span>
     <span class='ocr_line' id='line_1_22' title="bbox 174 1581 1932 1636; baseline -0.002 -12"><span class='ocrx_word' id='word_1_218' title='bbox 174 1585 338 1631; x_wconf 91' lang='lat' dir='ltr'>hostes,</span> <span class='ocrx_word' id='word_1_219' title='bbox 376 1583 547 1622; x_wconf 90' lang='lat' dir='ltr'>insanos</span> <span class='ocrx_word' id='word_1_220' title='bbox 589 1581 772 1635; x_wconf 88' lang='lat' dir='ltr'>denique</span> <span class='ocrx_word' id='word_1_221' title='bbox 814 1596 906 1623; x_wconf 88' lang='lat' dir='ltr'>esse</span> <span class='ocrx_word' id='word_1_222' title='bbox 947 1583 1112 1623; x_wconf 90' lang='lat' dir='ltr'>dicunt:</span> <span class='ocrx_word' id='word_1_223' title='bbox 1153 1583 1291 1623; x_wconf 84' lang='lat' dir='ltr'>onmia</span> <span class='ocrx_word' id='word_1_224' title='bbox 1323 1588 1491 1636; x_wconf 87' lang='lat' dir='ltr'>peccata</span> <span class='ocrx_word' id='word_1_225' title='bbox 1523 1596 1614 1622; x_wconf 89' lang='lat' dir='ltr'>esse</span> <span class='ocrx_word' id='word_1_226' title='bbox 1644 1584 1779 1635; x_wconf 87' lang='lat' dir='ltr'>paria:</span> <span class='ocrx_word' id='word_1_227' title='bbox 1811 1596 1932 1622; x_wconf 81' lang='lat' dir='ltr'>omne</span> 
     </span>
     <span class='ocr_line' id='line_1_23' title="bbox 175 1643 1931 1698; baseline -0.002 -12"><span class='ocrx_word' id='word_1_228' title='bbox 175 1646 372 1686; x_wconf 85' lang='lat' dir='ltr'>delictum</span> <span class='ocrx_word' id='word_1_229' title='bbox 403 1644 539 1684; x_wconf 90' lang='lat' dir='ltr'>scelus</span> <span class='ocrx_word' id='word_1_230' title='bbox 571 1657 663 1683; x_wconf 90' lang='lat' dir='ltr'>esse</span> <span class='ocrx_word' id='word_1_231' title='bbox 694 1643 918 1693; x_wconf 88' lang='lat' dir='ltr'>nefarium,</span> <span class='ocrx_word' id='word_1_232' title='bbox 961 1659 1037 1684; x_wconf 78' lang='lat' dir='ltr'>nec</span> <span class='ocrx_word' id='word_1_233' title='bbox 1078 1646 1212 1685; x_wconf 85' lang='lat' dir='ltr'>minus</span> <span class='ocrx_word' id='word_1_234' title='bbox 1245 1645 1488 1698; x_wconf 84' lang='lat' dir='ltr'>delinquere</span> <span class='ocrx_word' id='word_1_235' title='bbox 1521 1658 1636 1692; x_wconf 87' lang='lat' dir='ltr'>eum,</span> <span class='ocrx_word' id='word_1_236' title='bbox 1677 1644 1749 1697; x_wconf 87' lang='lat' dir='ltr'>qui</span> <span class='ocrx_word' id='word_1_237' title='bbox 1781 1643 1931 1696; x_wconf 88' lang='lat' dir='ltr'>gallum</span> 
     </span>
     <span class='ocr_line' id='line_1_24' title="bbox 174 1706 1932 1762; baseline -0.001 -15"><span class='ocrx_word' id='word_1_238' title='bbox 174 1708 474 1762; x_wconf 85' lang='lat' dir='ltr'>gallinaceum,</span> <span class='ocrx_word' id='word_1_239' title='bbox 507 1720 601 1746; x_wconf 90' lang='lat' dir='ltr'>cum</span> <span class='ocrx_word' id='word_1_240' title='bbox 632 1720 738 1759; x_wconf 90' lang='lat' dir='ltr'>opus</span> <span class='ocrx_word' id='word_1_241' title='bbox 769 1721 852 1747; x_wconf 90' lang='lat' dir='ltr'>non</span> <span class='ocrx_word' id='word_1_242' title='bbox 884 1707 1032 1755; x_wconf 84' lang='lat' dir='ltr'>fuerit,</span> <span class='ocrx_word' id='word_1_243' title='bbox 1064 1721 1188 1761; x_wconf 87' lang='lat' dir='ltr'>quam</span> <span class='ocrx_word' id='word_1_244' title='bbox 1221 1721 1334 1755; x_wconf 90' lang='lat' dir='ltr'>eum,</span> <span class='ocrx_word' id='word_1_245' title='bbox 1368 1708 1439 1760; x_wconf 90' lang='lat' dir='ltr'>qui</span> <span class='ocrx_word' id='word_1_246' title='bbox 1470 1712 1628 1761; x_wconf 89' lang='lat' dir='ltr'>patrem</span> <span class='ocrx_word' id='word_1_247' title='bbox 1650 1706 1932 1746; x_wconf 82' lang='lat' dir='ltr'>suffocaverit:</span> 
     </span>
     <span class='ocr_line' id='line_1_25' title="bbox 173 1768 1934 1823; baseline -0.002 -13"><span class='ocrx_word' id='word_1_248' title='bbox 173 1770 404 1823; x_wconf 87' lang='lat' dir='ltr'>sapientem</span> <span class='ocrx_word' id='word_1_249' title='bbox 436 1769 539 1808; x_wconf 85' lang='lat' dir='ltr'>nihil</span> <span class='ocrx_word' id='word_1_250' title='bbox 571 1769 753 1822; x_wconf 83' lang='lat' dir='ltr'>opinari,</span> <span class='ocrx_word' id='word_1_251' title='bbox 785 1769 941 1809; x_wconf 89' lang='lat' dir='ltr'>nullius</span> <span class='ocrx_word' id='word_1_252' title='bbox 974 1770 1031 1809; x_wconf 92' lang='lat' dir='ltr'>rei</span> <span class='ocrx_word' id='word_1_253' title='bbox 1062 1771 1295 1823; x_wconf 84' lang='lat' dir='ltr'>paenitere,</span> <span class='ocrx_word' id='word_1_254' title='bbox 1336 1770 1451 1809; x_wconf 87' lang='lat' dir='ltr'>nulla</span> <span class='ocrx_word' id='word_1_255' title='bbox 1482 1770 1522 1809; x_wconf 94' lang='lat' dir='ltr'>in</span> <span class='ocrx_word' id='word_1_256' title='bbox 1554 1783 1597 1809; x_wconf 87' lang='lat' dir='ltr'>re</span> <span class='ocrx_word' id='word_1_257' title='bbox 1627 1768 1736 1816; x_wconf 86' lang='lat' dir='ltr'>falli,</span> <span class='ocrx_word' id='word_1_258' title='bbox 1768 1773 1934 1808; x_wconf 91' lang='lat' dir='ltr'>senten-</span> 
     </span>
     <span class='ocr_line' id='line_1_26' title="bbox 122 1830 1933 1885; baseline -0.003 -11"><span class='ocrx_word' id='word_1_259' title='bbox 122 1847 158 1875; x_wconf 81' lang='lat'>25</span> <span class='ocrx_word' id='word_1_260' title='bbox 175 1834 272 1874; x_wconf 87' lang='lat' dir='ltr'>tiam</span> <span class='ocrx_word' id='word_1_261' title='bbox 304 1838 464 1872; x_wconf 87' lang='lat' dir='ltr'>mutare</span> <span class='ocrx_word' id='word_1_262' title='bbox 495 1845 735 1885; x_wconf 87' lang='lat' dir='ltr'>numquam.</span> <span class='ocrx_word' id='word_1_263' title='bbox 796 1833 930 1872; x_wconf 89' lang='lat' dir='ltr'><strong>XXX.</strong></span> <span class='ocrx_word' id='word_1_264' title='bbox 953 1830 1019 1872; x_wconf 72' lang='lat'>62.</span> <span class='ocrx_word' id='word_1_265' title='bbox 1052 1833 1164 1872; x_wconf 87' lang='lat' dir='ltr'>llaec</span> <span class='ocrx_word' id='word_1_266' title='bbox 1186 1833 1310 1872; x_wconf 89' lang='lat' dir='ltr'>homo</span> <span class='ocrx_word' id='word_1_267' title='bbox 1335 1832 1714 1883; x_wconf 68' lang='lat' dir='ltr'>ingeniosissimus,</span> <span class='ocrx_word' id='word_1_268' title='bbox 1745 1832 1798 1870; x_wconf 92' lang='lat' dir='ltr'>M.</span> <span class='ocrx_word' id='word_1_269' title='bbox 1822 1830 1933 1877; x_wconf 87' lang='lat' dir='ltr'>Cato,</span> 
     </span>
     <span class='ocr_line' id='line_1_27' title="bbox 174 1893 1933 1948; baseline -0.003 -12"><span class='ocrx_word' id='word_1_270' title='bbox 174 1896 412 1938; x_wconf 87' lang='lat' dir='ltr'>auctoribus</span> <span class='ocrx_word' id='word_1_271' title='bbox 456 1894 747 1934; x_wconf 88' lang='lat' dir='ltr'>eruditissimis</span> <span class='ocrx_word' id='word_1_272' title='bbox 794 1895 984 1935; x_wconf 86' lang='lat' dir='ltr'>inductus</span> <span class='ocrx_word' id='word_1_273' title='bbox 1025 1895 1223 1948; x_wconf 88' lang='lat' dir='ltr'>arripuit,</span> <span class='ocrx_word' id='word_1_274' title='bbox 1266 1909 1405 1948; x_wconf 78' lang='lat' dir='ltr'>neque</span> <span class='ocrx_word' id='word_1_275' title='bbox 1437 1893 1677 1947; x_wconf 90' lang='lat' dir='ltr'>disputandi</span> <span class='ocrx_word' id='word_1_276' title='bbox 1709 1906 1850 1940; x_wconf 86' lang='lat' dir='ltr'>causa,</span> <span class='ocrx_word' id='word_1_277' title='bbox 1890 1896 1933 1931; x_wconf 87' lang='lat' dir='ltr'>ut</span> 
     </span>
     <span class='ocr_line' id='line_1_28' title="bbox 174 1956 1931 2011; baseline -0.003 -13"><span class='ocrx_word' id='word_1_278' title='bbox 174 1972 324 2011; x_wconf 85' lang='lat' dir='ltr'>magna</span> <span class='ocrx_word' id='word_1_279' title='bbox 353 1971 472 2011; x_wconf 92' lang='lat' dir='ltr'>pars,</span> <span class='ocrx_word' id='word_1_280' title='bbox 514 1956 587 1997; x_wconf 87' lang='lat' dir='ltr'>sed</span> <span class='ocrx_word' id='word_1_281' title='bbox 618 1957 676 1996; x_wconf 93' lang='lat' dir='ltr'>ita</span> <span class='ocrx_word' id='word_1_282' title='bbox 706 1957 886 1998; x_wconf 89' lang='lat' dir='ltr'>vivendi.</span> <span class='ocrx_word' id='word_1_283' title='bbox 937 1959 1089 1997; x_wconf 88' lang='lat' dir='ltr'>Petunt</span> <span class='ocrx_word' id='word_1_284' title='bbox 1119 1957 1278 2010; x_wconf 88' lang='lat' dir='ltr'>aliquid</span> <span class='ocrx_word' id='word_1_285' title='bbox 1310 1957 1541 2010; x_wconf 84' lang='lat' dir='ltr'>publicani:</span> <span class='ocrx_word' id='word_1_286' title='bbox 1578 1968 1676 1996; x_wconf 88' lang='lat' dir='ltr'>cave</span> <span class='ocrx_word' id='word_1_287' title='bbox 1709 1956 1931 2009; x_wconf 89' lang='lat' dir='ltr'>quicquam</span> 
     </span>
     <span class='ocr_line' id='line_1_29' title="bbox 172 2017 1931 2073; baseline -0.003 -12"><span class='ocrx_word' id='word_1_288' title='bbox 172 2020 325 2061; x_wconf 88' lang='lat' dir='ltr'>habeat</span> <span class='ocrx_word' id='word_1_289' title='bbox 354 2020 552 2060; x_wconf 89' lang='lat' dir='ltr'>momenti</span> <span class='ocrx_word' id='word_1_290' title='bbox 583 2019 726 2072; x_wconf 84' lang='lat' dir='ltr'>gratia.</span> <span class='ocrx_word' id='word_1_291' title='bbox 787 2020 1007 2072; x_wconf 84' lang='lat' dir='ltr'>Supplices</span> <span class='ocrx_word' id='word_1_292' title='bbox 1046 2021 1175 2073; x_wconf 88' lang='lat' dir='ltr'>aliqui</span> <span class='ocrx_word' id='word_1_293' title='bbox 1220 2020 1393 2060; x_wconf 76' lang='lat' dir='ltr'>veniunt</span> <span class='ocrx_word' id='word_1_294' title='bbox 1431 2018 1568 2059; x_wconf 88' lang='lat' dir='ltr'>miseri</span> <span class='ocrx_word' id='word_1_295' title='bbox 1610 2023 1650 2058; x_wconf 88' lang='lat' dir='ltr'>et</span> <span class='ocrx_word' id='word_1_296' title='bbox 1681 2017 1931 2057; x_wconf 83' lang='lat' dir='ltr'>calamitosi:</span> 
     </span>
     <span class='ocr_line' id='line_1_30' title="bbox 174 2078 1932 2136; baseline -0.003 -13"><span class='ocrx_word' id='word_1_297' title='bbox 174 2083 400 2123; x_wconf 88' lang='lat' dir='ltr'>sceleratus</span> <span class='ocrx_word' id='word_1_298' title='bbox 431 2088 472 2122; x_wconf 91' lang='lat' dir='ltr'>et</span> <span class='ocrx_word' id='word_1_299' title='bbox 501 2081 685 2122; x_wconf 87' lang='lat' dir='ltr'>nefarius</span> <span class='ocrx_word' id='word_1_300' title='bbox 714 2081 866 2129; x_wconf 79' lang='lat' dir='ltr'>fueris,</span> <span class='ocrx_word' id='word_1_301' title='bbox 909 2082 942 2122; x_wconf 92' lang='lat' dir='ltr'>si</span> <span class='ocrx_word' id='word_1_302' title='bbox 976 2082 1196 2136; x_wconf 87' lang='lat' dir='ltr'>quicquam</span> <span class='ocrx_word' id='word_1_303' title='bbox 1229 2081 1516 2122; x_wconf 80' lang='lat' dir='ltr'>misericordia</span> <span class='ocrx_word' id='word_1_304' title='bbox 1546 2080 1749 2120; x_wconf 86' lang='lat' dir='ltr'>adductus</span> <span class='ocrx_word' id='word_1_305' title='bbox 1770 2078 1932 2119; x_wconf 87' lang='lat' dir='ltr'>feceris.</span> 
     </span>
    </p>
   </div>
   <div class='ocr_carea' id='block_1_3' title="bbox 158 2247 1932 3331">
    <p class='ocr_par' dir='ltr' id='par_1_3' title="bbox 158 2247 1932 3331">
     <span class='ocr_line' id='line_1_31' title="bbox 261 2247 1932 2291; baseline -0.003 -8"><span class='ocrx_word' id='word_1_306' title='bbox 261 2252 292 2283; x_wconf 89' lang='grc'>4.</span> <span class='ocrx_word' id='word_1_307' title='bbox 313 2259 446 2291; x_wconf 77' lang='lat' dir='ltr'>possum</span> <span class='ocrx_word' id='word_1_308' title='bbox 470 2250 541 2281; x_wconf 90' lang='lat' dir='ltr'>llv.</span> <span class='ocrx_word' id='word_1_309' title='bbox 571 2267 605 2271; x_wconf 97' lang='lat'><strong>—</strong></span> <span class='ocrx_word' id='word_1_310' title='bbox 631 2259 696 2280; x_wconf 75' lang='lat' dir='ltr'>non</span> <span class='ocrx_word' id='word_1_311' title='bbox 718 2250 823 2281; x_wconf 79' lang='lat' dir='ltr'>mulla</span> <span class='ocrx_word' id='word_1_312' title='bbox 839 2251 1058 2291; x_wconf 66' lang='lat' dir='ltr'>--mayisler</span> <span class='ocrx_word' id='word_1_313' title='bbox 1081 2249 1188 2281; x_wconf 81' lang='lat' dir='ltr'>babet</span> <span class='ocrx_word' id='word_1_314' title='bbox 1212 2248 1350 2287; x_wconf 77' lang='lat' dir='ltr'>Quintil.</span> <span class='ocrx_word' id='word_1_315' title='bbox 1379 2249 1460 2280; x_wconf 79' lang='lat' dir='ltr'>Vlll.</span> <span class='ocrx_word' id='word_1_316' title='bbox 1486 2249 1522 2287; x_wconf 81' lang='lat'>6,</span> <span class='ocrx_word' id='word_1_317' title='bbox 1549 2248 1601 2279; x_wconf 80' lang='lat'>30.</span> <span class='ocrx_word' id='word_1_318' title='bbox 1633 2248 1774 2279; x_wconf 82' lang='lat' dir='ltr'>Addunt</span> <span class='ocrx_word' id='word_1_319' title='bbox 1803 2247 1932 2287; x_wconf 87' lang='lat' dir='ltr'>aliquot</span> 
     </span>
     <span class='ocr_line' id='line_1_32' title="bbox 172 2297 1932 2340; baseline -0.003 -6"><span class='ocrx_word' id='word_1_320' title='bbox 172 2301 252 2334; x_wconf 88' lang='lat' dir='ltr'>edd.</span> <span class='ocrx_word' id='word_1_321' title='bbox 273 2299 411 2339; x_wconf 86' lang='lat' dir='ltr'>Quintil.</span> <span class='ocrx_word' id='word_1_322' title='bbox 437 2308 479 2330; x_wconf 86' lang='lat' dir='ltr'>ex</span> <span class='ocrx_word' id='word_1_323' title='bbox 503 2298 671 2330; x_wconf 90' lang='lat' dir='ltr'>Cicerone</span> <span class='ocrx_word' id='word_1_324' title='bbox 696 2302 724 2330; x_wconf 74' lang='lat' dir='ltr'>et</span> <span class='ocrx_word' id='word_1_325' title='bbox 747 2299 773 2330; x_wconf 77' lang='lat' dir='ltr'>si</span> <span class='ocrx_word' id='word_1_326' title='bbox 793 2308 927 2338; x_wconf 60' lang='lat' dir='ltr'>peccas,</span> <span class='ocrx_word' id='word_1_327' title='bbox 954 2303 982 2332; x_wconf 83' lang='lat' dir='ltr'>le</span> <span class='ocrx_word' id='word_1_328' title='bbox 1005 2309 1116 2340; x_wconf 59' lang='lat' dir='ltr'>repere</span> <span class='ocrx_word' id='word_1_329' title='bbox 1135 2309 1284 2339; x_wconf 73' lang='lat' dir='ltr'>possum3</span> <span class='ocrx_word' id='word_1_330' title='bbox 1311 2299 1375 2330; x_wconf 76' lang='lat' dir='ltr'>sed</span> <span class='ocrx_word' id='word_1_331' title='bbox 1400 2298 1525 2329; x_wconf 80' lang='lat' dir='ltr'>desunt</span> <span class='ocrx_word' id='word_1_332' title='bbox 1541 2298 1629 2329; x_wconf 84' lang='lat' dir='ltr'>baec</span> <span class='ocrx_word' id='word_1_333' title='bbox 1647 2297 1753 2329; x_wconf 74' lang='lat' dir='ltr'>verba</span> <span class='ocrx_word' id='word_1_334' title='bbox 1772 2298 1805 2329; x_wconf 91' lang='lat' dir='ltr'>in</span> <span class='ocrx_word' id='word_1_335' title='bbox 1823 2298 1932 2329; x_wconf 90' lang='lat' dir='ltr'>omni-</span> 
     </span>
     <span class='ocr_line' id='line_1_33' title="bbox 172 2347 1928 2390; baseline -0.003 -7"><span class='ocrx_word' id='word_1_336' title='bbox 172 2352 255 2390; x_wconf 87' lang='lat' dir='ltr'>bus,</span> <span class='ocrx_word' id='word_1_337' title='bbox 280 2352 318 2381; x_wconf 88' lang='lat' dir='ltr'>ut</span> <span class='ocrx_word' id='word_1_338' title='bbox 333 2349 482 2388; x_wconf 83' lang='lat' dir='ltr'>videtur,</span> <span class='ocrx_word' id='word_1_339' title='bbox 508 2348 699 2380; x_wconf 86' lang='lat' dir='ltr'>codicibus.</span> <span class='ocrx_word' id='word_1_340' title='bbox 719 2367 752 2371; x_wconf 65' lang='grc'>»-</span> <span class='ocrx_word' id='word_1_341' title='bbox 772 2350 878 2388; x_wconf 72' lang='lat' dir='ltr'>inquit</span> <span class='ocrx_word' id='word_1_342' title='bbox 892 2350 945 2380; x_wconf 86' lang='lat' dir='ltr'>ille</span> <span class='ocrx_word' id='word_1_343' title='bbox 956 2359 1074 2389; x_wconf 76' lang='lat' dir='ltr'>peccas</span> <span class='ocrx_word' id='word_1_344' title='bbox 1091 2350 1132 2381; x_wconf 85' lang='lat' dir='ltr'>M.</span> <span class='ocrx_word' id='word_1_345' title='bbox 1147 2368 1180 2371; x_wconf 83' lang='lat'><em>-</em></span> <span class='ocrx_word' id='word_1_346' title='bbox 1201 2351 1231 2380; x_wconf 71' lang='lat'>⁶2.</span> <span class='ocrx_word' id='word_1_347' title='bbox 1251 2349 1304 2379; x_wconf 75' lang='lat' dir='ltr'>secl</span> <span class='ocrx_word' id='word_1_348' title='bbox 1320 2349 1346 2379; x_wconf 76' lang='lat' dir='ltr'>si</span> <span class='ocrx_word' id='word_1_349' title='bbox 1371 2349 1448 2379; x_wconf 77' lang='lat' dir='ltr'>Asc.</span> <span class='ocrx_word' id='word_1_350' title='bbox 1470 2348 1547 2378; x_wconf 69' lang='grc'>4544</span> <span class='ocrx_word' id='word_1_351' title='bbox 1570 2357 1575 2378; x_wconf 93' lang='lat'>:</span> <span class='ocrx_word' id='word_1_352' title='bbox 1603 2347 1629 2378; x_wconf 81' lang='lat' dir='ltr'>si</span> <span class='ocrx_word' id='word_1_353' title='bbox 1652 2356 1722 2379; x_wconf 90' lang='lat' dir='ltr'>om.</span> <span class='ocrx_word' id='word_1_354' title='bbox 1741 2349 1826 2386; x_wconf 90' lang='lat' dir='ltr'>mei,</span> <span class='ocrx_word' id='word_1_355' title='bbox 1854 2348 1878 2378; x_wconf 90' lang='lat' dir='ltr'>C</span> <span class='ocrx_word' id='word_1_356' title='bbox 1893 2357 1928 2386; x_wconf 83' lang='grc' dir='ltr'>χ,</span> 
     </span>
     <span class='ocr_line' id='line_1_34' title="bbox 173 2397 1929 2440; baseline -0.003 -7"><span class='ocrx_word' id='word_1_357' title='bbox 173 2403 247 2433; x_wconf 83' lang='lat' dir='ltr'>l&#39;ar.</span> <span class='ocrx_word' id='word_1_358' title='bbox 268 2401 297 2432; x_wconf 90' lang='grc'>4.</span> <span class='ocrx_word' id='word_1_359' title='bbox 318 2399 349 2432; x_wconf 96' lang='lat'>4.</span> <span class='ocrx_word' id='word_1_360' title='bbox 368 2400 399 2430; x_wconf 80' lang='lat'>7.</span> <span class='ocrx_word' id='word_1_361' title='bbox 428 2398 476 2429; x_wconf 71' lang='lat' dir='ltr'><strong>(If.</strong></span> <span class='ocrx_word' id='word_1_362' title='bbox 503 2399 634 2438; x_wconf 76' lang='lat' dir='ltr'>Tragic.</span> <span class='ocrx_word' id='word_1_363' title='bbox 662 2400 759 2430; x_wconf 81' lang='lat' dir='ltr'>Rom.</span> <span class='ocrx_word' id='word_1_364' title='bbox 788 2398 858 2430; x_wconf 72' lang='lat' dir='ltr'>nel.</span> <span class='ocrx_word' id='word_1_365' title='bbox 887 2399 941 2431; x_wconf 90' lang='lat' dir='ltr'>ed.</span> <span class='ocrx_word' id='word_1_366' title='bbox 965 2400 1130 2431; x_wconf 73' lang='lat' dir='ltr'>Ribbeck.</span> <span class='ocrx_word' id='word_1_367' title='bbox 1158 2409 1192 2440; x_wconf 92' lang='lat' dir='ltr'>p.</span> <span class='ocrx_word' id='word_1_368' title='bbox 1210 2399 1285 2430; x_wconf 63' lang='lat'><strong>2055.</strong></span> <span class='ocrx_word' id='word_1_369' title='bbox 1306 2416 1339 2420; x_wconf 86' lang='lat'>—</span> <span class='ocrx_word' id='word_1_370' title='bbox 1368 2407 1426 2437; x_wconf 71' lang='lat' dir='ltr'>eqo</span> <span class='ocrx_word' id='word_1_371' title='bbox 1450 2406 1531 2429; x_wconf 85' lang='lat' dir='ltr'>nos:</span> <span class='ocrx_word' id='word_1_372' title='bbox 1559 2406 1617 2438; x_wconf 69' lang='lat'>⁶²90</span> <span class='ocrx_word' id='word_1_373' title='bbox 1640 2407 1706 2428; x_wconf 76' lang='lat' dir='ltr'>non</span> <span class='ocrx_word' id='word_1_374' title='bbox 1728 2401 1758 2429; x_wconf 82' lang='lat' dir='ltr'>te</span> <span class='ocrx_word' id='word_1_375' title='bbox 1780 2399 1805 2429; x_wconf 81' lang='lat' dir='ltr'>E</span> <span class='ocrx_word' id='word_1_376' title='bbox 1820 2397 1891 2430; x_wconf 86' lang='lat' dir='ltr'>GM</span> <span class='ocrx_word' id='word_1_377' title='bbox 1905 2397 1929 2428; x_wconf 88' lang='lat' dir='ltr'>C</span> 
     </span>
     <span class='ocr_line' id='line_1_35' title="bbox 171 2447 1932 2492; baseline -0.002 -12"><span class='ocrx_word' id='word_1_378' title='bbox 171 2456 253 2492; x_wconf 71' lang='grc' dir='ltr'>χψ,</span> <span class='ocrx_word' id='word_1_379' title='bbox 280 2452 299 2482; x_wconf 78' lang='grc'>5</span> <span class='ocrx_word' id='word_1_380' title='bbox 316 2451 425 2486; x_wconf 70' lang='lat' dir='ltr'>Parr.;</span> <span class='ocrx_word' id='word_1_381' title='bbox 452 2458 510 2489; x_wconf 76' lang='lat'>090</span> <span class='ocrx_word' id='word_1_382' title='bbox 534 2453 562 2480; x_wconf 77' lang='lat' dir='ltr'>te</span> <span class='ocrx_word' id='word_1_383' title='bbox 586 2458 650 2479; x_wconf 80' lang='lat' dir='ltr'>non</span> <span class='ocrx_word' id='word_1_384' title='bbox 666 2459 703 2486; x_wconf 72' lang='lat' dir='ltr'>v;</span> <span class='ocrx_word' id='word_1_385' title='bbox 731 2458 788 2489; x_wconf 65' lang='lat' dir='ltr'>eqo</span> <span class='ocrx_word' id='word_1_386' title='bbox 813 2455 841 2481; x_wconf 84' lang='lat' dir='ltr'>le</span> <span class='ocrx_word' id='word_1_387' title='bbox 866 2451 920 2481; x_wconf 89' lang='lat' dir='ltr'>ed.</span> <span class='ocrx_word' id='word_1_388' title='bbox 941 2452 1047 2488; x_wconf 61' lang='lat' dir='ltr'>Crat,</span> <span class='ocrx_word' id='word_1_389' title='bbox 1068 2451 1138 2481; x_wconf 78' lang='lat' dir='ltr'>LO.</span> <span class='ocrx_word' id='word_1_390' title='bbox 1157 2465 1192 2471; x_wconf 91' lang='lat'>-—</span> <span class='ocrx_word' id='word_1_391' title='bbox 1219 2450 1249 2481; x_wconf 78' lang='lat'>3.</span> <span class='ocrx_word' id='word_1_392' title='bbox 1276 2452 1304 2479; x_wconf 81' lang='lat' dir='ltr'>lc</span> <span class='ocrx_word' id='word_1_393' title='bbox 1326 2449 1407 2479; x_wconf 72' lang='lat' dir='ltr'>‘nihil</span> <span class='ocrx_word' id='word_1_394' title='bbox 1429 2448 1510 2485; x_wconf 85' lang='lat' dir='ltr'>mei,</span> <span class='ocrx_word' id='word_1_395' title='bbox 1538 2448 1562 2478; x_wconf 89' lang='lat' dir='ltr'>C</span> <span class='ocrx_word' id='word_1_396' title='bbox 1578 2448 1603 2478; x_wconf 86' lang='lat' dir='ltr'>ll</span> <span class='ocrx_word' id='word_1_397' title='bbox 1618 2452 1702 2487; x_wconf 78' lang='grc' dir='ltr'>χψ,</span> <span class='ocrx_word' id='word_1_398' title='bbox 1727 2447 1746 2478; x_wconf 85' lang='grc'>5</span> <span class='ocrx_word' id='word_1_399' title='bbox 1763 2448 1880 2479; x_wconf 68' lang='lat' dir='ltr'>Pam:</span> <span class='ocrx_word' id='word_1_400' title='bbox 1903 2450 1932 2478; x_wconf 81' lang='lat' dir='ltr'>le</span> 
     </span>
     <span class='ocr_line' id='line_1_36' title="bbox 170 2497 1928 2536; baseline -0.002 -5"><span class='ocrx_word' id='word_1_401' title='bbox 170 2510 238 2533; x_wconf 88' lang='lat' dir='ltr'>om.</span> <span class='ocrx_word' id='word_1_402' title='bbox 257 2501 319 2531; x_wconf 91' lang='lat' dir='ltr'>LO</span> <span class='ocrx_word' id='word_1_403' title='bbox 345 2508 425 2531; x_wconf 87' lang='lat' dir='ltr'>cum</span> <span class='ocrx_word' id='word_1_404' title='bbox 450 2498 506 2530; x_wconf 88' lang='lat' dir='ltr'>ed.</span> <span class='ocrx_word' id='word_1_405' title='bbox 526 2499 618 2530; x_wconf 82' lang='lat' dir='ltr'>Crat.</span> <span class='ocrx_word' id='word_1_406' title='bbox 637 2516 669 2521; x_wconf 94' lang='lat'>-</span> <span class='ocrx_word' id='word_1_407' title='bbox 698 2508 763 2530; x_wconf 82' lang='lat' dir='ltr'>esse</span> <span class='ocrx_word' id='word_1_408' title='bbox 787 2502 831 2530; x_wconf 77' lang='lat' dir='ltr'>G:</span> <span class='ocrx_word' id='word_1_409' title='bbox 859 2503 887 2532; x_wconf 87' lang='lat' dir='ltr'>le</span> <span class='ocrx_word' id='word_1_410' title='bbox 911 2500 1218 2531; x_wconf 60' lang='lat' dir='ltr'>esse1·3Mv1.0.—</span> <span class='ocrx_word' id='word_1_411' title='bbox 1246 2499 1277 2531; x_wconf 89' lang='lat'>4.</span> <span class='ocrx_word' id='word_1_412' title='bbox 1297 2499 1408 2529; x_wconf 73' lang='lat' dir='ltr'>leviter</span> <span class='ocrx_word' id='word_1_413' title='bbox 1423 2506 1492 2529; x_wconf 90' lang='lat' dir='ltr'>om.</span> <span class='ocrx_word' id='word_1_414' title='bbox 1513 2506 1551 2534; x_wconf 85' lang='lat' dir='ltr'>v;</span> <span class='ocrx_word' id='word_1_415' title='bbox 1578 2497 1691 2528; x_wconf 76' lang='lat' dir='ltr'>leniter</span> <span class='ocrx_word' id='word_1_416' title='bbox 1713 2507 1756 2536; x_wconf 81' lang='grc' dir='ltr'>χ,</span> <span class='ocrx_word' id='word_1_417' title='bbox 1782 2499 1858 2529; x_wconf 85' lang='lat' dir='ltr'>Par.</span> <span class='ocrx_word' id='word_1_418' title='bbox 1882 2497 1928 2528; x_wconf 81' lang='lat'>7..</span> 
     </span>
     <span class='ocr_line' id='line_1_37' title="bbox 169 2546 1931 2590; baseline -0.003 -7"><span class='ocrx_word' id='word_1_419' title='bbox 169 2552 224 2583; x_wconf 88' lang='lat' dir='ltr'>cd.</span> <span class='ocrx_word' id='word_1_420' title='bbox 242 2551 371 2583; x_wconf 85' lang='lat' dir='ltr'>Manut.</span> <span class='ocrx_word' id='word_1_421' title='bbox 398 2550 440 2580; x_wconf 75' lang='lat' dir='ltr'>At</span> <span class='ocrx_word' id='word_1_422' title='bbox 463 2548 505 2579; x_wconf 82' lang='lat' dir='ltr'>cs.</span> <span class='ocrx_word' id='word_1_423' title='bbox 524 2557 575 2579; x_wconf 87' lang='lat' dir='ltr'>or.</span> <span class='ocrx_word' id='word_1_424' title='bbox 601 2557 633 2589; x_wconf 92' lang='lat' dir='ltr'>p.</span> <span class='ocrx_word' id='word_1_425' title='bbox 655 2549 750 2580; x_wconf 88' lang='lat' dir='ltr'>Font.</span> <span class='ocrx_word' id='word_1_426' title='bbox 776 2551 807 2589; x_wconf 56' lang='lat'>5⁸.</span> <span class='ocrx_word' id='word_1_427' title='bbox 827 2549 878 2581; x_wconf 61' lang='lat'><strong>402.</strong></span> <span class='ocrx_word' id='word_1_428' title='bbox 906 2548 984 2590; x_wconf 59' lang='lat'>[532]</span> <span class='ocrx_word' id='word_1_429' title='bbox 1005 2567 1038 2570; x_wconf 82' lang='lat'>——</span> <span class='ocrx_word' id='word_1_430' title='bbox 1058 2549 1205 2580; x_wconf 66' lang='lat' dir='ltr'>viderere</span> <span class='ocrx_word' id='word_1_431' title='bbox 1228 2549 1307 2588; x_wconf 77' lang='lat' dir='ltr'>Lag.</span> <span class='ocrx_word' id='word_1_432' title='bbox 1327 2548 1359 2579; x_wconf 70' lang='lat'>9.</span> <span class='ocrx_word' id='word_1_433' title='bbox 1381 2564 1415 2569; x_wconf 81' lang='grc'>-</span> <span class='ocrx_word' id='word_1_434' title='bbox 1443 2548 1473 2578; x_wconf 78' lang='lat'>7.</span> <span class='ocrx_word' id='word_1_435' title='bbox 1499 2547 1548 2577; x_wconf 78' lang='lat' dir='ltr'>his</span> <span class='ocrx_word' id='word_1_436' title='bbox 1570 2547 1696 2577; x_wconf 76' lang='lat' dir='ltr'>dotibus</span> <span class='ocrx_word' id='word_1_437' title='bbox 1718 2547 1857 2587; x_wconf 85' lang='lat' dir='ltr'>scripsi:</span> <span class='ocrx_word' id='word_1_438' title='bbox 1882 2546 1931 2577; x_wconf 82' lang='lat' dir='ltr'>his</span> 
     </span>
     <span class='ocr_line' id='line_1_38' title="bbox 166 2595 1927 2639; baseline -0.003 -6"><span class='ocrx_word' id='word_1_439' title='bbox 166 2604 212 2633; x_wconf 79' lang='lat' dir='ltr'>tot</span> <span class='ocrx_word' id='word_1_440' title='bbox 235 2601 306 2633; x_wconf 82' lang='lat' dir='ltr'>EM</span> <span class='ocrx_word' id='word_1_441' title='bbox 318 2608 357 2639; x_wconf 79' lang='lat' dir='ltr'>v,</span> <span class='ocrx_word' id='word_1_442' title='bbox 384 2598 486 2629; x_wconf 85' lang='lat' dir='ltr'>codd.</span> <span class='ocrx_word' id='word_1_443' title='bbox 506 2597 683 2639; x_wconf 75' lang='lat' dir='ltr'>plerIque;</span> <span class='ocrx_word' id='word_1_444' title='bbox 711 2601 755 2629; x_wconf 67' lang='lat' dir='ltr'>fol</span> <span class='ocrx_word' id='word_1_445' title='bbox 778 2601 823 2638; x_wconf 69' lang='grc' dir='ltr'>(ὲ,</span> <span class='ocrx_word' id='word_1_446' title='bbox 858 2601 933 2630; x_wconf 82' lang='lat' dir='ltr'>Par.</span> <span class='ocrx_word' id='word_1_447' title='bbox 962 2599 991 2630; x_wconf 90' lang='grc'>4.</span> <span class='ocrx_word' id='word_1_448' title='bbox 1018 2598 1053 2631; x_wconf 75' lang='lat'>4:</span> <span class='ocrx_word' id='word_1_449' title='bbox 1082 2599 1162 2629; x_wconf 73' lang='lat' dir='ltr'>istac</span> <span class='ocrx_word' id='word_1_450' title='bbox 1186 2598 1317 2629; x_wconf 82' lang='lat' dir='ltr'>Ernesti</span> <span class='ocrx_word' id='word_1_451' title='bbox 1344 2599 1377 2628; x_wconf 84' lang='lat' dir='ltr'>et</span> <span class='ocrx_word' id='word_1_452' title='bbox 1395 2598 1418 2627; x_wconf 84' lang='grc' dir='ltr'><strong>Ο</strong></span> <span class='ocrx_word' id='word_1_453' title='bbox 1445 2606 1485 2627; x_wconf 86' lang='lat' dir='ltr'>ex</span> <span class='ocrx_word' id='word_1_454' title='bbox 1511 2595 1587 2627; x_wconf 86' lang='lat' dir='ltr'>cod.</span> <span class='ocrx_word' id='word_1_455' title='bbox 1615 2595 1736 2635; x_wconf 80' lang='lat' dir='ltr'>Guelf.⁷</span> <span class='ocrx_word' id='word_1_456' title='bbox 1762 2604 1852 2637; x_wconf 86' lang='lat' dir='ltr'>quac</span> <span class='ocrx_word' id='word_1_457' title='bbox 1877 2598 1927 2627; x_wconf 82' lang='lat' dir='ltr'>cst</span> 
     </span>
     <span class='ocr_line' id='line_1_39' title="bbox 167 2645 1926 2689; baseline -0.003 -7"><span class='ocrx_word' id='word_1_458' title='bbox 167 2650 350 2682; x_wconf 81' lang='lat' dir='ltr'>manifesta</span> <span class='ocrx_word' id='word_1_459' title='bbox 374 2647 609 2689; x_wconf 60' lang='lat' dir='ltr'>interpolatim</span> <span class='ocrx_word' id='word_1_460' title='bbox 642 2657 750 2680; x_wconf 87' lang='lat' dir='ltr'>nnmo</span> <span class='ocrx_word' id='word_1_461' title='bbox 783 2649 813 2680; x_wconf 86' lang='lat' dir='ltr'>in</span> <span class='ocrx_word' id='word_1_462' title='bbox 838 2653 883 2680; x_wconf 71' lang='lat' dir='ltr'>tot</span> <span class='ocrx_word' id='word_1_463' title='bbox 906 2648 988 2680; x_wconf 84' lang='lat' dir='ltr'>latet</span> <span class='ocrx_word' id='word_1_464' title='bbox 1011 2649 1151 2686; x_wconf 70' lang='lat' dir='ltr'>(letibus,</span> <span class='ocrx_word' id='word_1_465' title='bbox 1183 2647 1275 2688; x_wconf 79' lang='lat' dir='ltr'>quod</span> <span class='ocrx_word' id='word_1_466' title='bbox 1302 2645 1365 2687; x_wconf 78' lang='lat' dir='ltr'>(vol</span> <span class='ocrx_word' id='word_1_467' title='bbox 1389 2645 1571 2685; x_wconf 70' lang='lat' dir='ltr'>virtutibus)</span> <span class='ocrx_word' id='word_1_468' title='bbox 1598 2647 1675 2686; x_wconf 84' lang='lat' dir='ltr'>post</span> <span class='ocrx_word' id='word_1_469' title='bbox 1698 2648 1743 2676; x_wconf 71' lang='lat' dir='ltr'>tot</span> <span class='ocrx_word' id='word_1_470' title='bbox 1764 2646 1798 2677; x_wconf 88' lang='lat' dir='ltr'>in</span> <span class='ocrx_word' id='word_1_471' title='bbox 1824 2645 1926 2677; x_wconf 83' lang='lat' dir='ltr'>codd.</span> 
     </span>
     <span class='ocr_line' id='line_1_40' title="bbox 167 2695 1923 2733; baseline -0.003 -1"><span class='ocrx_word' id='word_1_472' title='bbox 167 2699 383 2732; x_wconf 84' lang='lat' dir='ltr'>intercidisse</span> <span class='ocrx_word' id='word_1_473' title='bbox 408 2698 555 2729; x_wconf 87' lang='lat' dir='ltr'>Beckius</span> <span class='ocrx_word' id='word_1_474' title='bbox 573 2699 607 2728; x_wconf 84' lang='lat' dir='ltr'>et</span> <span class='ocrx_word' id='word_1_475' title='bbox 622 2699 674 2728; x_wconf 85' lang='lat' dir='ltr'>Fr.</span> <span class='ocrx_word' id='word_1_476' title='bbox 696 2699 733 2729; x_wconf 83' lang='lat' dir='ltr'>C.</span> <span class='ocrx_word' id='word_1_477' title='bbox 754 2698 912 2730; x_wconf 77' lang='lat' dir='ltr'>Wolstius</span> <span class='ocrx_word' id='word_1_478' title='bbox 937 2699 1175 2730; x_wconf 74' lang='lat' dir='ltr'>coniecerunt.</span> <span class='ocrx_word' id='word_1_479' title='bbox 1199 2715 1232 2719; x_wconf 85' lang='lat'><em>-</em></span> <span class='ocrx_word' id='word_1_480' title='bbox 1258 2705 1316 2728; x_wconf 51' lang='lat' dir='ltr'>*nec</span> <span class='ocrx_word' id='word_1_481' title='bbox 1338 2697 1510 2727; x_wconf 59' lang='lat' dir='ltr'>medei-ata</span> <span class='ocrx_word' id='word_1_482' title='bbox 1533 2704 1571 2733; x_wconf 82' lang='lat' dir='ltr'>v,</span> <span class='ocrx_word' id='word_1_483' title='bbox 1597 2695 1815 2726; x_wconf 75' lang='lat' dir='ltr'>immoderata</span> <span class='ocrx_word' id='word_1_484' title='bbox 1837 2705 1872 2732; x_wconf 85' lang='grc' dir='ltr'>χ.</span> <span class='ocrx_word' id='word_1_485' title='bbox 1890 2712 1923 2716; x_wconf 85' lang='grc'>--</span> 
     </span>
     <span class='ocr_line' id='line_1_41' title="bbox 165 2743 1926 2789; baseline -0.003 -7"><span class='ocrx_word' id='word_1_486' title='bbox 165 2751 194 2782; x_wconf 88' lang='lat'><strong>8.</strong></span> <span class='ocrx_word' id='word_1_487' title='bbox 222 2758 323 2789; x_wconf 80' lang='lat' dir='ltr'>quam</span> <span class='ocrx_word' id='word_1_488' title='bbox 345 2750 403 2779; x_wconf 79' lang='lat' dir='ltr'>auc</span> <span class='ocrx_word' id='word_1_489' title='bbox 427 2746 528 2778; x_wconf 83' lang='lat' dir='ltr'>codd.</span> <span class='ocrx_word' id='word_1_490' title='bbox 557 2747 660 2778; x_wconf 85' lang='lat' dir='ltr'>etiam</span> <span class='ocrx_word' id='word_1_491' title='bbox 684 2748 806 2787; x_wconf 48' lang='lat' dir='ltr'>meg:</span> <span class='ocrx_word' id='word_1_492' title='bbox 833 2757 932 2787; x_wconf 78' lang='lat' dir='ltr'>quam</span> <span class='ocrx_word' id='word_1_493' title='bbox 956 2749 989 2781; x_wconf 61' lang='grc' dir='ltr'>δέ.</span> <span class='ocrx_word' id='word_1_494' title='bbox 1020 2766 1054 2770; x_wconf 84' lang='grc'>-</span> <span class='ocrx_word' id='word_1_495' title='bbox 1078 2748 1207 2787; x_wconf 72' lang='lat' dir='ltr'>patitur</span> <span class='ocrx_word' id='word_1_496' title='bbox 1230 2749 1254 2776; x_wconf 68' lang='grc' dir='ltr'>(ἱ</span> <span class='ocrx_word' id='word_1_497' title='bbox 1270 2747 1299 2779; x_wconf 79' lang='lat' dir='ltr'>M</span> <span class='ocrx_word' id='word_1_498' title='bbox 1314 2756 1360 2785; x_wconf 81' lang='grc' dir='ltr'>χ,</span> <span class='ocrx_word' id='word_1_499' title='bbox 1387 2748 1461 2778; x_wconf 84' lang='lat' dir='ltr'>Par.</span> <span class='ocrx_word' id='word_1_500' title='bbox 1483 2746 1513 2776; x_wconf 91' lang='grc'>4.</span> <span class='ocrx_word' id='word_1_501' title='bbox 1540 2743 1578 2775; x_wconf 85' lang='lat'>4:</span> <span class='ocrx_word' id='word_1_502' title='bbox 1602 2746 1756 2784; x_wconf 65' lang='lat' dir='ltr'>patiatur</span> <span class='ocrx_word' id='word_1_503' title='bbox 1777 2745 1926 2777; x_wconf 82' lang='lat' dir='ltr'><strong>EvLO.</strong></span> 
     </span>
     <span class='ocr_line' id='line_1_42' title="bbox 166 2794 1927 2837; baseline -0.003 -7"><span class='ocrx_word' id='word_1_504' title='bbox 166 2817 203 2822; x_wconf 85' lang='lat'>-</span> <span class='ocrx_word' id='word_1_505' title='bbox 230 2800 261 2832; x_wconf 80' lang='lat'>9.</span> <span class='ocrx_word' id='word_1_506' title='bbox 287 2800 322 2830; x_wconf 83' lang='lat' dir='ltr'>in</span> <span class='ocrx_word' id='word_1_507' title='bbox 344 2797 498 2837; x_wconf 79' lang='lat' dir='ltr'>imperita</span> <span class='ocrx_word' id='word_1_508' title='bbox 521 2797 545 2828; x_wconf 85' lang='lat' dir='ltr'>E</span> <span class='ocrx_word' id='word_1_509' title='bbox 560 2797 590 2828; x_wconf 81' lang='lat' dir='ltr'><strong>M</strong></span> <span class='ocrx_word' id='word_1_510' title='bbox 605 2797 628 2826; x_wconf 82' lang='lat' dir='ltr'><strong>C</strong></span> <span class='ocrx_word' id='word_1_511' title='bbox 645 2797 691 2836; x_wconf 83' lang='lat' dir='ltr'>H,</span> <span class='ocrx_word' id='word_1_512' title='bbox 718 2798 813 2828; x_wconf 87' lang='lat' dir='ltr'>Parr.</span> <span class='ocrx_word' id='word_1_513' title='bbox 841 2798 876 2836; x_wconf 79' lang='lat' dir='ltr'>(E</span> <span class='ocrx_word' id='word_1_514' title='bbox 900 2798 1073 2837; x_wconf 51' lang='lat' dir='ltr'>inperium:</span> <span class='ocrx_word' id='word_1_515' title='bbox 1105 2797 1139 2827; x_wconf 74' lang='lat' dir='ltr'>in</span> <span class='ocrx_word' id='word_1_516' title='bbox 1163 2805 1232 2827; x_wconf 86' lang='lat' dir='ltr'>om.</span> <span class='ocrx_word' id='word_1_517' title='bbox 1259 2798 1283 2827; x_wconf 84' lang='lat' dir='ltr'>T</span> <span class='ocrx_word' id='word_1_518' title='bbox 1297 2805 1340 2833; x_wconf 79' lang='grc' dir='ltr'>χ,</span> <span class='ocrx_word' id='word_1_519' title='bbox 1374 2796 1486 2835; x_wconf 83' lang='lat' dir='ltr'>imper.</span> <span class='ocrx_word' id='word_1_520' title='bbox 1513 2794 1547 2825; x_wconf 86' lang='lat' dir='ltr'>in</span> <span class='ocrx_word' id='word_1_521' title='bbox 1570 2803 1609 2833; x_wconf 76' lang='lat' dir='ltr'>v,</span> <span class='ocrx_word' id='word_1_522' title='bbox 1636 2797 1759 2825; x_wconf 68' lang='lat' dir='ltr'>natura</span> <span class='ocrx_word' id='word_1_523' title='bbox 1781 2797 1840 2825; x_wconf 75' lang='lat' dir='ltr'>aul</span> <span class='ocrx_word' id='word_1_524' title='bbox 1862 2794 1927 2825; x_wconf 87' lang='lat' dir='ltr'>im-</span> 
     </span>
     <span class='ocr_line' id='line_1_43' title="bbox 160 2843 1927 2889; baseline -0.004 -8"><span class='ocrx_word' id='word_1_525' title='bbox 160 2850 270 2889; x_wconf 77' lang='lat' dir='ltr'>perita</span> <span class='ocrx_word' id='word_1_526' title='bbox 294 2849 378 2889; x_wconf 82' lang='lat' dir='ltr'>(sine</span> <span class='ocrx_word' id='word_1_527' title='bbox 403 2846 447 2887; x_wconf 75' lang='lat' dir='ltr'>in)</span> <span class='ocrx_word' id='word_1_528' title='bbox 473 2848 514 2884; x_wconf 66' lang='grc' dir='ltr'>(ἲς</span> <span class='ocrx_word' id='word_1_529' title='bbox 540 2855 615 2877; x_wconf 81' lang='lat' dir='ltr'>cum</span> <span class='ocrx_word' id='word_1_530' title='bbox 637 2846 791 2886; x_wconf 75' lang='lat' dir='ltr'>imperita</span> <span class='ocrx_word' id='word_1_531' title='bbox 807 2847 919 2884; x_wconf 67' lang='lat' dir='ltr'>Crat.⁷</span> <span class='ocrx_word' id='word_1_532' title='bbox 948 2846 970 2876; x_wconf 89' lang='lat' dir='ltr'>L</span> <span class='ocrx_word' id='word_1_533' title='bbox 985 2846 1022 2876; x_wconf 50' lang='lat'><strong>(⁷).</strong></span> <span class='ocrx_word' id='word_1_534' title='bbox 1043 2863 1075 2866; x_wconf 82' lang='lat'><strong>—</strong></span> <span class='ocrx_word' id='word_1_535' title='bbox 1106 2847 1157 2876; x_wconf 89' lang='grc'>44.</span> <span class='ocrx_word' id='word_1_536' title='bbox 1184 2846 1328 2876; x_wconf 76' lang='lat' dir='ltr'>iucunda</span> <span class='ocrx_word' id='word_1_537' title='bbox 1344 2854 1363 2875; x_wconf 90' lang='lat' dir='ltr'>v</span> <span class='ocrx_word' id='word_1_538' title='bbox 1390 2844 1462 2884; x_wconf 81' lang='lat' dir='ltr'>(sed</span> <span class='ocrx_word' id='word_1_539' title='bbox 1485 2843 1630 2874; x_wconf 72' lang='lat' dir='ltr'>iucunda</span> <span class='ocrx_word' id='word_1_540' title='bbox 1653 2846 1682 2875; x_wconf 81' lang='lat' dir='ltr'>ct</span> <span class='ocrx_word' id='word_1_541' title='bbox 1704 2843 1814 2883; x_wconf 76' lang='lat' dir='ltr'>nota):</span> <span class='ocrx_word' id='word_1_542' title='bbox 1839 2843 1927 2875; x_wconf 75' lang='lat' dir='ltr'>iudi-</span> 
     </span>
     <span class='ocr_line' id='line_1_44' title="bbox 163 2893 1923 2936; baseline -0.003 -6"><span class='ocrx_word' id='word_1_543' title='bbox 163 2898 352 2930; x_wconf 75' lang='lat' dir='ltr'>candaEt}</span> <span class='ocrx_word' id='word_1_544' title='bbox 365 2897 416 2935; x_wconf 88' lang='lat' dir='ltr'>M,</span> <span class='ocrx_word' id='word_1_545' title='bbox 442 2898 552 2934; x_wconf 84' lang='lat' dir='ltr'>Parr.‚</span> <span class='ocrx_word' id='word_1_546' title='bbox 580 2897 701 2935; x_wconf 81' lang='lat' dir='ltr'>Lagg.‚</span> <span class='ocrx_word' id='word_1_547' title='bbox 727 2896 746 2926; x_wconf 79' lang='lat'>5</span> <span class='ocrx_word' id='word_1_548' title='bbox 764 2896 845 2927; x_wconf 79' lang='lat' dir='ltr'><strong>Oxx.</strong></span> <span class='ocrx_word' id='word_1_549' title='bbox 868 2914 901 2917; x_wconf 84' lang='lat'>—</span> <span class='ocrx_word' id='word_1_550' title='bbox 930 2896 964 2926; x_wconf 76' lang='lat' dir='ltr'>in</span> <span class='ocrx_word' id='word_1_551' title='bbox 987 2896 1032 2926; x_wconf 84' lang='grc' dir='ltr'>Μ.</span> <span class='ocrx_word' id='word_1_552' title='bbox 1060 2896 1130 2926; x_wconf 79' lang='lat' dir='ltr'>Cat.</span> <span class='ocrx_word' id='word_1_553' title='bbox 1150 2895 1373 2936; x_wconf 72' lang='lat' dir='ltr'>--mayistro</span> <span class='ocrx_word' id='word_1_554' title='bbox 1397 2902 1466 2925; x_wconf 90' lang='lat' dir='ltr'>om.</span> <span class='ocrx_word' id='word_1_555' title='bbox 1494 2894 1517 2923; x_wconf 84' lang='lat' dir='ltr'>C</span> <span class='ocrx_word' id='word_1_556' title='bbox 1533 2893 1569 2924; x_wconf 89' lang='lat' dir='ltr'>E.</span> <span class='ocrx_word' id='word_1_557' title='bbox 1598 2911 1632 2915; x_wconf 88' lang='lat'>——</span> <span class='ocrx_word' id='word_1_558' title='bbox 1661 2894 1711 2925; x_wconf 71' lang='lat'>42.</span> <span class='ocrx_word' id='word_1_559' title='bbox 1736 2894 1876 2925; x_wconf 80' lang='lat' dir='ltr'>vidimus</span> <span class='ocrx_word' id='word_1_560' title='bbox 1891 2901 1923 2925; x_wconf 89' lang='lat' dir='ltr'>v.</span> 
     </span>
     <span class='ocr_line' id='line_1_45' title="bbox 166 2942 1921 2984; baseline -0.003 -5"><span class='ocrx_word' id='word_1_561' title='bbox 166 2966 199 2972; x_wconf 88' lang='lat'>—-</span> <span class='ocrx_word' id='word_1_562' title='bbox 228 2947 280 2979; x_wconf 76' lang='lat'><strong>114.</strong></span> <span class='ocrx_word' id='word_1_563' title='bbox 305 2954 420 2978; x_wconf 77' lang='lat' dir='ltr'>verum</span> <span class='ocrx_word' id='word_1_564' title='bbox 444 2946 513 2977; x_wconf 84' lang='lat' dir='ltr'>GM</span> <span class='ocrx_word' id='word_1_565' title='bbox 527 2954 604 2984; x_wconf 78' lang='grc' dir='ltr'>νχ,</span> <span class='ocrx_word' id='word_1_566' title='bbox 630 2947 706 2977; x_wconf 83' lang='lat' dir='ltr'>Par.</span> <span class='ocrx_word' id='word_1_567' title='bbox 735 2946 764 2976; x_wconf 91' lang='grc'>4.</span> <span class='ocrx_word' id='word_1_568' title='bbox 791 2945 822 2977; x_wconf 89' lang='lat'>4.</span> <span class='ocrx_word' id='word_1_569' title='bbox 849 2946 890 2977; x_wconf 83' lang='lat'>8:</span> <span class='ocrx_word' id='word_1_570' title='bbox 915 2954 1031 2977; x_wconf 79' lang='lat' dir='ltr'>verum</span> <span class='ocrx_word' id='word_1_571' title='bbox 1054 2946 1107 2977; x_wconf 74' lang='lat' dir='ltr'>secl</span> <span class='ocrx_word' id='word_1_572' title='bbox 1132 2947 1206 2977; x_wconf 85' lang='lat' dir='ltr'>Par.</span> <span class='ocrx_word' id='word_1_573' title='bbox 1226 2945 1262 2981; x_wconf 63' lang='grc' dir='ltr'>ὓς</span> <span class='ocrx_word' id='word_1_574' title='bbox 1289 2945 1343 2975; x_wconf 75' lang='lat' dir='ltr'>sed</span> <span class='ocrx_word' id='word_1_575' title='bbox 1366 2944 1439 2974; x_wconf 87' lang='lat' dir='ltr'>LO.</span> <span class='ocrx_word' id='word_1_576' title='bbox 1463 2960 1497 2964; x_wconf 89' lang='lat'>—</span> <span class='ocrx_word' id='word_1_577' title='bbox 1515 2942 1568 2973; x_wconf 76' lang='lat' dir='ltr'>vir</span> <span class='ocrx_word' id='word_1_578' title='bbox 1589 2951 1714 2974; x_wconf 78' lang='lat' dir='ltr'>summo</span> <span class='ocrx_word' id='word_1_579' title='bbox 1735 2943 1803 2984; x_wconf 73' lang='lat' dir='ltr'>inq.</span> <span class='ocrx_word' id='word_1_580' title='bbox 1829 2942 1866 2975; x_wconf 87' lang='lat' dir='ltr'>E.</span> <span class='ocrx_word' id='word_1_581' title='bbox 1888 2959 1921 2963; x_wconf 90' lang='lat'>-</span> 
     </span>
     <span class='ocr_line' id='line_1_46' title="bbox 162 2993 1924 3036; baseline -0.005 -7"><span class='ocrx_word' id='word_1_582' title='bbox 162 2999 215 3029; x_wconf 84' lang='grc'>45.</span> <span class='ocrx_word' id='word_1_583' title='bbox 242 2997 333 3028; x_wconf 82' lang='lat' dir='ltr'>«Cic.</span> <span class='ocrx_word' id='word_1_584' title='bbox 360 3004 393 3036; x_wconf 89' lang='lat' dir='ltr'>p.</span> <span class='ocrx_word' id='word_1_585' title='bbox 420 2995 507 3027; x_wconf 85' lang='lat' dir='ltr'>Mur.</span> <span class='ocrx_word' id='word_1_586' title='bbox 532 2995 614 3026; x_wconf 83' lang='lat' dir='ltr'>Zeno</span> <span class='ocrx_word' id='word_1_587' title='bbox 646 3004 709 3036; x_wconf 91' lang='lat' dir='ltr'>pro</span> <span class='ocrx_word' id='word_1_588' title='bbox 740 2995 846 3026; x_wconf 73' lang='lat' dir='ltr'>Zenon</span> <span class='ocrx_word' id='word_1_589' title='bbox 877 2995 1043 3036; x_wconf 80' lang='lat' dir='ltr'>profert.»</span> <span class='ocrx_word' id='word_1_590' title='bbox 1077 2996 1181 3027; x_wconf 80' lang='lat' dir='ltr'>Prisc.</span> <span class='ocrx_word' id='word_1_591' title='bbox 1209 2995 1233 3026; x_wconf 95' lang='grc' dir='ltr'>Ι.</span> <span class='ocrx_word' id='word_1_592' title='bbox 1260 3003 1294 3035; x_wconf 88' lang='lat' dir='ltr'>p.</span> <span class='ocrx_word' id='word_1_593' title='bbox 1319 2993 1392 3025; x_wconf 71' lang='lat'><strong>238.</strong></span> <span class='ocrx_word' id='word_1_594' title='bbox 1419 2993 1474 3023; x_wconf 72' lang='grc' dir='ltr'>ΚΓ.</span> <span class='ocrx_word' id='word_1_595' title='bbox 1505 3010 1538 3014; x_wconf 80' lang='lat'>—-</span> <span class='ocrx_word' id='word_1_596' title='bbox 1565 2993 1694 3024; x_wconf 75' lang='lat' dir='ltr'>scientie</span> <span class='ocrx_word' id='word_1_597' title='bbox 1718 2994 1755 3024; x_wconf 90' lang='lat' dir='ltr'>G.</span> <span class='ocrx_word' id='word_1_598' title='bbox 1784 3010 1819 3015; x_wconf 90' lang='lat'>—</span> <span class='ocrx_word' id='word_1_599' title='bbox 1852 2994 1924 3022; x_wconf 75' lang='lat' dir='ltr'>sunt</span> 
     </span>
     <span class='ocr_line' id='line_1_47' title="bbox 161 3040 1925 3087; baseline -0.005 -8"><span class='ocrx_word' id='word_1_600' title='bbox 161 3049 259 3079; x_wconf 77' lang='lat' dir='ltr'>etiam</span> <span class='ocrx_word' id='word_1_601' title='bbox 278 3049 457 3087; x_wconf 79' lang='lat' dir='ltr'>praecepta</span> <span class='ocrx_word' id='word_1_602' title='bbox 479 3045 516 3076; x_wconf 78' lang='lat' dir='ltr'>E.</span> <span class='ocrx_word' id='word_1_603' title='bbox 543 3063 576 3066; x_wconf 69' lang='lat'>—</span> <span class='ocrx_word' id='word_1_604' title='bbox 598 3046 658 3076; x_wconf 80' lang='grc'>46.</span> <span class='ocrx_word' id='word_1_605' title='bbox 684 3045 867 3076; x_wconf 78' lang='lat' dir='ltr'>huiusmodi</span> <span class='ocrx_word' id='word_1_606' title='bbox 892 3047 935 3075; x_wconf 79' lang='lat' dir='ltr'>G:</span> <span class='ocrx_word' id='word_1_607' title='bbox 962 3045 1117 3076; x_wconf 78' lang='lat' dir='ltr'>eiusmodi</span> <span class='ocrx_word' id='word_1_608' title='bbox 1141 3044 1254 3084; x_wconf 67' lang='lat' dir='ltr'>vulgo.</span> <span class='ocrx_word' id='word_1_609' title='bbox 1283 3061 1317 3064; x_wconf 90' lang='lat'>—</span> <span class='ocrx_word' id='word_1_610' title='bbox 1343 3043 1456 3083; x_wconf 57' lang='lat' dir='ltr'>¹(st-alia</span> <span class='ocrx_word' id='word_1_611' title='bbox 1479 3042 1657 3081; x_wconf 76' lang='lat' dir='ltr'>sapientem</span> <span class='ocrx_word' id='word_1_612' title='bbox 1679 3050 1711 3073; x_wconf 87' lang='lat' dir='ltr'>v.</span> <span class='ocrx_word' id='word_1_613' title='bbox 1741 3059 1775 3063; x_wconf 85' lang='lat'>—</span> <span class='ocrx_word' id='word_1_614' title='bbox 1802 3041 1853 3072; x_wconf 55' lang='lat'><strong>117.</strong></span> <span class='ocrx_word' id='word_1_615' title='bbox 1873 3040 1925 3071; x_wconf 80' lang='lat' dir='ltr'>‹le-</span> 
     </span>
     <span class='ocr_line' id='line_1_48' title="bbox 160 3090 1924 3134; baseline -0.003 -8"><span class='ocrx_word' id='word_1_616' title='bbox 160 3098 237 3129; x_wconf 79' lang='lat' dir='ltr'>Iicta</span> <span class='ocrx_word' id='word_1_617' title='bbox 260 3098 297 3129; x_wconf 84' lang='lat' dir='ltr'>E.</span> <span class='ocrx_word' id='word_1_618' title='bbox 334 3114 368 3117; x_wconf 88' lang='lat'>—-</span> <span class='ocrx_word' id='word_1_619' title='bbox 406 3103 470 3126; x_wconf 87' lang='lat' dir='ltr'>esse</span> <span class='ocrx_word' id='word_1_620' title='bbox 497 3095 576 3125; x_wconf 84' lang='lat' dir='ltr'>ante</span> <span class='ocrx_word' id='word_1_621' title='bbox 606 3094 668 3125; x_wconf 78' lang='lat' dir='ltr'>nisi</span> <span class='ocrx_word' id='word_1_622' title='bbox 693 3103 761 3125; x_wconf 90' lang='lat' dir='ltr'>om.</span> <span class='ocrx_word' id='word_1_623' title='bbox 789 3103 821 3124; x_wconf 75' lang='lat' dir='ltr'>v.</span> <span class='ocrx_word' id='word_1_624' title='bbox 852 3112 885 3115; x_wconf 73' lang='lat'>—</span> <span class='ocrx_word' id='word_1_625' title='bbox 922 3094 973 3125; x_wconf 84' lang='grc'>48.</span> <span class='ocrx_word' id='word_1_626' title='bbox 1000 3094 1154 3134; x_wconf 80' lang='lat' dir='ltr'>sapientis</span> <span class='ocrx_word' id='word_1_627' title='bbox 1184 3095 1207 3124; x_wconf 88' lang='lat' dir='ltr'>G</span> <span class='ocrx_word' id='word_1_628' title='bbox 1224 3094 1261 3124; x_wconf 70' lang='grc' dir='ltr'>(Ἰ.</span> <span class='ocrx_word' id='word_1_629' title='bbox 1297 3110 1329 3113; x_wconf 76' lang='lat'>—</span> <span class='ocrx_word' id='word_1_630' title='bbox 1366 3092 1417 3123; x_wconf 76' lang='grc'>49.</span> <span class='ocrx_word' id='word_1_631' title='bbox 1443 3092 1674 3122; x_wconf 80' lang='lat' dir='ltr'>(liscordissimi</span> <span class='ocrx_word' id='word_1_632' title='bbox 1699 3090 1924 3131; x_wconf 77' lang='lat' dir='ltr'>formosissimi</span> 
     </span>
     <span class='ocr_line' id='line_1_49' title="bbox 160 3139 1921 3184; baseline -0.003 -8"><span class='ocrx_word' id='word_1_633' title='bbox 160 3146 272 3177; x_wconf 76' lang='lat' dir='ltr'>diuites</span> <span class='ocrx_word' id='word_1_634' title='bbox 295 3147 332 3177; x_wconf 81' lang='lat' dir='ltr'>G.</span> <span class='ocrx_word' id='word_1_635' title='bbox 360 3162 394 3166; x_wconf 98' lang='lat'><strong>—</strong></span> <span class='ocrx_word' id='word_1_636' title='bbox 418 3144 578 3184; x_wconf 79' lang='lat' dir='ltr'>formosos</span> <span class='ocrx_word' id='word_1_637' title='bbox 601 3144 625 3174; x_wconf 88' lang='lat' dir='ltr'>E</span> <span class='ocrx_word' id='word_1_638' title='bbox 640 3144 671 3175; x_wconf 83' lang='lat' dir='ltr'><strong>M</strong></span> <span class='ocrx_word' id='word_1_639' title='bbox 688 3153 693 3174; x_wconf 88' lang='grc'>;</span> <span class='ocrx_word' id='word_1_640' title='bbox 730 3144 866 3184; x_wconf 82' lang='lat' dir='ltr'>formosi</span> <span class='ocrx_word' id='word_1_641' title='bbox 889 3144 913 3174; x_wconf 88' lang='lat' dir='ltr'>T</span> <span class='ocrx_word' id='word_1_642' title='bbox 927 3153 950 3180; x_wconf 81' lang='grc' dir='ltr'><strong><em>χ</em></strong></span> <span class='ocrx_word' id='word_1_643' title='bbox 965 3153 996 3174; x_wconf 63' lang='lat' dir='ltr'>x.</span> <span class='ocrx_word' id='word_1_644' title='bbox 1028 3161 1062 3165; x_wconf 68' lang='lat'>—</span> <span class='ocrx_word' id='word_1_645' title='bbox 1089 3143 1329 3175; x_wconf 77' lang='lat' dir='ltr'>mendacissimi</span> <span class='ocrx_word' id='word_1_646' title='bbox 1353 3150 1391 3179; x_wconf 61' lang='lat' dir='ltr'>vg</span> <span class='ocrx_word' id='word_1_647' title='bbox 1427 3141 1657 3172; x_wconf 62' lang='lat' dir='ltr'>mendicissima·</span> <span class='ocrx_word' id='word_1_648' title='bbox 1679 3141 1742 3171; x_wconf 74' lang='lat' dir='ltr'>sint</span> <span class='ocrx_word' id='word_1_649' title='bbox 1766 3140 1849 3178; x_wconf 72' lang='lat' dir='ltr'>(sunl</span> <span class='ocrx_word' id='word_1_650' title='bbox 1875 3139 1921 3179; x_wconf 73' lang='grc' dir='ltr'>ψ)</span> 
     </span>
     <span class='ocr_line' id='line_1_50' title="bbox 160 3188 1922 3235; baseline -0.004 -10"><span class='ocrx_word' id='word_1_651' title='bbox 160 3196 185 3225; x_wconf 87' lang='lat' dir='ltr'>C</span> <span class='ocrx_word' id='word_1_652' title='bbox 201 3195 227 3226; x_wconf 89' lang='lat' dir='ltr'>ll</span> <span class='ocrx_word' id='word_1_653' title='bbox 240 3196 319 3235; x_wconf 58' lang='lat' dir='ltr'><strong>Su).</strong></span> <span class='ocrx_word' id='word_1_654' title='bbox 341 3212 377 3217; x_wconf 46' lang='lat' dir='ltr'>m</span> <span class='ocrx_word' id='word_1_655' title='bbox 402 3194 555 3225; x_wconf 79' lang='lat' dir='ltr'>servitute</span> <span class='ocrx_word' id='word_1_656' title='bbox 579 3193 604 3224; x_wconf 88' lang='lat' dir='ltr'>ll</span> <span class='ocrx_word' id='word_1_657' title='bbox 619 3194 643 3224; x_wconf 92' lang='lat' dir='ltr'>T</span> <span class='ocrx_word' id='word_1_658' title='bbox 656 3201 688 3223; x_wconf 72' lang='lat' dir='ltr'>v.</span> <span class='ocrx_word' id='word_1_659' title='bbox 711 3210 745 3214; x_wconf 74' lang='lat'>—</span> <span class='ocrx_word' id='word_1_660' title='bbox 771 3193 824 3224; x_wconf 74' lang='grc'>24.</span> <span class='ocrx_word' id='word_1_661' title='bbox 843 3193 942 3224; x_wconf 70' lang='lat' dir='ltr'>hostis</span> <span class='ocrx_word' id='word_1_662' title='bbox 957 3194 1039 3224; x_wconf 86' lang='lat' dir='ltr'>mei.</span> <span class='ocrx_word' id='word_1_663' title='bbox 1055 3212 1063 3215; x_wconf 26' lang='grc' dir='ltr'><strong>Α</strong></span> <span class='ocrx_word' id='word_1_664' title='bbox 1080 3212 1089 3215; x_wconf 91' lang='grc'>-</span> <span class='ocrx_word' id='word_1_665' title='bbox 1115 3194 1258 3225; x_wconf 82' lang='lat' dir='ltr'>insanos.</span> <span class='ocrx_word' id='word_1_666' title='bbox 1278 3192 1414 3231; x_wconf 76' lang='lat' dir='ltr'>denique</span> <span class='ocrx_word' id='word_1_667' title='bbox 1436 3192 1534 3223; x_wconf 77' lang='lat' dir='ltr'>eliam</span> <span class='ocrx_word' id='word_1_668' title='bbox 1551 3191 1660 3222; x_wconf 72' lang='lat' dir='ltr'>dicunt</span> <span class='ocrx_word' id='word_1_669' title='bbox 1677 3189 1713 3221; x_wconf 81' lang='grc' dir='ltr'>Ε.</span> <span class='ocrx_word' id='word_1_670' title='bbox 1727 3206 1760 3210; x_wconf 95' lang='grc'>-</span> <span class='ocrx_word' id='word_1_671' title='bbox 1780 3188 1833 3220; x_wconf 69' lang='lat'>23.</span> <span class='ocrx_word' id='word_1_672' title='bbox 1851 3188 1922 3228; x_wconf 67' lang='lat' dir='ltr'>glal—</span> 
     </span>
     <span class='ocr_line' id='line_1_51' title="bbox 158 3237 1922 3284; baseline -0.005 -9"><span class='ocrx_word' id='word_1_673' title='bbox 158 3244 316 3275; x_wconf 81' lang='lat' dir='ltr'>linacium</span> <span class='ocrx_word' id='word_1_674' title='bbox 338 3245 389 3283; x_wconf 84' lang='lat' dir='ltr'>M,</span> <span class='ocrx_word' id='word_1_675' title='bbox 422 3243 640 3284; x_wconf 65' lang='lat' dir='ltr'>gallinarium</span> <span class='ocrx_word' id='word_1_676' title='bbox 663 3242 706 3280; x_wconf 79' lang='lat' dir='ltr'>E,</span> <span class='ocrx_word' id='word_1_677' title='bbox 732 3242 962 3274; x_wconf 80' lang='lat' dir='ltr'>cacelinatium</span> <span class='ocrx_word' id='word_1_678' title='bbox 986 3245 1022 3273; x_wconf 72' lang='grc' dir='ltr'>(ἰ.</span> <span class='ocrx_word' id='word_1_679' title='bbox 1050 3260 1083 3264; x_wconf 82' lang='lat'>——</span> <span class='ocrx_word' id='word_1_680' title='bbox 1119 3252 1193 3274; x_wconf 75' lang='lat' dir='ltr'>eum</span> <span class='ocrx_word' id='word_1_681' title='bbox 1216 3250 1285 3273; x_wconf 87' lang='lat' dir='ltr'>om.</span> <span class='ocrx_word' id='word_1_682' title='bbox 1311 3249 1343 3272; x_wconf 88' lang='lat' dir='ltr'>v.</span> <span class='ocrx_word' id='word_1_683' title='bbox 1374 3260 1407 3263; x_wconf 95' lang='lat'>-—</span> <span class='ocrx_word' id='word_1_684' title='bbox 1433 3244 1602 3280; x_wconf 69' lang='lat' dir='ltr'>parentem</span> <span class='ocrx_word' id='word_1_685' title='bbox 1626 3240 1665 3270; x_wconf 91' lang='lat' dir='ltr'>H.</span> <span class='ocrx_word' id='word_1_686' title='bbox 1694 3256 1726 3260; x_wconf 91' lang='lat'><em>-</em></span> <span class='ocrx_word' id='word_1_687' title='bbox 1765 3238 1819 3269; x_wconf 76' lang='lat'>25.</span> <span class='ocrx_word' id='word_1_688' title='bbox 1844 3237 1922 3268; x_wconf 82' lang='lat' dir='ltr'>haec</span> 
     </span>
     <span class='ocr_line' id='line_1_52' title="bbox 161 3287 1917 3331; baseline -0.004 -7"><span class='ocrx_word' id='word_1_689' title='bbox 161 3295 240 3324; x_wconf 90' lang='lat' dir='ltr'>Gv:</span> <span class='ocrx_word' id='word_1_690' title='bbox 265 3293 322 3324; x_wconf 85' lang='lat' dir='ltr'>hoc</span> <span class='ocrx_word' id='word_1_691' title='bbox 346 3294 371 3325; x_wconf 81' lang='lat' dir='ltr'>E</span> <span class='ocrx_word' id='word_1_692' title='bbox 385 3293 458 3325; x_wconf 89' lang='lat' dir='ltr'>MH</span> <span class='ocrx_word' id='word_1_693' title='bbox 473 3294 567 3331; x_wconf 64' lang='lat' dir='ltr'>STx</span> <span class='ocrx_word' id='word_1_694' title='bbox 593 3294 686 3324; x_wconf 83' lang='lat' dir='ltr'>Parr.</span> <span class='ocrx_word' id='word_1_695' title='bbox 717 3310 749 3314; x_wconf 56' lang='grc' dir='ltr'>υ</span> <span class='ocrx_word' id='word_1_696' title='bbox 777 3292 829 3323; x_wconf 63' lang='grc'>826.</span> <span class='ocrx_word' id='word_1_697' title='bbox 859 3292 1009 3323; x_wconf 78' lang='lat' dir='ltr'>inductus</span> <span class='ocrx_word' id='word_1_698' title='bbox 1033 3293 1057 3323; x_wconf 85' lang='lat' dir='ltr'>G</span> <span class='ocrx_word' id='word_1_699' title='bbox 1073 3301 1108 3322; x_wconf 67' lang='lat' dir='ltr'>v:</span> <span class='ocrx_word' id='word_1_700' title='bbox 1135 3292 1267 3322; x_wconf 78' lang='lat' dir='ltr'>indutus</span> <span class='ocrx_word' id='word_1_701' title='bbox 1288 3300 1329 3329; x_wconf 68' lang='grc' dir='ltr'>χ,</span> <span class='ocrx_word' id='word_1_702' title='bbox 1357 3290 1418 3322; x_wconf 72' lang='lat' dir='ltr'>iter</span> <span class='ocrx_word' id='word_1_703' title='bbox 1440 3290 1589 3322; x_wconf 73' lang='lat' dir='ltr'>inductus</span> <span class='ocrx_word' id='word_1_704' title='bbox 1611 3288 1718 3321; x_wconf 85' lang='lat' dir='ltr'>EMC</span> <span class='ocrx_word' id='word_1_705' title='bbox 1733 3287 1853 3327; x_wconf 69' lang='grc' dir='ltr'>Ηὸψ.</span> <span class='ocrx_word' id='word_1_706' title='bbox 1883 3304 1917 3311; x_wconf 61' lang='lat'>—&lt;</span> 
     </span>
    </p>
   </div>
   <div class='ocr_carea' id='block_1_4' title="bbox 161 3342 585 3383">
    <p class='ocr_par' dir='ltr' id='par_1_4' title="bbox 161 3342 585 3383">
     <span class='ocr_line' id='line_1_53' title="bbox 161 3342 585 3383; baseline 0 -9"><span class='ocrx_word' id='word_1_707' title='bbox 161 3342 216 3375; x_wconf 70' lang='lat'>27.</span> <span class='ocrx_word' id='word_1_708' title='bbox 237 3345 353 3383; x_wconf 74' lang='lat' dir='ltr'>petunt</span> <span class='ocrx_word' id='word_1_709' title='bbox 374 3342 421 3375; x_wconf 82' lang='lat' dir='ltr'>illi</span> <span class='ocrx_word' id='word_1_710' title='bbox 446 3342 525 3382; x_wconf 80' lang='lat' dir='ltr'>quid</span> <span class='ocrx_word' id='word_1_711' title='bbox 547 3344 585 3374; x_wconf 91' lang='lat' dir='ltr'>G.</span> 
     </span>
    </p>
   </div>
  </div>
 </body>
</html>
