2143 3713
434 221 524 263 Lm.
555 221 622 262 IV.
663 220 758 261 CAP.
788 217 1259 260 XXXVII—XXXIX.
1294 214 1368 270 ὃὸ.
1398 213 1443 255 81
1462 214 1592 256 -811,
1808 209 1888 252 355

149 332 260 387 quod
291 333 333 372 in
363 333 413 373 iis
443 333 565 373 rebus
595 345 668 385 pro
698 344 790 371 mea
818 335 933 384 parte
964 343 1126 378 versor,
1166 341 1341 382 quarum
1371 326 1441 367 ille
1472 328 1663 380 princeps
1692 325 1791 374 fuit,
1823 338 1890 365 ae-

147 396 323 449 quitate,
353 395 575 441 industria,
608 393 889 445 temperantia,
917 391 1159 432 defensione
1185 390 1449 437 miserorum,
1480 389 1574 429 odio
1595 389 1891 442 improborum:

147 471 253 511 quae
284 458 471 511 cognatio
504 455 732 496 studiorum
763 459 804 494 ct
833 454 982 494 artium
1013 453 1309 507 propemodum
1334 465 1417 492 non
1438 453 1572 491 minus
1594 457 1658 491 est
1677 452 1895 491 coniuncta

146 533 270 574 quam
300 521 399 568 ista,
431 530 512 572 qua
536 530 608 557 vos
640 516 922 563 delectamini,
954 515 1117 569 generis
1149 520 1189 555 et
1217 514 1409 554 nominis.
1459 514 1688 553 XXXVIII.
1719 512 1785 554 82.
1816 515 1895 553 Re-

146 587 241 635 peto
273 582 345 622 abs
376 586 440 628 te,
471 580 640 625 Verres,
671 582 982 618 monumentum
1003 579 1045 617 P.
1068 576 1269 616 Africani:
1301 589 1462 616 causam
1485 574 1742 623 Siculorum,
1772 586 1927 629 quamf,

146 643 333 696 suscepi,
364 642 580 694 relinquo:
624 639 822 678 iudicium
854 639 904 679 de
935 638 1121 692 pecuniis
1151 638 1390 692 repetundis
1420 651 1472 677 ne
1504 638 1555 677 sit
1582 637 1661 677 hoc
1692 642 1895 691 tempore:

148 705 468 758 Segestanorum
498 701 671 741 iniuriae
703 701 984 753 negligantur:
1015 700 1127 740 basis
1157 701 1199 739 P.
1224 699 1430 753 Scipionis
1455 699 1715 739 restituatur:
1746 713 1898 739 nomen

145 767 284 808 invicti
326 764 584 819 imperatoris
625 763 850 803 incidatur:
891 764 1052 815 signum
1091 762 1416 814 pulcherrimum
1455 760 1706 814 Karthagine
1737 767 1898 816 captum

147 833 382 882 reponatur.
439 826 552 865 Haec
591 825 662 865 abs
705 830 744 865 te
784 839 866 865 non
909 823 1141 864 Siculorum
1174 823 1394 871 defensor,
1435 836 1519 863 non
1550 828 1643 863 tuus
1673 828 1899 870 accusator,

146 903 231 929 non
262 888 476 942 Segestani
505 888 738 941 postulant,
770 887 842 927 sed
871 888 927 935 is,
960 886 1030 940 qui
1052 886 1217 926 laudem
1239 886 1496 939 gloriamque
1517 886 1560 924 P.
1579 885 1763 926 Africani
1783 891 1949 925 tuen-40

148 952 240 991 dam
271 949 681 1002 conservandamque
713 950 906 1002 suscepit.
964 950 1057 988 Non
1086 961 1254 995 vereor,
1286 962 1338 988 ne
1368 947 1446 987 hoc
1478 944 1657 987 officium
1688 961 1825 988 meum
1858 947 1901 986 P.

147 1012 320 1053 Servilio
351 1012 474 1052 iudici
505 1025 588 1051 non
618 1011 812 1064 probem;
844 1012 913 1065 qui
935 1025 1026 1051 cum
1047 1024 1112 1050 res
1134 1010 1335 1050 maximas
1357 1010 1532 1062 gesserit
1550 1014 1901 1062 monumentaque

146 1088 312 1115 suarum
358 1087 493 1114 rerum
535 1079 740 1126 gestarum
778 1087 868 1113 cum
899 1073 1076 1113 maxime
1108 1072 1331 1112 constituat
1360 1077 1484 1125 atque
1523 1073 1565 1112 in
1605 1072 1655 1112 iis
1696 1072 1901 1124 elaboret,

143 1135 327 1189 profecto
357 1136 469 1176 volet
498 1136 600 1176 haec
631 1149 715 1175 non
747 1135 880 1175 solum
913 1136 997 1175 suis
1028 1135 1223 1189 posteris,
1257 1148 1400 1174 verum
1432 1135 1553 1175 etiam
1585 1134 1774 1174 omnibus
1805 1134 1902 1173 viris

144 1196 318 1237 fortibus
363 1202 404 1237 et
442 1197 564 1237 honis
604 1197 762 1237 civibus
806 1197 1090 1245 defendenda,
1135 1210 1219 1236 non
1250 1196 1467 1251 spolianda
1497 1197 1695 1249 improbis
1726 1196 1951 1238 tradere.45

144 1260 236 1299 Non
266 1273 433 1307 vereor,
464 1273 516 1299 ne
546 1260 642 1307 tibi,
674 1259 724 1307 Q.
757 1259 921 1307 Catule,
958 1259 1192 1313 displiceat,
1223 1259 1337 1299 cuius
1368 1259 1667 1312 amplissimum
1698 1259 1787 1299 orbi
1822 1263 1903 1298 ter-

145 1334 282 1361 rarum
326 1321 684 1376 clarissimumque
722 1325 1034 1361 monumentum
1078 1326 1156 1368 est,
1205 1334 1328 1375 quam
1357 1321 1557 1373 plurimos
1588 1334 1679 1361 esse
1710 1321 1902 1362 custodes

145 1388 531 1431 monumentorum,
572 1389 612 1424 et
650 1388 795 1436 putare
826 1396 969 1423 omnes
999 1384 1129 1423 bonos
1161 1383 1321 1423 alienae
1352 1382 1506 1434 gloriae
1536 1382 1821 1423 defensionem
1852 1383 1903 1423 ad

146 1444 327 1485 officium
359 1459 479 1486 suum
509 1447 731 1499 pertinere.
792 1444 858 1485 83.
888 1445 1096 1499 Equidem
1128 1445 1273 1485 ceteris
1303 1444 1421 1484 istius
1448 1443 1570 1484 furtis
1591 1450 1716 1499 atque
1737 1445 1903 1499 flagitiis

146 1506 205 1547 ita
234 1519 425 1554 moveor,
465 1513 511 1548 ut
542 1522 590 1549 ea
619 1507 966 1562 reprehendenda
996 1512 1155 1547 tantum
1185 1512 1350 1561 putem:
1389 1506 1457 1546 hic
1486 1520 1583 1547 vero
1613 1511 1728 1548 tanto
1761 1507 1903 1548 dolore
1917 1519 1953 1549 20

145 1566 319 1618 afficior,
362 1573 409 1609 ut
447 1570 551 1610 nihil
590 1571 689 1611 mihi
728 1570 958 1623 indignius,
1003 1569 1108 1609 nihil
1147 1570 1282 1610 minus
1318 1569 1539 1609 ferendum
1581 1582 1672 1610 esse
1702 1570 1903 1611 videatur.

145 1631 294 1672 Verres
320 1631 501 1672 Africani
531 1633 807 1674 monumentis
829 1632 999 1672 domum
1020 1645 1158 1679 suam,
1190 1632 1356 1685 plenam
1377 1632 1530 1684 stupri,
1560 1631 1727 1685 plenam
1748 1634 1904 1686 flagitii,

146 1693 312 1747 plenam
351 1693 592 1744 dedecoris,
633 1696 824 1736 ornabit?
869 1695 1019 1735 Verres
1060 1694 1423 1747 temperantissimi
1462 1695 1796 1749 sanctissimique
1826 1695 1903 1734 viri

147 1761 482 1803 monumentum,
513 1758 668 1798 Dianae
699 1758 959 1798 simulacrum
989 1757 1180 1809 virginis,
1212 1757 1254 1797 in
1276 1770 1324 1797 ea
1345 1756 1467 1797 domo
1488 1757 1727 1806 collocabit,
1758 1757 1801 1797 in
1822 1769 1904 1811 qua

148 1831 313 1871 semper
342 1818 624 1866 meretricum,
655 1820 851 1860 lenonum
882 1819 1042 1873 flagitia
1069 1821 1321 1859 versantur?
1916 1832 1954 1861 25

259 1880 456 1920 XXXIX.
488 1878 554 1920 84.
585 1883 637 1921 At
666 1882 745 1922 hoc
774 1883 908 1922 solum
938 1881 1122 1921 Africani
1150 1886 1463 1921 monumentum
1492 1881 1689 1922 violasti?
1720 1880 1849 1935 quid?
1880 1893 1904 1921 a

148 1943 439 1997 Tyndaritanis
478 1956 563 1982 non
609 1944 792 1984 eiusdem
824 1945 1026 1997 Scipionis
1056 1943 1261 1983 beneficio
1292 1943 1474 1996 positum
1503 1944 1768 1984 simulacrum
1797 1945 1905 1983 Mer-

148 2005 271 2053 curii,
300 2004 577 2059 pulcherrime
606 2005 779 2053 factum,
812 2006 1040 2046 sustulisti?
1086 2006 1137 2045 At
1167 2018 1291 2059 quem
1321 2005 1372 2045 ad
1403 2004 1592 2053 modum,
1624 2006 1665 2045 di
1696 2006 1905 2046 immorta-

146 2067 229 2107 les!
262 2080 388 2120 quam
418 2066 636 2107 audactert
670 2082 790 2122 quam
822 2067 1062 2107 libidinose!
1096 2080 1220 2121 quam
1245 2067 1530 2120 impudenterl
1560 2068 1741 2108 Audistis
1771 2081 1906 2121 nuper

150 2128 289 2170 dicere
320 2129 479 2182 legatos
511 2129 832 2183 Tyndaritanos,
870 2130 1058 2170 homines
1099 2129 1414 2171 honestissimos
1445 2143 1492 2170 ac
1522 2131 1731 2184 principes
1762 2131 1953 2175 civita-30

146 2191 218 2238 tis,
260 2191 527 2238 Mercurium,
571 2192 643 2245 qui
684 2193 809 2232 sacris
849 2192 1143 2231 anniversariis
1183 2191 1292 2245 apud
1333 2205 1403 2232 eos
1439 2205 1486 2232 ac
1517 2206 1676 2234 summa
1704 2193 1904 2246 religione

147 2253 374 2301 coleretur,
413 2267 537 2307 quem
573 2254 616 2292 P.
646 2254 863 2294 Africanus
894 2254 1148 2306 Karthagine
1186 2260 1306 2307 capta
1335 2254 1626 2308 Tyndaritanis
1656 2268 1740 2295 non
1771 2255 1904 2296 solum

147 2327 246 2355 suae
275 2315 497 2364 victoriae,
529 2315 603 2356 sed
633 2317 756 2357 etiam
785 2316 951 2356 illorum
981 2314 1080 2356 fidei
1109 2316 1404 2370 societatisque
1434 2322 1749 2358 monumentum
1780 2323 1903 2373 atque

235 2496 268 2528 1.
292 2495 328 2527 in
356 2494 406 2534 iis]
439 2494 474 2526 in
500 2493 548 2525 his
577 2493 680 2525 codd.
715 2512 750 2517 —-
783 2493 878 2526 rebus
900 2495 965 2527 R3:
1002 2493 1128 2526 artibus
1151 2493 1235 2526 dett.
1262 2494 1298 2526 O.
1338 2512 1373 2517 —
1410 2496 1442 2527 5.
1467 2495 1502 2526 P.
1528 2504 1598 2527 om.
1623 2496 1726 2537 Lagg.
1752 2495 1837 2528 dett.
1867 2515 1902 2520 —

150 2545 181 2578 6.
206 2545 394 2587 repetundis
411 2553 482 2585 pec.
510 2543 556 2575 G3
582 2544 662 2584 (non
679 2544 728 2585 R).
750 2563 785 2568 —
810 2545 841 2576 7.
867 2544 1083 2585 neqleyantur
1096 2545 1134 2576 R.
1156 2562 1191 2566 —-
1208 2545 1242 2576 P.
1261 2552 1331 2576 om.
1348 2544 1452 2585 Lg29.
1473 2562 1508 2567 —
1533 2545 1696 2585 Scipionis
1717 2545 1777 2584 R3,
1796 2546 1903 2586 Lgs29:

147 2595 299 2636 Africani
327 2594 412 2627 dett.
439 2594 477 2626 O.
513 2611 546 2616 -
585 2594 615 2626 8.
641 2594 753 2625 invicti
776 2593 823 2626 R3
840 2592 861 2625 λ
877 2594 988 2634 Lg29:
1023 2594 1225 2626 invictissimi
1254 2593 1339 2626 dett.
1371 2611 1406 2616 -
1443 2597 1576 2634 capt-um
1598 2594 1646 2626 133
1669 2595 1688 2626 7
1711 2595 1816 2636 Lagg.
1844 2595 1903 2636 (cf.

150 2645 183 2687 g.
207 2645 282 2684 88.;
308 2645 359 2678 sic
381 2643 492 2676 tollere
513 2644 689 2685 Ayriqento
713 2644 743 2684 ἓ.
771 2644 822 2675 91.
849 2644 957 2684 112.);
994 2647 1127 2684 captum
1148 2647 1314 2684 receptum
1332 2645 1352 2676 2
1369 2643 1473 2676 codd.
1499 2643 1655 2675 Lambini
1681 2643 1767 2684 (coll.
1794 2644 1825 2685 S.
1851 2645 1905 2677 77.

148 2695 355 2737 Karthagine
375 2694 533 2735 revecta);
559 2698 660 2735 capta
682 2695 789 2735 Lg293
814 2697 914 2734 capta
935 2697 1101 2734 receptum
1124 2693 1167 2725 de
1192 2694 1307 2726 Beckii
1330 2694 1420 2726 coni.
1446 2694 1484 2725 Ο.
1505 2710 1540 2715 -—
1566 2692 1618 2725 13.
1643 2697 1812 2734 gestarum
1835 2703 1905 2726 om.

150 2743 234 2776 dett.
261 2745 299 2777 O.
327 2762 363 2768 ——
388 2753 491 2784 quam
511 2744 658 2776 maxime
681 2744 722 2775 61
741 2753 748 2782 ;
774 2752 874 2784 quam
896 2753 971 2776 cum
992 2745 1138 2776 maxime
1161 2744 1208 2776 G2
1224 2744 1305 2782 Ld.;
1331 2753 1406 2776 cum
1428 2752 1528 2784 quam
1549 2752 1642 2774 max.
1662 2742 1704 2781 C;
1729 2752 1817 2775 nune
1838 2751 1909 2774 ma-

148 2794 239 2826 mime
263 2792 341 2826 cod.
367 2793 442 2827 Urs.
471 2811 507 2816 -
532 2793 573 2824 iis
595 2794 637 2825 R:
663 2793 712 2825 his
734 2794 772 2826 Ο.
800 2811 834 2816 -
861 2793 984 2825 laboret
1007 2793 1053 2825 G3
1070 2793 1170 2834 Lg29.
1199 2810 1234 2815 —-
1263 2792 1314 2826 44.
1340 2794 1406 2824 suis
1428 2802 1498 2825 om.
1521 2792 1624 2833 Lg29.
1643 2809 1678 2814 —
1706 2793 1758 2824 16.
1779 2793 1816 2832 Q.
1835 2801 1906 2824 om.

150 2843 258 2876 idem.
285 2860 323 2867 -
349 2842 421 2875 orbi
442 2843 490 2876 R3
521 2843 574 2884 (cs.
601 2852 634 2884 p.
661 2843 755 2875 dom.
784 2842 814 2883 ἓ.
841 2842 893 2875 24.
920 2841 1031 2875 Halm.
1057 2842 1102 2874 ad
1131 2843 1225 2875 hunc
1247 2841 1270 2874 l.
1297 2844 1332 2874 et
1354 2843 1399 2874 ad
1422 2844 1511 2876 Sest.
1537 2843 1568 2883 g.
1595 2843 1647 2874 66.
1673 2851 1707 2883 p.
1734 2841 1841 2882 192.);
1873 2842 1909 2873 in

151 2893 227 2926 orbe
250 2892 335 2926 dett.
361 2893 399 2924 Ο.
428 2910 461 2917 —-
491 2893 543 2925 18.
569 2896 599 2924 et
622 2901 690 2925 om.
716 2894 819 2933 Lagg.
849 2910 884 2914 -—
912 2893 964 2924 19.
989 2893 1136 2932 equidem
1158 2893 1184 2925 R
1201 2893 1242 2924 61
1264 2893 1283 2925 2
1299 2892 1389 2933 Lg29
1415 2893 1538 2933 (Madv.
1564 2901 1598 2933 p.
1625 2892 1708 2931 73.):
1743 2895 1812 2923 tum
1835 2892 1910 2932 qut-

150 2944 224 2976 dem
246 2942 330 2982 Ld.;
366 2946 396 2975 et
419 2943 548 2982 quidem
571 2942 656 2975 dett.
682 2943 719 2975 O.
752 2960 789 2965 —
826 2942 878 2974 20.
904 2942 1059 2981 imputem
1082 2942 1107 2973 R
1124 2942 1182 2974 G3.
1217 2959 1252 2963 —
1290 2944 1380 2973 tanto
1404 2941 1450 2973 R3
1467 2941 1575 2982 Lg42:
1607 2944 1735 2972 tantum
1758 2941 1843 2973 dett.
1871 2959 1905 2964 ——

151 2993 207 3025 21.
232 2991 371 3034 adficior
393 2993 431 3025 R.
459 3009 494 3015 —
525 2992 616 3032 mihi]
640 2993 687 3024 mi
709 2993 746 3025 R.
775 3010 810 3015 ——
839 2991 920 3023 nihil
941 2991 1049 3022 minus
1070 2990 1134 3030 113,
1161 2992 1269 3023 Prisc.
1294 2992 1319 3022 Ι.
1344 3000 1379 3033 p.
1405 2991 1491 3024 235:
1529 3000 1598 3023 om.
1625 2991 1709 3023 dett.
1736 3008 1771 3013 —
1798 3000 1863 3024 esse
1885 2993 1911 3024 R

152 3043 189 3074 et
210 3042 333 3083 Lagg.:
360 3050 430 3074 om.
457 3043 498 3074 61
520 3042 540 3074 2
564 3042 601 3074 Ο.
629 3059 664 3064 -
690 3042 743 3073 23.
770 3042 918 3073 dedecori
940 3041 978 3072 R.
1005 3057 1040 3063 —
1072 3041 1357 3081 temperantissimi
1379 3042 1420 3080 R,
1447 3040 1491 3073 al.
1516 3041 1551 3072 in
1574 3048 1683 3081 marg.
1711 3040 1795 3073 4584
1820 3039 1850 3082 (λ
1862 3042 1909 3082 *ηε

153 3091 416 3131 temperatissimi
439 3090 485 3123 G3
510 3091 612 3132 Lagg.
650 3091 700 3123 Cf.
726 3100 761 3132 p.
788 3092 883 3123 Font.
910 3090 940 3132 g.
967 3090 1020 3122 28.
1046 3098 1079 3131 p.
1105 3091 1191 3123 Mur.
1219 3091 1249 3131 g.
1276 3089 1327 3122 64.
1355 3089 1465 3122 Halm.
1492 3089 1537 3122 ad
1559 3090 1671 3121 Vatin.
1698 3088 1728 3129 S.
1747 3089 1778 3122 1.
1803 3098 1838 3131 p.
1857 3090 1910 3124 35.

155 3141 269 3173 Garat.
294 3140 340 3172 ad
363 3139 447 3173 Phil.
474 3140 559 3173 VIII.
587 3150 618 3173 c.
642 3141 674 3172 5.
700 3150 734 3183 p.
760 3141 835 3173 253.
866 3140 1031 3173 Wernsd.
1057 3140 1184 3180 (Verres
1205 3141 1354 3181 Africani
1386 3143 1408 3171 t.
1433 3149 1459 3172 s.
1484 3149 1516 3172 v.
1541 3139 1758 3172 monumentis
1781 3139 1913 3173 domum

154 3198 252 3221 suam
270 3191 317 3230 pl.
341 3193 380 3223 st.
401 3190 449 3231 pl.
473 3192 508 3233 sl.
530 3190 577 3231 pl.
599 3191 630 3222 d.
656 3190 814 3222 ornabit?
841 3191 953 3222 Verres
975 3190 1107 3222 Dianae
1129 3199 1207 3231 sqq.
1228 3190 1318 3222 coni.
1336 3189 1427 3222 Bake
1452 3198 1486 3231 p.
1506 3189 1573 3229 24.)
1591 3205 1626 3211 -
1653 3186 1706 3220 24.
1733 3188 1915 3222 conlocavit

157 3239 200 3277 R;
225 3239 395 3271 collocavit
417 3241 477 3272 61.
497 3257 533 3263 --
559 3241 613 3273 25.
638 3241 790 3273 lenonum
812 3240 882 3272 R3:
908 3240 1122 3279 lenonumque
1145 3240 1229 3271 dett.
1249 3240 1285 3271 Ο.
1315 3239 1457 3281 [Recte.]
1485 3257 1520 3262 —
1547 3240 1600 3271 26.
1627 3237 1672 3279 at]
1698 3238 1742 3268 ad
1765 3238 1803 3278 R,
1828 3239 1913 3273 item

157 3295 192 3319 v.
217 3287 270 3320 32.
296 3305 332 3312 —
358 3289 411 3322 27.
436 3299 543 3325 nonne
564 3290 668 3333 Lg42.
695 3307 730 3314 —-
757 3290 944 3331 beneficium
965 3291 1004 3323 R.
1025 3308 1060 3314 -
1086 3290 1140 3323 28.
1166 3291 1212 3322 dii
1233 3290 1367 3322 inmort.
1391 3291 1430 3324 R.
1454 3307 1488 3314 —
1515 3290 1568 3322 29.
1594 3288 1788 3329 inpudenter
1809 3288 1848 3322 R.
1875 3307 1910 3313 —

160 3336 212 3370 32.
236 3338 272 3373 P.
297 3347 368 3373 om.
394 3339 453 3374 G3.
