2175 3718
389 221 480 261 Lm.
511 220 560 259 11.
601 218 696 259 οη.
726 216 1214 258 xxxw—xxxvnl.
1251 215 1326 269 55.
1357 215 1552 257 88—93.
1797 214 1878 257 205

135 337 294 385 gerent.
351 332 552 372 Dicebant
589 343 632 370 se
669 329 729 368 illi
770 329 873 368 nihil
910 329 1081 376 habere,
1127 328 1239 381 quod
1286 328 1485 368 dicerent.
1553 330 1657 367 Tum
1697 329 1775 368 iste
1812 329 1879 368 his

134 400 275 446 aperte
307 394 488 434 ostendit
517 398 555 431 et
585 391 855 437 confirmavit,
888 405 960 431 cos
992 392 1033 430 in
1056 390 1288 437 Sthenium,
1320 390 1526 443 quidquid
1560 391 1725 437 vellent,
1756 390 1878 430 simul

134 461 260 508 atque
290 455 341 495 ad
372 468 415 495 se
447 454 701 500 detulissent,
732 454 994 505 probaturos.
1040 454 1185 505 Itaque
1217 452 1276 490 illi
1299 465 1383 491 non
1405 453 1730 504 procrastinant:
1763 453 1880 492 Sthe-

135 518 250 556 nium
295 517 429 556 statim
474 517 673 555 educunt:
724 515 841 554 aiunt
882 516 931 554 ab
977 529 1026 554 eo
1073 515 1229 553 litteras
1272 514 1462 566 publicas
1514 528 1604 554 esse
1650 520 1876 567 corruptas.

136 579 330 618 Sthenius
360 578 561 631 postulat,
606 582 667 623 ut,
700 591 792 616 cum
825 592 965 616 serum
998 577 1062 616 sui
1103 576 1214 615 cives
1255 581 1379 628 agant
1419 576 1469 615 de
1509 576 1658 617 litteris
1699 579 1908 629 publicis-33

135 642 339 694 corruptis
378 640 551 692 eiusque
592 639 651 677 rei
689 639 850 687 legibus
882 639 1241 678 'l‘hermitanorum
1282 639 1390 678 actio
1431 638 1502 685 sit,
1545 644 1800 692 senatusque
1842 646 1881 679 et

134 704 316 757 populus
347 704 556 742 Romanus
589 701 888 749 Thermitanis,
933 701 1045 754 quod
1088 714 1251 752 semper
1283 701 1323 739 in
1356 701 1538 739 amicitia
1568 700 1738 754 lideque
1769 716 1881 741 man-

134 766 306 812 sissent,
338 764 482 803 urbem
513 776 633 816 agros
665 763 861 816 legesque
894 777 988 802 suas
1019 762 1267 802 reddidisset
1297 763 1554 815 Publiusque
1586 764 1777 816 Rupilius
1809 778 1882 816 po-

133 832 219 867 stea
248 827 358 879 leges
390 826 444 865 ita
475 826 624 865 Siculis
656 839 709 865 ex
739 830 908 865 senatus
939 825 1128 864 consulto
1161 825 1211 864 de
1244 825 1387 864 decem
1420 824 1647 877 legatorum
1679 828 1882 866 sententia

132 888 332 936 dedisset,
367 893 414 927 ut
443 888 554 927 cives
586 888 691 927 inter
722 902 812 927 sese
844 887 1005 938 legibus
1037 886 1123 925 suis
1155 892 1342 938 agerent,
1375 886 1574 940 idemque
1605 888 1685 928 hoc
1715 889 1932 928 haberetlo

132 952 279 990 Verres
310 951 399 1004 ipse
431 950 472 989 in
504 950 664 996 edicto,
706 956 751 989 ut
781 951 831 989 de
862 950 927 988 his
959 949 1151 989 omnibus
1192 950 1329 989 causis
1370 962 1412 988 se
1443 948 1494 988 ad
1526 949 1639 1002 leges
1681 951 1882 990 reiiceret.

131 1008 196 1051 91.
220 1013 312 1058 Iste,
342 1011 468 1051 homo
500 1012 686 1051 omnium
717 1012 996 1065 aequissimus
1026 1017 1152 1064 atque
1184 1025 1206 1050 a
1237 1011 1463 1064 cupiditate
1493 1012 1808 1060 remotissimus,
1840 1027 1882 1052 se

131 1075 394 1128 cogniturum
426 1088 516 1114 esse
548 1074 783 1114 confirmat:
822 1079 1011 1126 paratum
1050 1073 1100 1113 ad
1135 1087 1301 1113 causam
1342 1074 1560 1114 dicendam
1600 1075 1742 1115 venire
1778 1075 1885 1115 hora

131 1151 240 1177 nona
269 1137 396 1177 iubet.
440 1139 533 1177 Non
564 1143 650 1177 erat
680 1137 915 1183 obscurum,
947 1136 1049 1189 quid
1081 1136 1204 1176 homo
1237 1137 1450 1190 improbus
1482 1151 1528 1176 ac
1559 1136 1742 1177 nefarius
1775 1138 1885 1190 cogi-

131 1204 256 1247 taret3
287 1213 425 1253 neque
457 1200 567 1239 enim
599 1200 687 1252 ipse
720 1199 819 1238 satis
851 1199 1079 1238 occultarat
1109 1212 1185 1238 nec
1217 1200 1365 1238 mulier
1396 1204 1532 1239 tacere
1564 1204 1767 1251 potuerat.
1817 1201 1884 1239 ln-
1899 1209 1934 1238 45

131 1262 342 1302 tellectum
373 1266 436 1301 est
466 1262 506 1301 id
538 1262 663 1301 istum
692 1274 827 1313 agere,
858 1266 915 1307 ut,
947 1275 1041 1300 cum
1073 1261 1291 1300 Sthenium
1323 1262 1412 1301 sine
1445 1262 1529 1301 ullo
1561 1267 1806 1314 argumento
1837 1277 1883 1303 ac

131 1324 221 1364 sine
252 1328 355 1363 teste
389 1323 648 1371 damnasset,
688 1328 773 1363 tum
818 1323 945 1362 homo
986 1323 1169 1363 nefarius
1211 1324 1261 1364 de
1300 1323 1470 1363 homine
1511 1324 1640 1363 nobili
1679 1330 1803 1378 atque
1842 1325 1884 1365 id

132 1386 279 1426 aetatis
318 1399 478 1439 suoque
519 1386 686 1438 hospite
726 1385 852 1437 virgis
893 1385 1142 1438 supplicium
1184 1386 1468 1426 crudelissime
1509 1391 1701 1426 sumeret.
1762 1387 1885 1435 Quod

131 1464 224 1490 cum
266 1454 373 1489 esset
414 1448 702 1501 perspicuum,
749 1447 799 1486 de
842 1448 1071 1487 amicorum
1116 1448 1417 1502 hospitumque
1462 1462 1634 1488 suorum
1678 1450 1886 1489 sententia

131 1512 321 1553 Thermis
346 1511 545 1551 Sthenius
577 1512 750 1550 Romam
782 1510 978 1563 profugit.
1023 1511 1162 1550 Hiemi
1195 1525 1285 1551 sese
1316 1509 1596 1565 fluctibusque
1628 1512 1884 1552 committere
1898 1522 1934 1551 20

130 1575 277 1614 maluit
308 1588 431 1628 quam
463 1588 545 1613 non
577 1574 697 1613 istam
729 1587 989 1613 communem
1012 1574 1245 1613 Siculorum
1279 1579 1569 1626 tempestatem
1591 1573 1886 1614 calamitatem-

133 1652 215 1691 que
246 1637 390 1676 vitare.
444 1636 675 1675 XXXVIII.
707 1633 772 1674 9³2.
804 1636 899 1682 Iste,
932 1635 1058 1675 homo
1091 1641 1226 1676 certus
1258 1642 1298 1676 et
1329 1636 1522 1689 diligens,
1554 1636 1605 1676 ad
1636 1636 1780 1677 horam
1811 1652 1887 1678 no-

131 1713 226 1738 nam
256 1703 420 1750 praesto
462 1703 543 1737 est:
583 1697 799 1736 Sthenium
841 1698 957 1736 citari
997 1699 1132 1738 iubet:
1177 1712 1302 1752 quem
1341 1705 1614 1752 posteaquam
1651 1698 1765 1738 videt
1804 1714 1887 1740 non

132 1761 300 1807 adesse,
342 1760 483 1799 dolore
522 1759 665 1798 ardere
706 1765 831 1812 atque
867 1760 1081 1800 iracundia
1111 1760 1249 1801 furere
1282 1762 1443 1814 coepit,
1485 1761 1686 1801 Venerios
1719 1762 1886 1802 domuin

135 1823 294 1862 Sthenii
328 1822 501 1868 mittere,
533 1821 651 1874 equis
683 1821 833 1859 circum
867 1835 984 1874 agros
1011 1823 1101 1862 eius
1122 1823 1327 1876 villasque
1351 1824 1572 1863 dimittere.
1624 1824 1765 1877 Itaque
1788 1825 1885 1864 dum
1901 1833 1937 1863 ‘25

135 1889 370 1937 exspectat,
412 1883 608 1936 quidnam
650 1883 727 1922 sibi
769 1883 867 1922 certi
906 1885 1118 1931 afferatur,
1159 1892 1252 1924 ante
1290 1885 1437 1925 horam
1478 1885 1641 1925 tertiam
1672 1887 1804 1926 noctis
1835 1886 1886 1926 de

134 1948 222 1988 foro
255 1962 336 1988 non
368 1948 556 1988 discedit.
615 1948 818 1987 Postridie
850 1962 969 1988 mane
1001 1949 1236 1989 descendit:
1277 1951 1529 2002 Agathinum
1569 1950 1621 1989 ad
1662 1961 1705 1988 se
1743 1953 1886 1988 vocat:

136 2011 249 2050 iubet
293 2024 385 2050 eum
417 2010 467 2050 de
498 2010 644 2050 litteris
677 2010 853 2063 publicis
886 2011 927 2049 in
958 2012 1172 2051 absentem
1204 2012 1421 2052 Sthenium
1464 2012 1615 2052 dicere.
1667 2011 1766 2049 Erat
1797 2011 1886 2051 eius

136 2073 244 2113 modi
276 2086 418 2119 causa,
459 2078 505 2112 ut
534 2073 604 2112 ille
636 2086 687 2112 ne
718 2073 806 2112 sine
838 2073 1074 2113 adversario
1112 2074 1284 2127 quidem
1315 2075 1426 2128 apud
1458 2074 1674 2114 inimicum
1705 2071 1887 2112 iudicem

134 2135 315 2187 reperire
345 2140 485 2187 posset
515 2134 615 2188 quid
650 2135 818 2174 diceret.
878 2134 944 2174 93.
976 2137 1121 2189 Itaque
1152 2142 1311 2176 tantum
1341 2137 1468 2177 verbo
1499 2136 1643 2190 posuit
1665 2135 1887 2175 Sacerdote
1900 2147 1937 2176 30

134 2201 322 2250 praetore
363 2197 580 2236 Sthenium
620 2197 776 2236 litteras
819 2197 1005 2249 publicas
1047 2199 1294 2251 corrupisse.
1363 2199 1444 2239 Vix
1485 2199 1555 2238 ille
1595 2198 1674 2238 hoc
1712 2197 1887 2245 dixerat,

134 2272 223 2298 cum
264 2258 342 2298 iste
377 2260 619 2311 pronuntiat
661 2261 878 2299 svmmvm
910 2273 1110 2300 Ll'rTERAS
1141 2274 1336 2302 Pvsschs
1368 2274 1613 2302 connvrlssE
1644 2274 1808 2300 vmnm:
1850 2265 1890 2300 et

131 2319 211 2360 hoc
244 2325 458 2373 praeterea
487 2321 602 2361 addit
631 2321 756 2362 homo
789 2322 993 2362 Venerius
1025 2336 1132 2363 novo
1163 2323 1300 2371 modo,
1331 2324 1447 2364 nullo
1479 2323 1687 2376 exemplo,
1719 2336 1770 2363 013
1800 2336 1888 2363 EAM

131 2396 216 2422 REM
239 2383 316 2422 Hs
348 2396 581 2430 QVINGENTA
615 2385 775 2424 Vmssm
795 2385 1009 2425 Enxcmss
1042 2399 1093 2425 DE
1119 2386 1294 2426 STHENu
1320 2400 1442 2427 BONIS
1463 2399 1727 2434 EXACTVRVM,
1758 2386 1889 2426 bona-

132 2458 214 2499 que
244 2447 330 2486 eius
361 2446 499 2486 statim
521 2447 660 2500 coepit
679 2447 885 2495 vendere;
917 2453 958 2487 et
978 2448 1252 2496 vendidisset,
1285 2449 1319 2489 si
1340 2450 1546 2491 tantulum
1568 2461 1705 2489 morae
1726 2447 1888 2496 fuisset,
1901 2460 1938 2489 35

217 2637 246 2668 Ι.
273 2636 330 2676 his]
356 2637 407 2668 An
431 2637 494 2668 iis‘>
515 2656 547 2660 —
575 2638 606 2668 2.
627 2638 785 2677 quidquid
807 2640 982 2679 zellentLg
975 2638 1025 2671 42
1043 2640 1065 2670 F
1083 2640 1133 2671 M:
1161 2639 1271 2679 quidq.
1291 2640 1408 2671 teuent
1431 2641 1573 2672 dicerent
1590 2642 1649 2672 ctt.
1669 2642 1705 2673 O.
1728 2659 1762 2662 —
1790 2641 1821 2672 3.
1840 2645 1889 2672 lu-

129 2685 235 2718 lissent
260 2685 348 2726 [342
373 2695 406 2726 p
428 2695 474 2718 m.
504 2705 538 2708 —
569 2687 678 2725 itaque
714 2689 793 2728 [33.
821 2698 955 2721 omnes.
984 2691 1019 2721 C.
1047 2690 1087 2721 H.
1116 2691 1169 2728 (ex
1191 2691 1258 2721 AB
1285 2689 1366 2721 nihil
1393 2690 1601 2730 enotatum):
1634 2691 1681 2721 ila
1706 2691 1742 2722 O.
1771 2710 1807 2715 -
1832 2690 1888 2722 illi

128 2737 227 2768 uncis
252 2735 388 2767 inclusit
405 2737 517 2768 Garat.
537 2737 576 2768 11.
599 2756 632 2759 —
665 2739 861 2778 .publicas
878 2741 903 2770 N
922 2741 967 2777 et,
993 2742 1030 2770 ut
1045 2739 1194 2776 videtur,
1220 2740 1245 2770 Α
1263 2740 1299 2770 Β.
1320 2740 1481 2779 [publicas
1497 2749 1566 2771 om.
1586 2748 1709 2772 omnes
1727 2742 1828 2781 Lagg.
1834 2741 1884 2782 ]—

128 2788 159 2818 5.
186 2795 259 2818 cum
284 2785 370 2825 [342
386 2787 414 2817 Μ
430 2796 477 2825 cp:
505 2796 573 2818 om.
594 2789 652 2819 ctt.
675 2807 709 2810 —
731 2789 761 2820 6.
788 2790 891 2820 eiusce
906 2791 949 2820 M.
973 2807 1007 2811 -—
1026 2792 1219 2828 senatusque
1235 2792 1263 2820 et
1285 2799 1360 2829 pop.
1387 2789 1425 2822 4:
1452 2799 1527 2821 cum
1542 2793 1672 2821 senalus
1683 2792 1888 2830 populusque

130 2835 190 2866 dtt.
215 2836 252 2867 O.
274 2853 309 2857 —-
338 2836 367 2866 8.
394 2835 507 2867 urbem
531 2835 566 2868 4:
593 2837 705 2868 urbem
727 2841 756 2869 et
779 2840 806 2869 N
824 2840 867 2874 03
894 2838 987 2869 urbes
1011 2839 1072 2870 dtt.
1094 2856 1129 2861 —
1157 2839 1186 2870 9.
1214 2839 1297 2878 loyes
1319 2841 1358 2870 A.
1381 2857 1415 2862 —
1444 2840 1494 2871 40.
1522 2840 1606 2871 inter
1628 2848 1692 2872 sese
1716 2840 1803 2880 [329
1821 2841 1885 2872 AB

132 2884 186 2924 (de
204 2883 293 2923 [342
320 2884 522 2924 incertum):
550 2886 635 2916 inter
658 2895 690 2918 se
713 2886 755 2919 al.
775 2888 812 2918 O.
836 2904 871 2910 —
898 2889 1030 2920 liaberet
1053 2888 1163 2927 [342ῑ
1189 2889 1338 2920 habuerit
1363 2891 1422 2921 ctt.
1445 2890 1482 2921 O.
1505 2908 1540 2911 —-
1568 2890 1579 2921 ι1
1594 2890 1619 2920 l.
1640 2890 1683 2920 acl
1707 2890 1788 2929 loyes
1811 2899 1888 2921 suas

129 2935 217 2965 coni.
238 2933 417 2973 Wyttenb.
446 2933 567 2966 «Malez
595 2936 677 2976 loyes
700 2936 905 2978 simpliciter
929 2947 1008 2970 cum
1033 2938 1125 2975 dicit,
1153 2947 1194 2969 eo
1220 2940 1359 2970 nomine
1385 2939 1631 2980 complectItur
1655 2942 1689 2971 et
1705 2939 1835 2972 Siculas
1853 2942 1888 2972 et

129 2985 285 3025 antiquas
310 2986 344 3016 et
367 2984 466 3016 datas
490 2984 533 3016 ab
559 2988 683 3017 senatu
706 2986 905 3028 populoque
924 2989 1088 3019 Romano.
1116 2987 1165 3019 Cf.
1184 2990 1214 3027 δ’.
1235 2988 1330 3019 121.»
1356 2989 1463 3019 OR.—
1492 2989 1543 3019 42.
1569 2989 1782 3028 acupidilate
1798 2989 1886 3029 [342

128 3042 162 3074 p.
189 3042 234 3064 m.
261 3034 283 3065 F
300 3034 331 3065 M
349 3035 393 3065 N:
428 3044 449 3065 a
472 3043 546 3074 cup.
573 3036 661 3067 omni
685 3036 774 3077 [329
792 3038 837 3073 Α;
872 3046 893 3068 α
916 3046 990 3076 cup.
1016 3037 1161 3068 omnium
1193 3037 1255 3068 dtt.
1285 3054 1319 3060 —
1348 3038 1399 3070 43.
1432 3039 1516 3070 hora
1543 3040 1638 3071 VIIII.
1664 3039 1753 3079 [342
1776 3049 1809 3081 p.
1836 3049 1883 3072 m.

129 3082 161 3113 M
177 3091 224 3120 cp:
250 3083 332 3113 hora
359 3083 438 3114 VIII.
466 3085 524 3115 ctt.
551 3084 588 3116 Ο,
617 3102 651 3107 -
678 3086 730 3117 20.
756 3094 822 3116 sese
843 3087 877 3126 fl.
904 3086 1012 3126 [342;
1037 3088 1072 3127 sl.
1097 3095 1164 3118 sese
1187 3089 1245 3118 ctt.
1273 3089 1310 3119 O.
1332 3105 1368 3110 —
1386 3089 1440 3120 22.
1466 3090 1510 3120 ad
1532 3089 1648 3120 horam
1676 3089 1773 3120 VIIII.
1795 3089 1885 3129 [342

129 3132 223 3163 Grut.
251 3132 303 3171 (ex
328 3133 415 3172 M?):
446 3134 490 3164 ad
511 3133 628 3165 horam
651 3138 802 3166 octavam
826 3137 885 3166 ctt.
913 3137 949 3167 O.
980 3154 1014 3158 —
1041 3135 1093 3167 24.
1119 3137 1251 3167 domum
1282 3135 1372 3176 [342
1395 3146 1429 3177 p.
1456 3146 1504 3169 m.
1529 3138 1579 3169 M:
1612 3138 1646 3168 in
1669 3138 1801 3169 domum
1825 3140 1884 3170 ctt.

129 3180 154 3211 O
195 3198 229 3202 —
255 3182 308 3214 25.
335 3183 424 3221 equis
448 3182 536 3223 [342
561 3192 594 3224 p.
621 3193 668 3217 m.
693 3186 745 3217 M:
771 3186 893 3224 equites
916 3187 973 3217 ctt.
1002 3186 1038 3217 O.
1067 3203 1102 3207 —
1129 3186 1208 3217 dum
1232 3184 1338 3226 [342;
1365 3195 1439 3217 cum
1462 3188 1489 3218 A
1505 3187 1529 3218 B
1555 3187 1573 3218 8
1589 3188 1667 3227 [33.
1690 3205 1725 3210 -
1751 3188 1804 3219 27.
1824 3189 1886 3220 ἀίε-

129 3230 211 3260 cedit
233 3230 340 3270 Lg42:
378 3232 521 3263 discessit
544 3234 602 3264 ctt.
630 3234 666 3265 Ο.
695 3252 730 3256 -
757 3236 801 3265 ad
823 3243 855 3266 se
878 3234 979 3274 [342,
1007 3236 1077 3267 tres
1101 3234 1173 3266 alii:
1207 3237 1250 3266 ad
1273 3244 1338 3266 sese
1361 3237 1419 3267 ctt.
1447 3236 1484 3267 Ο.
1513 3254 1548 3258 -
1575 3236 1627 3268 31.
1652 3237 1712 3267 hoc
1734 3235 1772 3268 4:
1806 3238 1886 3269 haec

131 3277 313 3360 (ἰῑῖἇάοὸ-
331 3281 384 3313 33.
410 3283 501 3314 addit
524 3282 614 3323 [342
630 3293 680 3323 cp:
707 3285 832 3315 addidit
856 3286 913 3316 ctt.
941 3285 978 3315 O.
999 3302 1034 3308 —-
1053 3284 1106 3317 34.
1133 3285 1312 3325 quingenta
1335 3284 1378 3316 de
1396 3285 1474 3317 Hot.
1501 3286 1591 3317 coni.
1617 3286 1658 3316 L:
1686 3286 1887 3327 quingenties

132 3336 172 3358 co
227 3353 233 3360 .
289 3354 295 3360 .
