2127 3708
223 249 276 291 50
576 249 775 293 ORATIO
805 250 909 293 PRO
940 251 1058 292 SEX.
1087 250 1281 293 ROSCIO
1312 251 1552 294 AMERINO

221 361 273 403 ad
303 367 428 416 caput
455 361 645 404 maleficii
674 364 882 417 perveniri
911 363 1048 404 solet?
1106 364 1158 403 Et
1198 364 1320 404 simul
1349 365 1423 405 tibi
1451 365 1495 405 in
1526 367 1708 403 mentem
1737 362 1879 403 veniat
1906 361 1967 402 fa-

218 426 323 473 cito,
369 425 720 479 quemadmodum
758 427 882 467 vitam
919 426 1094 465 huiusce
1131 425 1396 478 depinxeris:
1441 426 1552 467 hunc
1589 425 1799 465 hominem
1829 423 1963 464 ferum

219 492 344 541 atque
374 494 578 542 agrestem
607 488 758 536 fuisse,
789 500 1016 541 numquam
1048 501 1142 527 cum
1162 487 1331 528 homine
1353 502 1564 542 quoquam
1586 488 1839 528 collocutum
1861 500 1964 534 esse,

217 562 446 604 numquam
485 551 529 591 in
570 551 723 604 oppido
763 550 1012 590 constitisse.
1071 548 1136 589 75.
1169 549 1262 598 Qua
1290 551 1333 589 in
1362 564 1406 590 re
1435 556 1649 603 praetereo
1680 549 1808 598 illud,
1852 549 1966 603 quod

183 612 316 652 5mihi
346 613 526 653 maximo
557 618 800 666 argumento
831 611 882 651 ad
912 611 1036 651 huius
1066 612 1346 651 innocentiam
1376 618 1540 665 poterat
1569 626 1680 660 esse,
1718 614 1761 652 in
1800 612 1965 651 rusticis

215 674 419 722 moribus,
449 676 493 715 in
523 676 635 715 victu
665 674 801 721 arido,
832 675 874 714 in
903 673 982 713 hac
1010 673 1180 713 horrida
1210 674 1452 728 incultaque
1472 675 1555 715 vita
1584 674 1819 715 istiusmodi
1840 673 1967 713 male-

212 734 306 777 ficia
336 737 448 790 gigni
477 750 562 777 non
593 737 741 778 solere.
802 736 853 777 Ut
890 748 974 776 non
1005 749 1170 776 omnem
1200 735 1362 788 frugem
1393 750 1530 790 neque
1560 737 1750 777 arborem
1780 738 1822 776 in
1854 735 1967 775 omni

213 812 312 852 agro
351 801 535 853 reperire
570 801 728 852 possis,
766 800 824 839 sic
864 811 949 837 non
993 812 1114 838 omne
1145 798 1305 838 facinus
1335 798 1377 837 in
1408 799 1519 838 omni
1548 800 1633 839 vita
1662 799 1858 838 nascitur.
1919 798 1966 837 In

212 861 316 901 urbe
346 861 534 902 luxuries
566 867 750 909 creatur;
792 874 843 900 ex
873 860 1039 900 luxuria
1070 862 1241 901 exsistat
1269 861 1441 901 avaritia
1470 874 1641 901 necesse
1672 867 1757 909 est,
1789 874 1842 901 ex
1873 872 1968 900 ava-

163 929 199 959 40
211 924 305 964 ritia
335 928 527 977 erumpat
555 923 751 971 audacia3
792 922 890 962 inde
921 924 1059 964 omnia
1089 923 1245 963 scelera
1275 936 1322 962 ac
1352 921 1554 963 maleficia
1584 924 1821 976 gignuntur.
1871 923 1966 962 Vita

211 990 351 1027 autem
379 985 484 1025 haec
513 986 688 1033 rustica,
732 998 857 1038 quam
889 990 933 1025 tu
963 991 1168 1038 agrestem
1199 998 1344 1032 vocas,
1374 986 1675 1038 parsimoniae,
1707 984 1966 1038 diligentiae,

209 1047 391 1087 iustitiae
413 1049 608 1100 magistra
630 1052 704 1087 est.
753 1048 944 1088 XXVIII.
975 1046 1041 1087 76.
1064 1049 1218 1088 Verum
1243 1048 1348 1087 haee
1369 1049 1494 1087 missa
1512 1046 1633 1087 facio.
1663 1046 1772 1086 Illud
1795 1059 1964 1100 quaero,

208 1109 244 1149 is
275 1110 423 1157 homo,
465 1111 558 1163 qui,
600 1115 645 1150 ut
674 1114 762 1150 tute
795 1109 920 1158 dicis,
957 1124 1185 1164 numquam
1215 1111 1324 1150 inter
1352 1110 1542 1150 homines
1571 1109 1716 1156 fuerit,
1754 1121 1830 1161 per
1860 1121 1966 1162 quos

209 1170 400 1212 homines
430 1171 510 1211 hoc
542 1176 701 1212 tantum
731 1171 916 1228 facinus,
946 1177 1030 1212 tam
1060 1172 1290 1220 occultum,
1322 1172 1471 1212 absens
1497 1171 1741 1225 praesertim
1762 1168 1966 1210 conficere

158 1241 196 1271 45
210 1234 405 1287 potuerit.
450 1234 581 1274 Multa
610 1239 708 1275 sunt
726 1234 850 1282 falsa,
880 1233 1062 1282 iudices,
1094 1248 1202 1289 quae
1224 1239 1361 1274 tamen
1381 1235 1499 1287 argui
1520 1234 1750 1287 suspiciose
1770 1237 1966 1286 possunt:

210 1298 253 1337 in
282 1297 347 1337 his
378 1297 504 1337 rebus
535 1297 569 1338 si
600 1297 783 1349 suspicio
813 1302 978 1350 reperta
1008 1298 1106 1344 erit,
1146 1297 1310 1350 culpam
1349 1298 1485 1337 inesse
1516 1295 1754 1336 concedam.
1811 1296 1967 1335 Romae

210 1359 307 1400 Sex.
351 1359 527 1399 Roscius
572 1359 795 1407 occiditur,
841 1373 935 1399 cum
977 1360 1021 1400 in
1063 1372 1161 1412 agro
1201 1359 1396 1399 Amerino
1438 1364 1548 1399 esset
1585 1356 1709 1398 filius.
1766 1357 1967 1405 Litteras,

209 1422 355 1471 credo,
386 1422 498 1462 misit
526 1422 652 1462 alicui
682 1422 850 1470 sicario,
882 1423 955 1475 qui
984 1423 1139 1462 Romae
1169 1426 1341 1461 noverat
1369 1422 1591 1461 neminem.
1649 1420 1874 1460 Areessivit
1894 1419 1969 1459 ali-

209 1498 349 1539 quem.
397 1484 532 1533 Quem
551 1488 624 1525 aut
645 1484 845 1538 quando?
889 1486 1091 1525 Nuntium
1121 1484 1243 1523 misit.
1294 1482 1429 1531 Quem
1460 1488 1532 1523 aut
1560 1482 1611 1523 ad
1634 1484 1788 1536 quem?
1817 1483 1968 1530 Pretio,

157 1554 194 1586 ΞΟ
209 1548 362 1601 gratia,
394 1559 493 1600 spe,
523 1547 739 1600 promissis
768 1547 936 1587 induxit
964 1547 1160 1600 aliquem.
1201 1545 1313 1585 Nihil
1342 1545 1492 1585 horum
1522 1558 1574 1585 ne
1595 1544 1777 1597 confingi
1799 1544 1968 1598 quidem

208 1613 370 1664 potest,
402 1613 444 1649 et
473 1613 614 1650 tamen
644 1621 771 1649 causa
800 1608 852 1649 de
882 1608 1103 1662 parricidio
1135 1608 1298 1648 dicitur.
1357 1605 1422 1647 77.
1452 1607 1675 1661 Reliquum
1705 1613 1788 1656 est,
1818 1612 1866 1648 ut
1893 1619 1970 1661 per

210 1686 354 1713 servos
395 1672 439 1713 id
483 1671 709 1712 admiserit.
769 1670 802 1711 Ο
846 1671 888 1711 di
924 1669 1199 1712 immortales!
1245 1683 1331 1710 rem
1369 1671 1561 1709 miseram
1591 1674 1632 1709 et
1661 1670 1967 1718 calamitosam,

210 1735 326 1789 quod
356 1735 401 1776 in
430 1735 503 1776 tali
534 1734 726 1782 crimine,
758 1733 872 1787 quod
901 1734 1113 1774 innocenti
1135 1732 1257 1773 saluti
1279 1733 1386 1773 solet
1406 1746 1518 1780 csse,
1548 1737 1596 1772 ut
1614 1745 1754 1772 servos
1774 1733 1818 1772 in
1840 1745 1968 1786 quae-

209 1799 390 1839 stionem
426 1797 696 1851 polliceatur,
735 1796 778 1837 id
818 1796 913 1836 Sex.
944 1797 1094 1835 Roscio
1132 1794 1269 1834 facere
1300 1808 1384 1834 non
1415 1795 1535 1834 licet!
1595 1796 1702 1842 Vos,
1746 1795 1819 1848 qui
1855 1794 1968 1834 hunc

157 1868 195 1899 25
208 1861 434 1908 accusatis,
474 1872 617 1899 omnes
650 1859 739 1899 eius
770 1872 912 1899 servos
942 1858 1124 1898 habetis:
1164 1871 1272 1897 unus
1303 1870 1429 1909 puer,
1465 1858 1598 1896 victus
1632 1857 1865 1910 quotidiani
1894 1857 1967 1897 ad-

208 1923 416 1970 minister,
447 1934 500 1962 ex
529 1925 645 1961 tanta
673 1920 830 1960 familia
861 1920 957 1960 Sex.
978 1921 1128 1959 Roscio
1159 1919 1328 1959 relictus
1349 1932 1433 1958 non
1455 1924 1530 1958 est.
1571 1919 1630 1958 Te
1651 1931 1761 1958 nunc
1782 1919 1966 1973 appello,

207 1985 250 2025 P.
274 1984 433 2037 Scipio,
464 1989 518 2031 te,
548 1983 603 2023 M.
624 1983 805 2029 Metelle,
826 1983 944 2022 vobis
961 1983 1187 2029 advocatis,
1217 1981 1333 2021 vobis
1355 1980 1586 2034 agentibus,
1617 1980 1838 2034 aliquoties
1861 1980 1965 2021 duos

207 2060 349 2087 servos
388 2050 586 2099 paternos
626 2046 669 2085 in
699 2045 990 2098 quaestionem
1031 2045 1082 2084 ab
1113 2043 1360 2084 adversariis
1393 2043 1487 2082 Sex.
1519 2042 1693 2082 Roscius
1724 2042 1965 2095 postulavit.

206 2109 508 2150 Meministisne
546 2108 593 2146 T.
623 2108 820 2147 Roscium
857 2109 1083 2148 recusare?
1128 2106 1268 2154 Quid?
1309 2107 1337 2145 ii
1367 2106 1473 2145 servi
1511 2104 1582 2145 ubi
1614 2107 1742 2145 sunt?
1789 2105 1966 2160 Chryso-

158 2181 196 2214 3ο
208 2184 388 2224 gonum‚
416 2169 597 2217 iudices,
627 2175 863 2219 sectantur3
893 2168 1006 2222 apud
1037 2182 1132 2208 eum
1163 2173 1259 2208 sunt
1284 2169 1328 2207 in
1348 2168 1507 2207 honore
1531 2173 1571 2207 et
1588 2167 1631 2207 in
1652 2168 1800 2219 pretio.
1830 2168 1965 2208 Etiam

208 2246 344 2282 nunc,
384 2238 432 2273 ut
461 2245 514 2272 ex
542 2232 592 2272 iis
625 2237 872 2285 quaeratur,
917 2245 993 2284 ego
1024 2230 1213 2283 postulo,
1258 2229 1326 2269 hic
1357 2236 1446 2269 orat
1476 2235 1602 2282 atque
1635 2229 1835 2270 obsecrat.
1895 2228 1961 2269 78.

211 2295 324 2345 Quid
346 2294 510 2336 facitis?
541 2306 616 2333 cur
643 2295 874 2334 recusatis?
917 2294 1111 2333 Dubitate
1141 2293 1264 2333 etiam
1294 2305 1423 2338 nunc,
1455 2291 1627 2339 iudices,
1658 2292 1692 2331 si
1720 2293 1910 2345 potestis,
1941 2306 1965 2334 a

296 2425 329 2456 ⁶2.
356 2424 531 2464 dempseris
553 2423 586 2456 M
611 2422 685 2464 (sed
700 2423 754 2455 MP.
770 2424 805 2454 in
829 2431 938 2463 marg.
958 2422 1170 2463 depinxeris).
1192 2440 1226 2444 —
1251 2422 1394 2462 ferreum
1410 2430 1442 2452 v.
1465 2439 1499 2443 -
1525 2422 1556 2452 3.
1582 2421 1709 2453 homine
1731 2423 1873 2462 quodam
1888 2428 1961 2465 χψ.

215 2492 250 2497 —-
275 2474 307 2505 7.
332 2472 377 2515 in]
403 2476 433 2505 et
454 2473 489 2504 in
512 2474 551 2505 G.
579 2491 615 2495 —
641 2472 672 2504 9.
698 2481 742 2505 ex
764 2472 898 2504 luxurie
922 2473 958 2503 G.
980 2490 1015 2494 —
1042 2472 1093 2503 40.
1120 2471 1170 2512 ac]
1195 2473 1229 2503 ct
1253 2472 1290 2503 G.
1318 2488 1352 2493 —-
1378 2471 1559 2511 ⁸(signantur
1582 2477 1627 2511 ψ.
1650 2489 1684 2493 —
1712 2473 1763 2504 42.
1789 2473 1964 2515 magistra]

209 2524 363 2555 ministra
386 2523 423 2554 T.
453 2540 487 2545 —
512 2526 557 2555 est
579 2530 649 2554 om.
676 2523 713 2554 G.
743 2540 777 2544 -—
804 2522 856 2554 43.
883 2522 939 2561 qui
962 2530 1030 2553 om.
1051 2524 1160 2560 Gva,
1186 2521 1205 2553 4
1223 2522 1305 2553 Oxx.
1333 2539 1369 2544 —
1396 2522 1447 2552 45.
1473 2521 1654 2559 suspicione
1676 2521 1744 2553 Mi.
1764 2539 1800 2546 -
1825 2522 1877 2554 48.
1905 2523 1965 2554 ali-

211 2581 316 2612 quem.
342 2580 438 2611 quem
460 2575 519 2604 aut
542 2570 707 2612 quandos’]
735 2572 785 2604 sic
808 2572 928 2613 optimi
953 2571 1055 2603 codd.
1074 2571 1238 2603 Prisciani
1261 2571 1301 2602 X.
1327 2570 1358 2609 8,
1377 2569 1428 2601 4-5.
1457 2570 1542 2609 (Pur.
1562 2569 1656 2601 7496.
1683 2571 1730 2602 st.
1750 2570 1833 2603 Gall.
1858 2572 1964 2604 Bam-

210 2622 310 2663 berg.
333 2622 486 2654 Darmst.
511 2622 576 2660 4.);
607 2622 750 2660 aliquem
776 2617 994 2662 aut'qucmdo
1025 2622 1045 2653 2
1069 2620 1172 2653 codd.
1199 2621 1303 2652 Prisc.
1331 2627 1373 2651 ex
1402 2620 1570 2660 apparatu
1595 2619 1723 2651 Hertzii
1746 2621 1782 2652 et
1803 2622 1880 2653 Par.
1908 2622 1960 2660 4.;

210 2673 354 2712 aliquem
376 2675 411 2703 at
435 2672 566 2711 quando
590 2672 736 2710 hivae,
763 2671 863 2703 codd.
889 2670 1065 2712 plerique,
1090 2672 1129 2702 ut
1150 2669 1305 2708 videtur,
1332 2669 1374 2707 O}
1401 2669 1543 2708 aliquem
1566 2669 1745 2707 aliquando
1769 2670 1815 2710 G,
1839 2670 1878 2702 ut
1895 2670 1964 2702 Ra-

208 2723 285 2754 vius
300 2722 340 2753 11.
366 2730 400 2763 p.
420 2721 494 2754 1122.
520 2720 645 2759 voluit3
673 2721 826 2760 aliquem.
854 2719 1017 2762 Quando?
1040 2722 1077 2752 L.
1099 2738 1134 2742 —
1160 2720 1212 2751 49.
1231 2719 1333 2751 emisit
1356 2727 1388 2749 v.
1410 2734 1445 2741 —
1472 2719 1524 2750 223.
1544 2719 1576 2749 in
1595 2727 1666 2750 om.
1685 2728 1718 2751 v.
1739 2737 1775 2741 —
1801 2720 1888 2760 quod
1908 2719 1965 2751 in-

209 2772 337 2803 nocenti
360 2771 425 2803 Mv
439 2780 477 2811 a,
503 2771 550 2802 St.
568 2770 672 2809 VictL,
697 2770 766 2803 Pal.
787 2771 817 2802 3.
835 2771 881 2810 8.,
907 2772 926 2803 5
944 2772 1047 2802 Ona
1074 2779 1144 2802 om.
1163 2770 1250 2809 quod
1265 2771 1307 2808 G,
1332 2768 1401 2800 Pal.
1421 2770 1471 2808 4.,
1498 2778 1515 2800 c
1540 2771 1573 2800 ct
1590 2769 1632 2806 O,
1659 2769 1709 2801 sic
1726 2769 1960 2810 distinguens:

208 2822 454 2853 calamitosam!
480 2821 572 2861 Quod
592 2821 627 2852 in
649 2820 710 2852 tali
731 2829 779 2852 cr.
797 2821 960 2852 innocenti
976 2822 1043 2852 cet.
1069 2821 1105 2851 In
1129 2820 1272 2860 recepta
1295 2818 1443 2850 lectione
1467 2818 1564 2859 prius
1581 2818 1666 2857 quod
1682 2819 1736 2851 est
1752 2818 1962 2858 coniunctio,

209 2871 384 2912 posterius
407 2879 623 2911 pronomem
660 2879 693 2903 v.
719 2870 831 2903 Madv.
858 2871 984 2911 opusc.
1010 2871 1034 2901 I.
1061 2879 1095 2910 p.
1123 2870 1196 2901 484.
1225 2886 1260 2891 -
1285 2867 1337 2900 ⁶24.
1360 2868 1556 2907 polliceatur
1580 2867 1634 2898 ed.
1661 2868 1700 2900 R.
1726 2867 1845 2909 Steph.
1862 2876 1869 2898 ε
1886 2867 1965 2907 pol-

209 2921 371 2952 liceantur
393 2920 647 2960 MGSzwva
661 2929 698 2958 c.
724 2922 761 2952 ut
785 2920 864 2952 sort.
883 2919 1103 2952 innocentibus
1119 2917 1343 2951 scribendum
1360 2918 1414 2948 sit.
1437 2935 1473 2940 -
1498 2918 1550 2948 25.
1577 2917 1680 2948 omnis
1696 2917 1729 2948 M
1741 2926 1771 2949 a.
1792 2933 1829 2938 —
1853 2916 1908 2948 27.
1925 2916 1961 2948 P.

210 2978 280 3001 om.
306 2970 387 3001 Sch.
414 2986 450 2991 -
475 2969 515 3010 te]
540 2972 570 3001 et
594 2970 670 3006 Ha3
707 2978 776 3001 om.
811 2970 881 3002 Cv.
910 2987 946 2992 —
971 2971 1016 3001 M.
1040 2969 1173 3010 Metelle]
1197 2970 1243 3000 M.
1273 2975 1341 2998 om.
1365 2966 1484 3003 codd.;
1521 2975 1738 3007 praenomen
1759 2964 1963 2998 addendum

209 3028 289 3052 esse
305 3018 391 3050 vidit
404 3020 444 3051 A.
462 3018 593 3050 Kraus'c
614 3018 744 3058 (Archiv
759 3019 816 3059 fiii·
830 3019 940 3051 Philol.
960 3020 1026 3050 und
1040 3020 1166 3059 l’c'idaq.
1183 3017 1257 3049 Vol.
1274 3017 1358 3048 XIII.
1378 3025 1410 3057 p.
1430 3016 1529 3054 307.).
1553 3033 1585 3036 —
1605 3016 1798 3055 aliquotiens
1813 3014 1960 3046 GMvc.

212 3086 247 3091 —
272 3069 325 3100 29.
342 3068 573 3101 meministisne
597 3068 629 3099 T.
649 3069 799 3100 Roscium
820 3068 876 3100 ed.
894 3070 930 3101 R.
951 3069 1067 3110 Steph.
1087 3069 1122 3099 et
1137 3069 1179 3099 L:
1205 3066 1419 3098 meministine
1437 3065 1469 3096 T.
1487 3066 1637 3096 Roscium
1652 3065 1702 3103 M;
1728 3062 1918 3096 meministis
1933 3066 1963 3095 te

211 3118 244 3149 T.
269 3119 419 3150 Roscium
443 3116 520 3150 cod.
547 3118 641 3149 Iann.
668 3126 747 3150 cum
771 3119 909 3159 punctis
934 3117 998 3150 sub
1024 3122 1053 3149 le
1079 3118 1179 3158 (teste
1204 3119 1279 3149 Gar.
1305 3117 1367 3156 ⁶2.);
1393 3115 1607 3146 meministine
1632 3114 1664 3146 T.
1689 3113 1794 3145 roscio
1819 3120 1858 3150 v;
1889 3119 1962 3143 me-

208 3167 372 3199 minisline
396 3167 430 3198 T.
456 3167 549 3198 Rosci
571 3167 670 3205 GTx
685 3176 721 3207 a,
748 3167 851 3199 codd.
878 3169 991 3207 Grut.;
1017 3167 1190 3200 meministi
1213 3175 1263 3198 me
1293 3166 1324 3197 T.
1350 3166 1442 3197 Rosci
1465 3166 1505 3202 ὃς
1542 3163 1714 3196 meministi
1738 3163 1772 3194 T.
1796 3160 1889 3193 Rosci
1912 3160 1957 3198 C;

209 3216 382 3248 meministi
405 3220 434 3248 te
458 3215 524 3248 Tite
545 3216 639 3248 Rosci
662 3224 700 3255 c;
732 3218 946 3249 meministine
969 3220 1014 3257 te,
1053 3217 1085 3249 T.
1110 3217 1203 3249 Rosci
1227 3217 1251 3248 Ο
1275 3217 1309 3247 et
1331 3214 1453 3255 vulgo,
1487 3213 1552 3247 sed
1574 3217 1604 3246 te
1626 3214 1660 3245 in
1683 3210 1777 3245 nullo
1800 3208 1878 3243 cod.
1904 3209 1961 3241 in-

210 3266 355 3298 ventum
379 3267 447 3305 cst,
474 3267 508 3297 et
531 3273 755 3306 nequaquam
780 3276 823 3298 ex
846 3268 876 3307 g.
904 3267 977 3299 449.
1003 3268 1180 3308 sequitur,
1205 3266 1261 3298 hic
1285 3272 1426 3306 quoque
1450 3264 1486 3296 T.
1504 3263 1668 3296 Roscium
1690 3258 1867 3303 appellari.
1905 3257 1957 3290 Cf.

210 3313 365 3345 Buechn.
394 3322 429 3354 p.
455 3314 545 3355 246„
578 3323 732 3356 quocum
762 3317 874 3348 Garat.
899 3317 931 3349 2.
957 3317 1140 3351 consentit.
1167 3333 1204 3340 —·
1233 3314 1289 3349 ubi
1309 3314 1334 3347 ii
1355 3313 1441 3348 servi
1463 3322 1493 3347 c.
1521 3330 1558 3338 -
1591 3312 1647 3347 34.
1670 3320 1714 3350 ex
1733 3310 1775 3346 iis
1795 3307 1953 3351 Madvig:

211 3370 254 3397 ex
275 3362 324 3396 liis
346 3362 450 3398 codd.
474 3365 511 3399 et
532 3365 558 3398 Ο
581 3364 683 3408 prob.
708 3365 857 3400 Iordano
880 3375 915 3408 p.
940 3365 1014 3399 662.
