2143 3713
252 256 332 300 342
739 258 794 298 IN
822 255 1043 297 VERREM
1070 254 1231 297 ACTIO
1264 253 1505 296 SECUNDA

253 370 374 411 tavit:
407 369 607 423 apposuit
636 369 854 422 patellam,
886 369 929 407 in
960 379 1042 421 qua
1073 367 1209 419 sigilla
1239 372 1356 407 erant
1386 366 1564 419 egregia.
1614 366 1696 404 Iste
1729 366 1927 407 continuo
1958 372 2006 407 ut

253 432 377 480 vidit,
423 444 507 471 non
548 431 752 471 dubitavit
791 430 894 470 illud
924 430 1085 481 insigne
1117 429 1332 468 Penatium
1362 427 1720 481 hospitaliumque
1751 427 1921 468 deorum
1953 442 2006 469 ex

251 493 451 547 hospitali
481 506 624 533 mensa
653 492 821 532 tollere:
862 491 934 531 sed
967 497 1125 537 tamen,
1165 491 1278 543 quod
1309 497 1403 530 ante
1435 491 1485 530 de
1516 490 1637 528 istius
1667 488 1915 529 abstinentia
1945 490 2007 530 di-

253 568 420 603 xeram,
465 555 610 608 sigillis
653 554 808 594 avulsis
854 554 1063 607 reliquum
1108 558 1323 605 argentum
1365 554 1453 593 sine
1492 552 1576 591 ulla
1613 551 1783 591 avaritia
1812 550 2006 591 reddidit.

223 615 320 656 549.
352 616 493 665 Quid?
537 616 767 669 Eupolemo
802 615 1035 661 Calactino,
1078 614 1236 653 homini
1268 615 1421 662 nobili,
1463 614 1733 653 Lucullorum
1771 612 1930 665 hospiti
1960 625 2007 653 ac

254 678 546 734 perfamiliari,
589 679 661 732 qui
706 691 817 717 nunc
847 678 957 730 apud
989 677 1218 716 exercitum
1250 689 1341 716 cum
1373 677 1417 715 L.
1450 676 1623 715 Lucullo
1655 680 1738 722 est,
1783 686 1867 713 non
1897 674 2007 714 idem

253 741 384 781 fecit?
433 740 615 780 Cenabat
645 739 755 792 apud
787 752 903 777 eum:
934 744 1149 791 argentum
1181 738 1251 777 ille
1276 743 1458 778 ceterum
1481 751 1630 791 purum
1652 739 1925 789 apposuerat,
1955 748 2008 775 ne

254 816 385 858 purus
430 802 519 855 ipse
565 802 897 854 relinqueretur,
942 800 1024 840 duo
1064 800 1216 853 pocula
1245 812 1330 839 non
1361 813 1530 853 magna,
1574 812 1717 838 verum
1748 804 1886 837 tamen
1915 811 2009 838 cum

255 865 513 905 emblemate.
571 863 649 902 Hic
679 869 891 916 tamquam
921 862 1116 903 festivum
1147 874 1356 909 acroama,
1400 876 1452 902 ne
1485 863 1573 901 sine
1596 860 1815 901 corollario
1840 860 1889 899 de
1912 873 2010 900 con-

206 928 364 968 iovivio
397 926 650 972 discederet,
692 925 847 964 ibidem
879 925 1065 964 convivis
1100 924 1385 977 spectantibus
1417 924 1662 964 emblemata
1694 923 1911 963 evellenda
1940 936 2010 962 cu-

254 990 372 1030 ravit.
421 990 566 1042 Neque
597 999 674 1039 ego
704 999 815 1025 nunc
845 987 964 1026 istius
996 986 1103 1026 facta
1134 986 1272 1025 omnia
1303 999 1545 1025 enumerare
1577 999 1706 1025 conor
1735 998 1873 1038 neque
1904 998 2010 1038 opus

256 1056 319 1092 est
346 1063 423 1090 nec
452 1047 542 1090 fieri
572 1049 658 1088 ullo
690 1048 815 1088 modo
847 1054 1010 1100 potest:
1048 1053 1208 1088 tantum
1239 1048 1363 1087 unius
1395 1048 1598 1101 cuiusque
1630 1047 1680 1086 de
1712 1047 2011 1100 varia'impro-

253 1114 381 1154 bitate
411 1112 574 1165 generis
603 1111 759 1151 indicia
788 1110 900 1163 apud
931 1124 1006 1150 vos
1038 1116 1078 1150 et
1109 1110 1302 1162 exempla
1330 1109 1511 1162 profero.
1569 1110 1714 1162 Neque
1746 1110 1857 1149 enim
1887 1110 1944 1149 ita
1965 1123 2009 1149 se

255 1175 381 1229 gessit
409 1174 453 1213 in
482 1173 547 1213 his
577 1173 726 1220 rebus,
772 1178 984 1225 tamquam
1015 1173 1220 1211 rationem
1252 1171 1476 1226 aliquando
1509 1177 1618 1210 esset
1647 1171 1905 1219 redditurus,
1937 1171 2009 1211 sed

207 1249 242 1278 45
255 1250 426 1292 prorsus
456 1236 526 1283 ita,
559 1236 680 1289 quasi
709 1240 781 1274 aut
811 1246 905 1274 reus
938 1248 1167 1288 numquam
1199 1239 1309 1273 esset
1337 1233 1500 1273 futurus
1531 1237 1620 1280 aut,
1653 1247 1737 1286 quo
1768 1234 1889 1286 plura
1918 1234 2011 1273 abs-

254 1300 444 1346 tulisset,
475 1311 524 1338 eo
554 1298 716 1338 minore
747 1297 934 1350 periculo
962 1297 1004 1336 in
1037 1296 1239 1336 iudicium
1271 1301 1471 1336 venturus
1494 1300 1623 1343 esset3
1657 1296 1728 1349 qui
1748 1297 1871 1343 haec,
1903 1308 2010 1349 quae

257 1362 371 1409 dico,
402 1361 484 1401 iam
515 1374 599 1400 non
631 1360 815 1406 occulte,
846 1372 931 1398 non
962 1372 1036 1411 per
1066 1359 1219 1398 amicos
1245 1363 1369 1411 atque
1403 1358 1675 1411 interpretes,
1707 1359 1779 1399 sed
1801 1358 1937 1411 palam
1959 1358 2010 1397 de

256 1426 348 1465 loco
380 1423 595 1477 superiore
626 1426 767 1474 ageret
797 1433 873 1474 pro
904 1420 1080 1473 imperio
1105 1426 1145 1460 et
1175 1426 1391 1473 potestate.
1441 1421 1594 1459 XXIII.
1620 1419 1685 1459 50.
1711 1421 1896 1461 Catinam
1918 1434 2011 1461 cum

256 1486 462 1533 venisset,
495 1484 696 1538 oppidum
728 1483 934 1535 locuples,
966 1483 1211 1529 honestum,
1243 1484 1480 1535 copiosum,
1512 1483 1856 1536 Dionysiarchum
1885 1484 1936 1523 ad
1968 1495 2011 1522 se

208 1562 243 1591 20
257 1561 527 1603 proagorum,
565 1546 645 1585 hoc
676 1551 738 1585 est
768 1559 974 1585 summum
1004 1546 1309 1597 magistratum,
1352 1545 1489 1583 vocari
1521 1544 1655 1583 iubet:
1704 1545 1740 1584 ei
1770 1545 1907 1598 palam
1936 1546 2011 1584 im-

257 1615 395 1664 perat,
436 1614 480 1648 ut
511 1622 633 1648 omne
664 1613 901 1660 argentum,
943 1608 1056 1660 quod
1087 1606 1199 1659 apud
1232 1618 1440 1659 quemque
1471 1611 1582 1646 esset
1614 1606 1805 1654 Catinae,
1840 1608 2011 1661 conqui-

256 1671 432 1713 rendum
470 1675 635 1710 curaret
674 1675 715 1709 et
753 1670 804 1708 ad
836 1682 878 1708 se
910 1669 1179 1708 afferendum.
1238 1668 1515 1721 Phylarchum
1547 1668 1887 1721 Centuripinum,
1929 1670 2012 1722 pri-

258 1747 370 1774 mum
400 1733 610 1772 hominem
643 1745 815 1784 genere,
845 1731 1022 1777 virtute,
1063 1731 1261 1783 pecunia,
1292 1743 1377 1769 non
1408 1729 1488 1769 hoc
1518 1729 1629 1769 idem
1661 1731 1839 1769 iuratum
1873 1731 2010 1770 dicere

258 1796 451 1842 audistis,
482 1794 561 1834 sibi
593 1794 718 1834 istum
749 1793 962 1846 negotium
994 1793 1157 1832 dedisse
1188 1798 1315 1846 atque
1346 1792 1599 1844 imperasse,
1639 1796 1685 1831 ut
1716 1792 2010 1845 Centuripinis,

208 1872 244 1902 25
258 1859 301 1899 in
332 1858 497 1898 civitate
528 1856 657 1896 totius
689 1855 853 1896 Siciliae
886 1855 1015 1895 multo
1048 1856 1229 1895 maxima
1260 1860 1301 1894 et
1330 1854 1682 1907 locupletissima,
1715 1867 1837 1893 omne
1867 1867 2012 1907 argen-

257 1927 345 1961 tum
384 1919 650 1973 conquireret
689 1923 729 1958 et
770 1919 821 1958 ad
861 1931 905 1958 se
946 1918 1195 1970 comportari
1237 1917 1432 1957 iuberet?
1481 1916 1635 1970 Agyrio
1672 1916 1862 1956 similiter
1890 1916 2011 1955 istius

256 1983 429 2036 imperio
459 1994 558 2022 vasa
591 1981 802 2021 Corinthia
831 1994 906 2034 per
930 1980 1255 2033 Apollodorum,
1288 1992 1413 2032 quem
1444 1984 1587 2018 testem
1609 1978 1805 2025 audistis,
1837 1977 2012 2031 Syracu-

258 2059 324 2086 sas
356 2045 574 2098 deportata
604 2047 712 2084 sunt.
756 2040 821 2082 51.
854 2042 930 2082 Illa
951 2055 1049 2082 vero
1070 2042 1252 2094 optima,
1284 2040 1420 2095 quod,
1452 2055 1544 2080 cum
1565 2040 1809 2080 Haluntium
1830 2040 2014 2080 venisset

258 2112 425 2161 praetor
454 2106 688 2146 laboriosus
719 2110 760 2145 et
791 2106 989 2158 diligens,
1032 2104 1121 2156 ipse
1161 2105 1203 2143 in
1235 2104 1437 2157 oppidum
1470 2103 1603 2142 noluit
1631 2103 1852 2150 accedere,
1898 2102 2013 2156 quod

209 2184 245 2214 30
261 2174 348 2210 erat
378 2166 537 2208 difficili
566 2168 771 2207 adscensu
802 2173 926 2221 atque
959 2166 1114 2213 arduo,
1147 2166 1455 2219 Archagathum
1477 2165 1771 2213 Haluntinum,
1800 2165 2013 2205 hominem

259 2245 344 2273 non
374 2231 508 2271 solum
540 2230 673 2277 domi,
714 2229 787 2270 sed
818 2234 904 2269 tota
935 2229 1076 2269 Sicilia
1106 2230 1147 2268 in
1188 2228 1333 2280 primis
1365 2227 1571 2273 nobilem,
1619 2228 1757 2267 vocari
1789 2228 1934 2267 iussit:
1975 2228 2011 2267 ei

260 2293 473 2346 negotium
504 2291 641 2340 dedit,
671 2296 740 2340 ut,
773 2291 981 2345 quidquid
1002 2291 1188 2330 Haluntii
1221 2295 1332 2330 esset
1350 2289 1510 2342 argenti
1532 2289 1699 2337 caelati,
1731 2295 1821 2338 aut,
1852 2290 1887 2330 si
1911 2290 2011 2344 quid

347 2479 377 2510 4.
403 2479 438 2510 in
461 2486 527 2518 qua
542 2477 648 2508 sicilia
664 2477 701 2507 R.
723 2494 757 2498 -
778 2478 808 2507 2.
829 2476 998 2507 dubitabat
1016 2476 1052 2507 .
1074 2493 1108 2498 -
1129 2476 1159 2507 3.
1179 2479 1254 2507 ante
1270 2477 1294 2507 R
1349 2476 1388 2507 Gt
1407 2484 1412 2505 :
1439 2479 1537 2506 antea
1555 2475 1578 2506 E
1593 2475 1638 2505 (32
1657 2475 1716 2506 Ld.
1736 2475 1819 2507 dett.
1840 2475 1875 2506 .
1899 2492 1934 2497 -
1951 2474 2012 2506 ab-

258 2528 429 2562 stinentiae
451 2529 488 2559 R.
579 2525 610 2557 4.
637 2525 752 2557 evulsis
776 2526 834 2555 Gt.
924 2527 955 2556 5.
982 2525 1154 2557 Calactino
1180 2526 1287 2566 Lg293
1318 2526 1504 2557 Galaestlno
1528 2524 1601 2556 rell.
1629 2526 1729 2565 [.
1758 2542 1793 2547 --
1818 2525 2013 2556 incoliorum

262 2581 286 2611 R
311 2579 345 2610 et
367 2587 399 2610 v.
427 2578 456 2608 6.
483 2576 609 2607 locullo.
639 2592 673 2598 -
700 2575 731 2606 7.
758 2574 895 2605 cenabat
917 2575 961 2606 R:
998 2576 1153 2607 coenabat
1178 2577 1215 2607 O.
1244 2595 1278 2598 a
1304 2576 1356 2607 ille
1381 2576 1426 2606 13
1444 2576 1489 2606 E:
1526 2576 1573 2605 illi
1596 2574 1679 2605 dett.
1706 2576 1742 2605 O.
1833 2575 1944 2614 adpos.
1972 2576 2007 2606 R.

325 2629 356 2659 9.
382 2627 568 2659 emblemate
591 2626 655 2657 Ra:
681 2624 816 2655 emblate
840 2625 881 2660 E
907 2624 1104 2656 emblematis
1120 2625 1203 2656 dett.
1224 2626 1261 2662 O,
1288 2625 1382 2665 quod
1399 2624 1552 2656 Halmius
1568 2625 1717 2656 retinuit.
1744 2626 1792 2655 Ac
1809 2632 1893 2656 sane
1910 2623 2008 2662 infra,

262 2678 462 2718 ubicunque
494 2676 537 2708 de
570 2674 719 2716 plurium
744 2683 907 2706 vasorum
933 2674 1151 2706 emblematis
1176 2675 1304 2715 agitur,
1337 2683 1477 2714 semper
1500 2672 1640 2714 pluralis
1665 2673 1802 2713 legitur,
1837 2674 1913 2714 qui,
1947 2674 2012 2705 nisi

261 2729 447 2761 emblemate
470 2734 576 2759 sensu
601 2724 780 2756 collectivo
805 2725 964 2764 accipere
990 2724 1088 2762 licet,
1121 2725 1186 2755 hoc
1213 2733 1352 2764 quoque
1385 2723 1459 2755 loco
1484 2723 1734 2764 praeferendus
1757 2723 1904 2755 videtur.
1932 2723 2012 2763 [em-

262 2778 408 2810 blematis
430 2785 486 2808 me
512 2776 615 2807 invito
640 2774 695 2806 ed.
722 2774 812 2814 Lips.
840 2774 957 2805 habet.
985 2774 1105 2815 IIALu]
1193 2777 1363 2812 tamquam
1386 2774 1431 2804 R3
1562 2774 1657 2812 quasi
1682 2773 1765 2804 dett.
1792 2774 1829 2804 .
1859 2790 1893 2795 -
1918 2773 2013 2813 ferli-

261 2837 338 2860 uom
363 2828 392 2867 (
415 2835 462 2858 m.
486 2825 648 2867 festiuum)
673 2833 810 2855 acroma
834 2825 870 2855 R.
899 2841 934 2845 -
973 2825 1023 2855 110.
1049 2823 1299 2863 inspectantibus
1323 2823 1406 2854 dett.
1433 2824 1469 2853 .
1505 2840 1538 2844 -
1577 2822 1740 2854 evellenda
1764 2824 1828 2861 13,
1898 2822 2009 2863 Lg45:

261 2878 408 2910 vellenda
431 2877 475 2913 E
511 2875 680 2907 avellenda
703 2874 786 2905 dett.
814 2874 850 2905 O.
962 2874 1013 2904 .
1040 2883 1096 2905 nec
1119 2882 1199 2913 opus
1222 2873 1282 2904 Ld.
1392 2874 1443 2903 42.
1469 2881 1571 2911 neque
1594 2873 1664 2913 fieri
1688 2873 1728 2903 Gt
1759 2872 1818 2903 Ld.
1845 2872 1945 2911 Lg29.

263 2931 392 2960 tantum
414 2925 461 2957 R3
479 2924 520 2956 a:
547 2928 674 2956 tantum
696 2925 790 2956 modo
815 2924 898 2955 dett.
919 2924 954 2955 .
974 2941 1010 2946 -
1031 2925 1082 2955 [16.
1109 2927 1187 2955 esset
1209 2925 1292 2953 vent.
1320 2922 1402 2953 dett.
1430 2922 1465 2952 .
1489 2940 1522 2943 -
1543 2922 1593 2953 17.
1620 2923 1657 2953 de
1674 2924 1707 2953 et
1723 2921 1848 2953 deinde
1861 2931 1924 2961 pro
1941 2931 2010 2954 om.

265 2977 365 3018 Lg29.
387 2993 422 2999 --
442 2975 494 3007 9.
514 2975 756 3013 dionysiarcum
773 2975 810 3006 R.
879 2974 932 3005 20.
947 2982 1151 3013 proauorum
1167 2971 1255 3012 Lg29
1272 2972 1313 3002 Gsl
1331 2980 1336 3001 :
1352 2980 1575 3012 meamet-um
1593 2972 1774 3012 (expuncta
1792 2971 1904 3003 media
1922 2972 1949 3011 r)
1968 2974 2010 3011 R

261 3037 324 3068 pro
341 3034 501 3067 agrorum
519 3025 565 3056 62
584 3024 644 3056 Ld.
666 3042 699 3047 -
719 3025 772 3056 22.
792 3024 995 3064 afferendum
1013 3025 1036 3055 R
1087 3024 1128 3054 Gt
1184 3020 1257 3062 (sed
1274 3022 1298 3052 R
1316 3021 1414 3060 adf.):
1441 3022 1639 3061 offerendum
1657 3021 1735 3059 Ld.
1754 3022 1907 3062 transfer.
1926 3022 2010 3054 dett.

265 3078 302 3108 .
330 3093 365 3099 -
390 3074 607 3114 Phylarchum
631 3074 736 3113 Lg29:
773 3074 972 3106 Philiarcum
997 3075 1043 3110 R
1075 3072 1281 3104 Philarehum
1310 3072 1367 3102 ctt.
1401 3071 1437 3102 O.
1470 3070 1513 3102 cf.
1539 3071 1582 3102 ad
1607 3072 1637 3111 5.
1665 3071 1715 3102 49.
1805 3072 2013 3111 centupinum

264 3128 301 3158 R.
324 3144 358 3148 -
384 3125 438 3157 24.
463 3125 672 3164 imperavisse
696 3124 756 3156 Ld.
783 3124 865 3156 dett.
886 3124 921 3154 .
944 3141 979 3146 -
1006 3121 1224 3161 Centuripinis
1240 3120 1341 3152 codd.
1360 3121 1446 3151 noti:
1474 3121 1655 3159 Centuripis
1670 3122 1716 3151 st.
1736 3121 1810 3152 LO.
1831 3138 1865 3143 -
1891 3122 1944 3153 25.
1963 3122 2011 3153 lo-

265 3175 443 3215 euplesima
466 3175 511 3211 R,
537 3178 567 3206 et
590 3175 708 3214 locupl.
735 3183 804 3206 om.
830 3175 931 3213 Lagg.
1022 3173 1073 3204 26.
1100 3171 1289 3211 conportari
1312 3172 1348 3201 lt.
1438 3171 1489 3202 28.
1515 3171 1638 3210 optima
1660 3173 1704 3201 cst
1727 3169 1827 3201 codd.
1854 3171 1936 3202 noti.
1971 3172 2013 3203 At

267 3224 309 3256 cf.
335 3224 449 3256 Madv.
476 3224 537 3265 Op.
563 3225 587 3255 1.
614 3233 646 3264 p.
674 3224 746 3255 360.
775 3224 812 3256 C.
839 3225 876 3254 G.
897 3223 1071 3254 Dictrichii
1096 3223 1244 3262 quaestt.
1264 3228 1410 3260 gramm.
1432 3223 1465 3251 et
1486 3221 1572 3251 critt.
1594 3220 1821 3260 (Lips.21835.)
1848 3229 1881 3261 p.
1899 3220 1940 3252 48
1957 3229 2009 3261 sq.

268 3275 413 3314 (optuma
435 3274 486 3314 R.)
514 3291 548 3296 -
574 3274 767 3305 Haluntium
791 3274 979 3314 (All-nntium
1003 3274 1038 3311 R)
1064 3272 1132 3303 R3:
1158 3272 1201 3302 ad
1223 3270 1297 3302 Hal.
1325 3269 1406 3301 dett.
1434 3272 1470 3301 O.
1488 3287 1522 3291 -
1549 3270 1600 3301 29.
1628 3270 1778 3301 accedere
1799 3271 1903 3302 noluil
1924 3270 2008 3302 dett..

267 3323 304 3354 .
334 3341 367 3345 -
394 3324 446 3355 30.
472 3332 605 3355 ascensu
628 3324 664 3354 R.
756 3324 973 3363 a7cha9alum
996 3321 1209 3361 Halyntinum
1234 3322 1257 3351 R
1283 3320 1326 3359 (et
1349 3320 1398 3351 sie
1421 3319 1505 3351 infra
1531 3319 1752 3361 archayalus).
1781 3337 1816 3342 -
1849 3320 1900 3351 3.
1922 3320 2011 3351 domi

269 3380 347 3404 suae
369 3372 452 3405 dett.
478 3373 515 3404 .
543 3390 578 3396 --
604 3371 656 3404 32.
682 3372 836 3412 quicquid
859 3372 895 3403 R.
970 3371 1094 3410 halynti
1117 3371 1159 3407 R3
1184 3370 1318 3402 Halunti
1341 3370 1421 3402 cett.
1441 3369 1541 3401 codd.
1563 3385 1598 3391 -
1617 3369 1713 3401 celati
1730 3370 1766 3400 R.
1843 3370 1870 3401 si
1885 3369 1954 3410 quit
1968 3370 2006 3401 R.
