2143 3713
683 223 778 264 οη.
808 222 987 263 11-1v.
1027 221 1099 275 §§·
1130 217 1302 261 4-40.
1787 213 1866 256 543

129 345 236 386 tum,
269 339 302 378 si
333 337 433 391 quid
464 337 541 376 erit
568 334 857 389 praeteritum,
887 334 1025 373 animo
1047 332 1282 385 requiratis.
1314 330 1383 369 111.
1405 328 1442 369 7.
1472 330 1558 382 Ego
1580 342 1664 377 me,
1696 329 1867 374 iudices,

128 401 178 441 ad
211 414 300 441 eam
331 413 494 439 causam
525 397 740 442 accedere,
786 409 893 448 quae
931 396 1010 435 iam
1054 408 1127 447 per
1155 405 1287 432 annos
1317 397 1409 431 octo
1441 391 1660 431 continuos
1691 404 1743 445 ex
1773 403 1870 430 con-

127 464 251 503 traria
288 467 402 515 parte
441 459 629 500 audiatur
678 463 801 510 atque
841 458 931 509 ipsa
969 456 1166 508 opinione
1204 452 1417 493 hominum
1457 453 1578 492 tacita
1616 466 1742 505 prope
1773 465 1871 491 con-

128 525 235 564 victa
266 530 387 576 atque
417 521 608 561 damnata
643 519 714 565 sit,
746 519 866 558 facile
897 519 1106 570 intelligo:
1138 516 1229 562 sed,
1261 515 1294 554 si
1327 515 1398 567 qui
1430 514 1529 553 mihi
1561 514 1662 553 deus
1693 518 1868 552 vestram

128 586 180 626 ad
213 600 276 625 me
306 583 558 625 audiendum
586 580 920 620 benevolentiam
951 578 1203 624 conciliarit,
1242 574 1415 616 efficiam
1447 575 1634 628 profecto
1674 580 1722 614 ut
1751 575 1902 614 intel-5

130 648 282 700 ligatis,
312 645 412 685 nihil
442 656 532 683 esse
562 642 720 682 homini
753 648 832 681 tam
858 641 1085 681 timendum
1118 652 1241 692 quam
1274 637 1492 685 invidiam,
1523 637 1630 676 nihil
1659 636 1870 677 innocenti

130 714 319 761 suscepta
357 704 511 745 invidia
548 710 629 743 tam
670 704 896 756 optandum
945 716 1069 755 qnam
1108 714 1286 753 aequum
1317 699 1533 746 iudicium,
1576 698 1690 751 quod
1720 698 1762 736 in
1793 697 1872 737 hoc

130 784 213 810 uno
244 768 422 820 denique
452 765 581 806 falsae
612 766 803 805 infamiae
834 765 928 804 finis
960 763 1088 817 aliqui
1119 767 1246 815 atque
1277 761 1414 801 exitus
1443 760 1686 813 reperiatur.
1738 759 1874 807 Quam

130 833 182 872 ob
220 844 305 870 rem
343 840 489 881 magna
528 842 593 868 me
624 841 717 881 spes
748 833 881 874 tenet,
923 827 956 866 si
989 839 1095 879 quae
1134 824 1302 864 suntin
1339 836 1464 862 causa
1503 822 1708 876 explicare
1748 827 1874 874 atque

130 893 265 933 omnia
303 889 477 930 dicendo
518 890 717 942 consequi
755 894 949 941 potuer0,
990 888 1101 927 hunc
1142 887 1277 926 locum
1319 897 1643 937 consessumque
1676 889 1924 930 vestrum,⁴0

130 967 252 1008 quem
282 952 343 992 illi
370 951 608 991 horribilem
639 953 686 990 A.
719 951 909 990 Cluentio
941 964 986 989 ac
1016 948 1330 989 formidolosum
1361 947 1449 986 fore
1480 951 1749 999 putaverunt,
1781 958 1875 985 eum

129 1015 295 1055 tandem
337 1013 424 1052 eius
454 1013 645 1052 fortunae
676 1014 850 1051 miserae
882 1012 1138 1065 multumque
1170 1011 1343 1049 iactatae
1375 1015 1537 1062 portum
1567 1021 1614 1048 ac
1642 1006 1876 1060 perfugium

128 1077 324 1116 futurum.
369 1073 408 1113 8.
439 1075 617 1114 Tametsi
650 1074 850 1126 permulta
874 1079 990 1120 sunt,
1023 1086 1130 1126 quae
1152 1072 1272 1118 mihi,
1304 1077 1528 1124 antequam
1550 1070 1601 1110 de
1623 1082 1747 1110 causa
1769 1068 1877 1115 dico,

130 1139 181 1177 de
220 1136 506 1177 communibus
547 1136 727 1175 invidiae
769 1135 963 1189 periculis
1004 1135 1180 1174 dicenda
1216 1147 1305 1173 esse
1336 1133 1576 1173 videantur:
1622 1137 1782 1177 tamen,
1824 1143 1877 1169 ne

130 1200 285 1240 diutius
315 1199 500 1239 oratione
530 1211 620 1237 mea
651 1211 854 1250 suspensa
883 1199 1139 1249 exspectatio
1170 1202 1305 1235 vestra
1335 1201 1546 1242 teneatur,
1581 1195 1797 1247 aggrediar
1826 1192 1928 1232 adia

130 1262 286 1302 crimen
315 1274 406 1301 cum
436 1260 509 1299 illa
539 1261 851 1312 deprecatione,
888 1258 1067 1306 iudices,
1110 1271 1192 1311 qua
1230 1257 1329 1296 mihi
1361 1257 1526 1309 saepius
1555 1256 1757 1296 utendum
1787 1268 1879 1294 esse

129 1323 338 1376 intelligo,
385 1322 444 1362 sic
480 1326 527 1361 ut
564 1335 629 1362 me
670 1321 870 1367 audiatis,
911 1320 1031 1373 quasi
1069 1320 1149 1360 hoc
1189 1324 1374 1372 tempore
1412 1318 1515 1358 haec
1548 1331 1672 1357 causa
1701 1318 1880 1370 primum

131 1384 313 1433 dicatur,
345 1384 467 1425 sicuti
497 1383 668 1431 dicitur,
709 1397 794 1423 non
824 1382 943 1435 quasi
974 1395 1097 1435 saepe
1127 1382 1209 1421 iam
1238 1381 1348 1420 dicta
1379 1385 1419 1419 et
1448 1392 1678 1432 numquam
1707 1379 1883 1432 probata

133 1448 196 1487 sit.
241 1446 454 1487 Hodierno
486 1446 596 1486 enim
628 1446 694 1486 die
723 1446 899 1499 primum
930 1444 1081 1484 veteris
1111 1444 1229 1483 istius
1261 1442 1446 1482 criminis
1477 1441 1667 1480 diluendi
1697 1446 1881 1494 potestas

133 1514 195 1549 est
224 1509 340 1550 data:
371 1514 466 1549 ante
495 1509 576 1548 hoc
606 1514 766 1562 tempus
797 1520 912 1547 error
942 1507 986 1546 in
1015 1506 1093 1546 hac
1124 1519 1249 1547 causa
1278 1511 1402 1558 atque
1434 1503 1590 1544 invidia
1613 1508 1777 1542 versata
1807 1508 1931 1543 est.20

133 1572 266 1620 Quam
297 1571 349 1611 ob
386 1585 474 1611 rem
505 1571 603 1611 dum
633 1571 854 1611 multorum
883 1582 1088 1609 annorum
1123 1567 1378 1608 accusationi
1406 1566 1587 1605 breviter
1615 1565 1882 1618 dilucideque

129 1633 383 1687 respondeo,
429 1646 585 1687 quaeso
624 1638 670 1672 ut
701 1646 787 1680 me,
819 1631 1000 1679 iudices,
1031 1631 1139 1671 sicut
1167 1630 1303 1670 facere
1334 1627 1593 1674 instituistis,
1623 1627 1804 1679 benigne
1825 1632 1884 1666 at-

133 1701 330 1748 tenteque
361 1694 554 1735 audiatis.

224 1758 292 1796 IV.
322 1755 360 1796 9.
394 1756 638 1809 Corrupisse
670 1756 818 1796 dicitur
848 1756 893 1794 Α.
927 1755 1140 1796 Cluentius
1171 1753 1370 1794 iudicium
1403 1751 1603 1806 pecunia,
1635 1764 1718 1805 quo
1748 1750 1885 1791 inimi-

133 1833 223 1860 cum
264 1819 549 1865 innocentem,
591 1819 766 1858 Statium
806 1818 993 1864 Albium,
1039 1816 1350 1857 condemnaret.
1412 1813 1660 1859 Ostendam,
1707 1812 1936 1860 iudices,25

134 1882 333 1934 primum,
364 1880 560 1932 quoniam
592 1885 716 1931 caput
745 1879 856 1919 illius
887 1880 1112 1919 atrocitatis
1139 1882 1265 1930 atque
1287 1876 1467 1916 invidiae
1488 1875 1587 1921 fuit,
1619 1875 1884 1915 innocentem

134 1943 308 1996 pecunia
337 1943 681 1988 circumventum,
712 1942 922 1981 neminem
955 1954 1151 1993 umquam
1181 1939 1405 1979 maioribus
1427 1937 1693 1985 criminibus,
1725 1937 1885 1990 gravio-

133 2005 246 2044 ribus
286 2004 456 2044 testibus
495 2017 585 2043 esse
626 2004 667 2042 in
706 2003 902 2042 iudicium
942 2008 1157 2049 vocatum3
1199 2001 1349 2040 deinde
1387 2013 1435 2040 ea
1466 1998 1517 2039 de
1549 2012 1599 2038 eo
1629 1999 1885 2052 praeiudicia

135 2080 226 2106 esse
255 2065 362 2105 facta
391 2065 441 2104 ab
480 2065 580 2119 ipsis
612 2065 837 2111 iudicibus,
877 2078 901 2104 a
932 2064 1083 2117 quibus
1114 2063 1414 2103 condemnatus
1445 2066 1529 2108 est,
1571 2066 1618 2101 ut
1647 2075 1728 2101 non
1761 2061 1884 2101 modo

134 2128 184 2168 ab
215 2127 368 2175 isdem,
399 2127 472 2167 sed
502 2141 553 2166 ne
585 2127 634 2167 ab
665 2127 756 2166 aliis
779 2125 947 2179 quidem
979 2126 1073 2165 ullis
1108 2125 1268 2165 absolvi
1298 2124 1382 2163 ullo
1421 2122 1545 2163 modo
1575 2128 1732 2175 posset.
1783 2123 1884 2164 Cum
1897 2134 1934 2164 30

133 2190 235 2230 haec
266 2189 467 2236 docuero,
505 2194 591 2228 tum
622 2188 726 2227 illud
759 2189 997 2235 ostendam,
1043 2187 1155 2241 quod
1185 2186 1365 2226 maxime
1393 2185 1551 2238 requiri
1581 2185 1792 2237 intelligo,
1822 2185 1885 2224 iu-

135 2252 287 2292 dicium
325 2251 429 2291 illud
468 2251 642 2305 pecunia
672 2263 763 2290 esse
804 2255 1003 2289 tentatum
1033 2263 1119 2289 non
1149 2261 1173 2288 a
1205 2247 1419 2295 Cluentio,
1459 2246 1533 2286 sed
1564 2252 1706 2286 contra
1738 2247 1885 2287 Cluen-

135 2315 258 2362 tium,
297 2313 531 2366 faciamque
569 2318 614 2352 ut
651 2312 916 2364 intelligatis,
946 2312 990 2351 in
1020 2316 1106 2351 tota
1134 2311 1207 2351 illa
1236 2323 1360 2351 causa
1386 2308 1487 2364 quid
1516 2322 1582 2350 res
1612 2309 1703 2362 ipsa
1730 2308 1885 2357 tulerit,

136 2376 235 2430 quid
266 2389 380 2416 error
408 2375 640 2422 affinxerit,
672 2374 772 2428 quid
801 2374 959 2414 invidia
989 2371 1187 2413 conflarit.

219 2435 284 2478 llO.
315 2439 496 2478 Primum
525 2437 651 2490 igitur
680 2435 784 2476 illud
816 2442 903 2483 est,
935 2449 988 2476 ex
1009 2448 1092 2490 quo
1122 2434 1300 2488 intelligi
1331 2434 1488 2488 possit,
1518 2433 1714 2474 debuisse
1737 2433 1886 2474 Cluen·
1898 2444 1935 2474 35

223 2598 253 2629 4.
278 2597 400 2637 animo]
425 2606 446 2628 a
466 2605 518 2629 me
540 2594 609 2629 Lss.
647 2596 800 2637 («Neque
824 2605 846 2627 α
867 2604 918 2627 me
940 2604 1055 2636 neque
1079 2595 1190 2627 animo
1213 2594 1339 2627 adesse
1363 2593 1486 2632 velim;
1513 2594 1596 2626 satis
1621 2594 1675 2625 est
1696 2592 1885 2633 requiratis.

137 2646 239 2678 Certe
270 2654 374 2677 causa
403 2647 563 2687 perorata
594 2646 702 2677 testes
726 2645 1047 2686 interrogabantur,
1080 2653 1151 2676 non
1175 2645 1349 2677 defensor.
1387 2644 1550 2685 Suspicor
1573 2652 1595 2674 α
1617 2651 1668 2674 me
1691 2651 1769 2675 esse
1794 2641 1888 2682 glos-

136 2704 212 2728 sam
235 2694 279 2727 ad
295 2704 329 2727 V.
346 2696 577 2735 praeteritum,
603 2695 729 2727 deinde
753 2695 863 2726 animo
887 2694 1084 2727 subiectum
1108 2703 1150 2725 ex
1174 2694 1409 2735 praecedente
1432 2693 1659 2734 cogitatione.»
1685 2693 1764 2724 Gan.
1782 2692 1828 2729 2.)
1848 2708 1883 2715 -

135 2745 206 2785 Ego
228 2753 340 2776 me--
355 2745 495 2786 efficiam
514 2744 659 2785 profecto
683 2744 786 2776 lulius
810 2744 1009 2776 Rufinianus
1033 2744 1070 2775 de
1091 2745 1148 2784 fiy.
1173 2747 1252 2775 sent.
1279 2743 1309 2784 S.
1336 2743 1387 2774 43.
1416 2760 1452 2764 —-
1479 2742 1509 2774 3.
1536 2742 1672 2773 auditur
1693 2743 1732 2773 A.
1758 2758 1793 2763 —
1819 2741 1888 2780 opi-

135 2795 285 2827 nionibus
307 2795 344 2826 T.
361 2812 396 2816 —
421 2796 594 2826 coniuncta
618 2794 740 2835 (littera
764 2805 786 2826 n
810 2796 1000 2835 expuncta,
1025 2795 1064 2825 ut
1078 2795 1121 2826 sit
1137 2794 1296 2833 conuictu)
1315 2793 1355 2830 S3
1381 2792 1553 2824 conuincta
1579 2792 1651 2823 TF.
1672 2808 1707 2813 —
1732 2789 1763 2822 4.
1789 2791 1815 2821 si
1832 2790 1888 2830 qui

138 2846 195 2876 PS
219 2845 277 2885 (m.
296 2844 361 2886 pr.)
385 2844 467 2876 To:
493 2845 520 2875 si
543 2845 615 2883 quis
637 2845 701 2876 ΒΑ
716 2841 785 2876 Lss.
814 2862 847 2865 ——
875 2845 905 2875 5.
932 2843 1183 2874 beniuolentiam
1206 2841 1274 2874 (ΗΑ
1297 2842 1440 2883 ubique.
1468 2859 1503 2863 —
1534 2842 1565 2873 7.
1591 2850 1706 2872 aecum
1729 2840 1887 2872 iudicium

137 2895 181 2932 P,
207 2895 265 2934 qui
289 2894 323 2925 in
347 2894 399 2925 his
422 2893 541 2925 verbis
565 2893 703 2925 desinit.
733 2911 767 2915 —
794 2894 824 2925 8.
850 2903 914 2924 uno
939 2901 1007 2924 om.
1035 2893 1070 2923 L.
1099 2910 1134 2914 —
1161 2893 1265 2932 aliqui
1288 2893 1370 2924 TM:
1398 2892 1518 2930 aliquis
1541 2887 1727 2922 RALL‘O.
1750 2904 1783 2911 —-
1811 2889 1841 2920 9.
1860 2889 1888 2920 si

139 2951 222 2981 quae
244 2945 320 2975 ST:
346 2944 374 2974 si
396 2951 435 2974 ea
459 2952 542 2982 quae
565 2942 814 2977 RA1.80.-
850 2944 899 2974 Μ.
926 2942 975 2981 ac]
1000 2945 1098 2981 atque
1120 2942 1156 2973 T.
1185 2960 1219 2963 ——
1254 2942 1304 2973 43.
1331 2943 1401 2973 dico
1425 2941 1618 2972 STFMA:
1646 2940 1753 2970 dicam
1776 2936 1884 2970 Lsso.

142 3010 177 3015 —
203 2994 255 3024 45.
280 2993 461 3039 expectati-0
484 2994 516 3024 S.
545 3010 580 3015 —
615 2993 792 3033 adgredior
815 2993 859 3023 ad
889 2992 1011 3022 crimen
1034 2992 1224 3022 Arusianus
1248 2992 1396 3022 Messius
1421 2999 1454 3031 p.
1480 2990 1555 3021 242.
1582 2989 1637 3021 ed.
1664 2988 1819 3020 Lindem.
1849 3005 1884 3011 —

434 3043 443 3062 2

142 3072 192 3104 ⁴8.
218 3073 346 3115 dicitur]
372 3075 503 3105 dicatur
519 3074 558 3111 ὃς
584 3074 715 3105 dicatur
737 3074 773 3105 T.
794 3090 829 3095 ——
855 3080 1025 3112 nunquam
1042 3072 1073 3103 S.
1095 3088 1129 3093 —
1156 3071 1208 3102 49.
1234 3072 1336 3110 iscius]
1361 3072 1462 3110 ipsius
1484 3071 1505 3102 S
1519 3071 1555 3102 T.
1577 3088 1612 3092 —
1637 3069 1691 3101 2³2.
1712 3070 1794 3100 sicut
1809 3069 1885 3101 ST:

140 3122 234 3153 sicuti
255 3123 280 3154 R
293 3125 319 3154 A
333 3124 356 3154 L
371 3122 391 3157 ³3
406 3124 443 3155 O.
465 3141 499 3145 —
525 3122 578 3154 ⁶24.
603 3123 770 3154 itzimicum
787 3124 807 3154 S
821 3124 862 3154 T:
889 3122 1056 3152 munic-um
1078 3129 1174 3151 suum
1197 3122 1220 3152 R
1233 3123 1260 3152 A
1274 3122 1297 3152 L
1311 3120 1332 3154 (ἐ
1347 3121 1384 3152 O.
1405 3138 1438 3142 —
1466 3120 1519 3152 26.
1540 3121 1705 3160 primum,
1729 3119 1889 3151 neminem

141 3171 319 3203 maioribus
341 3181 404 3210 cr.‚
429 3182 480 3214 9¹*-
508 3172 635 3204 testibus
658 3173 692 3204 in
714 3174 781 3204 iud.
799 3176 949 3204 vocatum
966 3180 1067 3210 quam
1084 3170 1298 3209 Oppianicum
1309 3178 1320 3207 ,'
1345 3170 1474 3209 deinde,
1495 3169 1705 3209 praeiudicia
1719 3177 1784 3200 esse
1798 3168 1890 3208 facta

143 3218 183 3250 ab
206 3220 281 3259 ipsis
303 3221 477 3260 iudicibus,
503 3230 525 3252 α
549 3221 663 3259 quibus
682 3231 711 3252 c.
728 3223 788 3259 sic‚·
808 3225 990 3262 postremo,
1016 3220 1172 3250 iudicium
1190 3219 1329 3258 pecunia
1354 3221 1545 3258 temptatum
1567 3227 1631 3249 non
1651 3226 1714 3257 pro
1731 3217 1887 3257 Cluentio,

142 3268 195 3299 sed
217 3272 332 3301 contra
354 3270 535 3302 Cluentium
560 3270 784 3308 Quintilianus
803 3271 914 3309 1V.5‚
942 3271 993 3301 ll.
1021 3287 1057 3292 —
1094 3269 1181 3300 illius
1202 3270 1302 3307 caput
1325 3267 1394 3298 ST.
1429 3284 1464 3289 —-
1501 3267 1553 3300 30.
1578 3267 1691 3298 iisdem
1713 3266 1754 3306 S,
1780 3267 1815 3298 et
1837 3267 1888 3299 sic

143 3316 361 3359 plerumque.
387 3337 422 3344 —-
449 3321 501 3353 32.
528 3323 718 3360 temptatum
741 3322 780 3359 S;
803 3323 1021 3360 contemptum
1043 3320 1079 3351 T.
1107 3336 1142 3340 —
1168 3318 1221 3350 35.
1247 3317 1302 3359 est]
1325 3317 1387 3349 erit
1408 3317 1445 3349 L.
