2143 3713
228 249 308 291 700
721 258 774 296 IN
804 258 849 298 L.
882 257 1173 300 CATILINAM
1201 259 1357 303 LIBER
1387 264 1456 303 111.

229 367 298 419 qui
330 371 501 406 externa
532 367 639 407 bella
669 376 911 421 gesserunt,
944 371 1056 424 quod
1088 372 1188 411 mihi
1210 386 1302 413 cum
1333 375 1383 415 iis
1406 376 1628 416 vivendum
1651 381 1735 425 est,
1767 391 1872 431 quos
1895 379 1972 419 vici

227 440 274 466 ac
305 428 470 481 subegi,
500 429 560 469 illi
591 430 733 471 hostes
763 437 835 472 aut
865 429 1106 473 interfectos
1136 441 1207 474 aut
1237 448 1458 489 oppressos
1485 438 1764 491 reliquerunt:
1794 446 1974 479 vestrum

227 494 310 537 est,
353 491 560 539 Quirites,
600 493 632 532 si
671 495 816 534 ceteris
858 495 964 534 facta
996 509 1070 535 sua
1100 502 1210 536 recte
1241 504 1436 550 prosunt,
1475 499 1574 538 mihi
1604 513 1694 539 mea
1725 514 1777 539 ne
1808 501 1975 554 quando

226 551 363 592 obsint
401 554 634 606 providere.
693 557 851 596 Mentes
891 557 1001 597 enim
1033 557 1248 598 hominum
1277 560 1643 601 audacissimorum
1674 562 1898 602 sceleratae
1929 576 1975 602 ac

191 614 407 655 5nefariae
437 629 489 655 ne
510 617 626 657 vobis
657 631 807 658 nocere
829 625 1021 672 possent,
1053 633 1130 672 ego
1153 621 1338 673 providi:
1369 635 1421 662 ne
1443 624 1542 662 mihi
1564 628 1761 670 noceant,
1791 630 1974 663 vestrum

224 681 286 715 est
315 677 548 729 providere.
591 679 876 734 Quamquam,
909 682 1113 730 Quirites,
1147 683 1244 722 mihi
1267 684 1435 736 quidem
1467 686 1546 738 ipsi
1579 684 1681 724 nihil
1713 685 1763 725 ab
1786 686 1873 725 istis
1895 686 1975 725 iam

223 738 365 777 noceri
407 745 557 793 potest.
616 744 809 795 Magnum
851 745 960 784 enim
1001 750 1061 784 cst
1099 745 1140 784 in
1179 745 1300 785 bonis
1340 747 1613 798 praesidium,
1657 747 1771 801 quod
1802 747 1902 787 mihi
1933 748 1975 786 in

224 806 469 854 perpetuum
491 811 772 858 comparatum
805 812 886 853 est,
918 820 1066 859 magna
1096 808 1137 847 in
1170 821 1210 847 re
1239 808 1405 861 publica
1428 810 1623 863 dignitas,
1656 824 1762 864 quae
1785 823 1848 849 me
1871 823 1976 849 sem-

224 877 295 916 per
324 865 447 906 tacita
478 866 695 914 defendet,
735 881 882 920 magna
913 869 974 909 vis
1005 870 1311 917 conscientiae,
1351 885 1474 924 quam
1505 873 1577 924 qui
1609 873 1843 926 negligunt,
1883 886 1974 911 cum

174 934 208 964 4ο
223 938 287 965 me
317 926 475 967 violare
505 929 668 976 volent,
700 943 743 969 se
778 927 886 983 [ipsi]
918 932 1173 971 indicabunt.
1233 931 1298 972 28.
1329 934 1404 973 Est
1432 935 1553 974 etiam
1585 936 1704 974 nobis
1736 936 1770 974 is
1801 935 1974 981 animus,

223 988 430 1036 Quirites,
461 995 505 1030 ut
535 1005 619 1030 non
651 991 775 1032 modo
806 993 963 1033 nullius
992 995 1192 1034 audaciae
1222 996 1442 1043 cedamus,
1473 997 1545 1037 sed
1577 998 1699 1037 ctiam
1725 1010 1868 1037 omnes
1899 997 1975 1036 im-

221 1051 375 1104 probos
405 1052 515 1092 ultro
548 1067 710 1106 semper
740 1054 1004 1095 lacessamus.
1056 1057 1178 1105 Quod
1211 1058 1243 1097 si
1276 1059 1410 1098 omnis
1441 1059 1619 1112 impetus
1650 1059 1973 1099 domesticorum

219 1112 404 1152 hostium
436 1113 637 1168 depulsus
668 1129 691 1155 a
722 1117 840 1156 vobis
872 1130 915 1156 se
947 1118 989 1156 in
1021 1132 1085 1158 me
1115 1133 1242 1160 unum
1275 1122 1547 1169 converterit,
1578 1122 1696 1161 vobis
1728 1122 1805 1161 erit
1834 1121 1975 1161 viden-

220 1173 340 1221 dum,
372 1175 580 1225 Quirites,
619 1192 699 1232 qua
731 1179 969 1220 conditione
1000 1181 1173 1233 posthac
1204 1195 1275 1222 eos
1305 1196 1397 1222 esse
1428 1184 1588 1233 velitis,
1627 1183 1699 1237 qui
1731 1197 1773 1223 se
1805 1196 1879 1236 pro
1912 1197 1975 1223 sa-

171 1236 305 1277 i5lute
336 1244 473 1278 vestra
504 1240 729 1281 obtulerint
767 1242 946 1282 invidiae
982 1244 1264 1298 periculisque
1297 1246 1502 1285 omnibus.
1562 1246 1661 1286 Mihi
1694 1246 1862 1298 quidem
1894 1245 1974 1298 ipsi

220 1298 322 1352 qnid
364 1306 447 1347 est,
491 1303 605 1355 quod
646 1303 726 1343 iam
768 1304 817 1343 ad
860 1305 967 1344 vitae
999 1304 1175 1345 fructum
1209 1309 1341 1359 possit
1369 1308 1553 1361 adquiri,
1600 1322 1690 1348 cum
1732 1307 1972 1360 praesertim

220 1374 359 1414 neque
391 1362 433 1402 in
464 1363 626 1404 honore
657 1371 795 1405 vestro
827 1380 964 1419 neque
996 1367 1037 1406 in
1069 1368 1201 1420 gloria
1225 1369 1390 1409 virtutis
1412 1371 1634 1424 quicquam
1657 1369 1818 1410 videam
1838 1369 1974 1414 altius,

221 1437 303 1476 quo
335 1424 434 1464 mihi
464 1425 604 1467 lubeat
632 1427 915 1468 adscendere?
974 1427 1039 1468 ⁶29.
1072 1431 1174 1470 lllud
1207 1431 1394 1483 profecto
1425 1431 1657 1484 perficiam,
1690 1432 1899 1480 Quirites,
1930 1437 1975 1471 ut

220 1498 290 1533 ea,
322 1500 430 1540 quae
461 1489 569 1540 gessi
601 1490 642 1529 in
674 1490 916 1537 consulatu,
947 1491 1134 1544 privatus
1166 1498 1284 1533 tuear
1312 1499 1438 1547 atque
1459 1508 1626 1541 ornem3
1657 1501 1723 1542 ut,
1755 1495 1891 1548 siqua
1913 1499 1975 1534 est

167 1547 376 1588 20invidia
407 1550 689 1591 conservanda
719 1565 762 1591 re
793 1553 962 1606 publica
992 1559 1209 1607 suscepta,
1242 1555 1379 1595 laedat
1409 1556 1595 1604 invidos,
1627 1557 1727 1597 mihi
1757 1556 1894 1596 valeat
1922 1556 1972 1595 ad

219 1610 405 1661 gloriam.
464 1612 655 1667 Denique
687 1614 743 1654 ita
772 1627 837 1655 me
868 1614 910 1653 in
940 1629 984 1655 re
1016 1616 1182 1669 publica
1213 1618 1419 1665 tractabo,
1448 1623 1494 1658 ut
1524 1619 1781 1658 meminerim
1811 1632 1974 1671 semper

219 1686 325 1725 quae
356 1675 576 1726 gesserim,
609 1689 834 1732 curemque
864 1684 909 1718 ut
941 1691 989 1718 ea
1019 1678 1191 1726 virtute,
1232 1693 1317 1719 non
1349 1694 1446 1720 casu
1477 1686 1592 1733 gesta
1623 1694 1714 1721 esse
1742 1680 1972 1721 videantur.

302 1938 331 1969 4.
357 1938 397 1969 iis
419 1937 497 1970 cod.
524 1940 645 1971 Parc:
680 1939 741 1971 hiis
764 1939 803 1977 ‹l;
839 1940 888 1971 his
910 1940 1036 1980 hisg,
1063 1942 1108 1979 Ο;
1143 1942 1206 1973 illis
1229 1941 1303 1974 rcll.
1330 1942 1410 1974 mei.
1449 1942 1495 1973 Ex
1520 1943 1622 1983 Lagg.
1649 1942 1692 1974 ad
1717 1941 1902 1974 lectionem
1926 1943 1973 1973 his

215 1988 294 2019 nihil
319 1989 531 2030 exscriptum
556 1990 619 2021 est.
647 1990 737 2029 (mihi
759 1990 931 2022 vivendum
955 1991 995 2022 sic
1017 2000 1092 2023 cum
1114 1992 1177 2023 illis
1200 1992 1248 2032 L.)
1277 2010 1309 2013 —
1342 1993 1406 2023 viv.
1441 1992 1481 2023 sit
1504 1991 1560 2024 lm
1576 2002 1597 2033 q
1612 1994 1715 2032 tuW‚
1747 1995 1766 2026 8
1791 1995 1845 2027 alii
1871 1997 1970 2036 Lagg.

217 2056 250 2059 -νὴ
277 2038 351 2079 vici]
377 2039 559 2078 compescui
584 2048 620 2076 c;
648 2040 680 2071 in
704 2041 726 2071 h
751 2049 808 2081 ⁰90
832 2050 910 2082 sup.
931 2040 988 2073 lin.
1008 2043 1078 2078 est:
1103 2042 1167 2073 vici
1189 2051 1229 2073 ac
1246 2051 1315 2074 om.
1334 2052 1373 2074 w.
1397 2061 1429 2065 -
1456 2043 1487 2074 ⁶2.
1508 2046 1536 2074 ct
1559 2043 1669 2084 subegi
1692 2043 1721 2082 13
1749 2049 1807 2076 aut
1829 2054 1854 2076 x.
1874 2055 1969 2077 m.—

212 2089 313 2119 hostes
335 2092 445 2120 autem
468 2090 576 2129 interf.
603 2091 615 2121 t
640 2090 680 2129 (h.
706 2094 764 2121 auc
787 2100 880 2130 oppr.
908 2095 966 2122 aut
988 2091 1097 2131 interf.
1125 2092 1169 2131 d).
1198 2109 1231 2113 —
1267 2092 1298 2123 3.
1323 2093 1416 2132 facta
1438 2101 1500 2123 sua
1523 2096 1608 2124 recte
1631 2094 1654 2124 B
1668 2102 1685 2123 a
1700 2093 1722 2125 b
1737 2095 1808 2126 cis
1833 2096 1892 2133 [μ’.
1917 2096 1970 2126 (20.

213 2138 274 2168 65:
301 2146 363 2168 sua
385 2138 408 2177 f.
434 2142 520 2170 recte
543 2148 563 2180 p
579 2149 611 2177 κς
638 2143 722 2171 recte
744 2141 768 2180 f.
793 2150 855 2172 sua
880 2143 903 2173 C
919 2140 1011 2173 dlm
1028 2144 1193 2180 rtuwx,
1220 2143 1278 2182 Lg.
1303 2142 1332 2172 9.
1360 2143 1410 2173 ⁴6.
1430 2142 1483 2173 50.
1501 2142 1553 2173 53.
1573 2143 1630 2174 57:
1657 2147 1741 2175 recte
1764 2153 1833 2175 om.
1862 2146 1919 2184 Lg.
1940 2145 1969 2175 3.

212 2188 242 2217 6.
270 2186 328 2223 4-3;
354 2190 445 2218 recta
467 2188 558 2228 facta
581 2198 642 2220 sua
666 2190 689 2220 R
704 2190 744 2221 L:
778 2199 839 2221 sua
862 2194 946 2222 recle
967 2192 1059 2231 facta
1083 2193 1119 2223 Ο.
1159 2193 1250 2224 Recte
1272 2192 1315 2223 ad
1335 2196 1475 2232 prosunt
1498 2192 1665 2233 pertinet,
1692 2193 1853 2233 valetque
1878 2194 1971 2224 idem

213 2237 307 2277 quod
326 2238 445 2269 Graeci
471 2239 650 2280 participio
674 2238 799 2280 καλῶς
822 2238 1019 2281 ποιοῦντες
1043 2243 1253 2283 exprimunt.
1276 2261 1309 2264 —
1337 2242 1368 2274 li.
1395 2246 1575 2273 mcnlcs—-
1590 2243 1762 2281 providere
1785 2253 1854 2275 om.
1873 2253 1911 2281 §3
1940 2245 1971 2275 in

213 2287 232 2319 li
260 2287 292 2318 in
318 2295 428 2325 marg-g.
455 2288 613 2330 suppleta
638 2291 729 2322 sunt.
760 2308 794 2313 -
821 2292 937 2323 etenim
960 2294 996 2323 B.
1026 2310 1059 2314 -—
1087 2294 1117 2324 5.
1144 2292 1235 2324 nobis
1258 2302 1284 2323 r.
1315 2310 1348 2313 —
1373 2293 1496 2332 possint
1520 2292 1637 2324 hirs.
1666 2310 1699 2314 —-
1729 2294 1758 2324 6.
1785 2298 1829 2325 esc
1853 2303 1922 2325 om.
1942 2303 1969 2324 r.

214 2354 247 2359 -
278 2337 369 2376 Quir.
397 2346 467 2369 om.
494 2339 568 2377 Bz,
595 2339 614 2370 6
638 2338 690 2370 alii
716 2341 818 2380 Lagg.
847 2356 882 2362 —
910 2342 950 2372 ab
976 2343 1043 2374 istis
1065 2344 1134 2374 iam
1157 2344 1225 2374 mci
1252 2343 1325 2383 (scd
1351 2344 1371 2374 ll
1396 2344 1487 2383 illis),
1519 2344 1543 2375 B
1559 2353 1575 2374 a
1592 2344 1641 2374 ck
1658 2352 1698 2384 q,
1725 2345 1743 2374 5
1768 2342 1822 2374 alii
1846 2344 1970 2383 lagg:

214 2387 280 2417 iam
303 2386 344 2417 ab
367 2386 437 2417 istis
460 2386 533 2419 rell.
560 2390 677 2429 Lagg.,
706 2390 780 2422 LO.
803 2408 837 2413 -—
864 2391 895 2422 7.
921 2396 967 2423 esa
990 2394 1074 2424 enim
1098 2403 1114 2423 z
1139 2395 1174 2424 et
1198 2394 1255 2432 Lg.
1277 2393 1329 2423 20.
1349 2392 1402 2424 46.
1421 2394 1473 2425 550,
1492 2394 1552 2427 572
1579 2397 1623 2425 esc
1639 2402 1707 2424 om.
1728 2401 1763 2424 m
1782 2394 1816 2424 ct
1832 2393 1851 2423 6
1868 2393 1969 2431 Lag-gg.

211 2436 316 2473 ‹iett.;
351 2435 458 2468 habet
481 2440 526 2469 est
549 2441 628 2479 post
651 2439 741 2470 bonis
765 2438 785 2471 l.
816 2458 849 2461 —
886 2440 985 2483 bonis]
1017 2443 1066 2473 sic
1091 2442 1159 2473 mei
1191 2443 1341 2482 (praeter
1364 2442 1426 2482 bs)
1452 2452 1507 2483 qx
1532 2444 1590 2481 Lu.
1617 2444 1647 2474 9.
1674 2443 1726 2474 ΞΟ.
1753 2444 1804 2474 50.
1831 2442 1883 2474 53.
1910 2443 1967 2473 57:

212 2486 301 2517 nobis
323 2485 377 2518 vel
401 2487 490 2518 vobis
513 2487 582 2527 bs,
608 2488 681 2521 rell.
709 2491 812 2530 Lagg.
840 2491 939 2530 (vobis
962 2492 1065 2523 etiam
1092 2493 1144 2529 L.)
1173 2510 1206 2514 —
1234 2492 1265 2523 8.
1291 2501 1416 2532 semper
1438 2501 1489 2523 mc
1512 2501 1540 2523 s*
1569 2510 1603 2514 —
1631 2492 1660 2524 9.
1687 2493 1826 2533 defendit
1849 2492 1911 2523 bs.
1935 2510 1967 2513 —

210 2535 268 2577 vis]
292 2535 341 2566 vis
363 2539 408 2567 cst
432 2537 474 2575 B,
502 2539 558 2579 Lg.
586 2540 615 2571 4.
644 2540 674 2571 8.
701 2539 753 2571 24.
779 2540 861 2578 soli,
890 2542 964 2573 LO.
995 2560 1028 2564 —
1055 2543 1223 2582 'ncyliyunt
1248 2543 1270 2572 B
1287 2541 1380 2573 Cal)
1397 2542 1516 2578 cisz,
1544 2541 1658 2579 vind,
1686 2543 1743 2582 Lg.
1771 2543 1789 2573 9
1815 2544 1848 2573 ct
1872 2544 1890 2573 6
1915 2541 1967 2573 alii

211 2585 284 2622 (sed
309 2585 384 2617 bis
415 2588 616 2629 neeryunO:
649 2590 819 2631 neyliycrit
843 2591 873 2622 l:
907 2592 1069 2633 neylissent
1102 2593 1212 2623 RLO.
1252 2593 1300 2631 (in
1336 2601 1353 2623 r
1381 2592 1543 2633 negliyenb
1572 2592 1648 2623 cad.
1675 2600 1720 2623 m.
1748 2592 1779 2622 in
1804 2593 1971 2633 neqliyunt

210 2643 300 2665 corr.
328 2636 403 2675 est.)
432 2654 466 2659 —
493 2638 545 2670 40.
570 2639 682 2671 volunt
706 2650 724 2671 c
748 2642 783 2672 et
809 2642 864 2681 [ς.
883 2642 935 2673 53.
964 2660 998 2663 —
1025 2643 1087 2682 ipsi
1111 2651 1179 2674 om.
1206 2642 1293 2675 bis:
1327 2644 1407 2682 Lag.
1432 2642 1475 2674 de
1500 2643 1571 2674 suis
1595 2643 1696 2673 tacet.
1719 2660 1752 2664 —
1778 2642 1970 2673 iudicabunt,

211 2685 221 2715 t
247 2693 292 2715 m.
312 2694 364 2726 pr.
383 2704 416 2708 ——
444 2688 554 2730 etiam]
578 2689 664 2720 enim
687 2691 711 2721 B
726 2699 744 2720 a
758 2690 780 2721 b
795 2691 864 2722 cis
883 2692 939 2731 Lg.
956 2692 974 2722 9
992 2694 1025 2723 et
1041 2693 1059 2723 7
1078 2691 1144 2729 alii,
1164 2692 1240 2724 sort.
1257 2694 1365 2724 recte.
1382 2711 1416 2714 —
1443 2692 1534 2723 nobis
1549 2701 1568 2723 a
1583 2691 1604 2722 b
1619 2692 1627 2722 i
1642 2700 1663 2732 q
1678 2701 1717 2729 z,
1739 2692 1757 2721 6
1774 2691 1827 2723 alii
1845 2694 1965 2733 Lag-fg:

208 2735 299 2766 nobis
322 2744 392 2768 om.
419 2746 455 2775 ες
482 2738 515 2768 in
538 2739 629 2770 nobis
645 2740 668 2771 R
684 2741 799 2772 LO.—
828 2741 856 2771 is
879 2750 948 2773 orn.
969 2742 1059 2783 (post
1081 2741 1181 2778 nobis)
1208 2751 1226 2773 a
1242 2741 1336 2781 bis,
1361 2744 1380 2773 5
1397 2741 1451 2773 alii
1477 2743 1621 2781 Lnga--
1649 2742 1701 2772 Μ.
1729 2742 1820 2781 Quir.
1844 2750 1914 2773 om.
1933 2742 1966 2773 d.

213 2800 247 2806 -
272 2785 436 2825 improbos
458 2796 566 2820 omnes
590 2789 630 2826 d;
657 2799 767 2821 omncs
790 2799 859 2821 om.
888 2800 947 2828 νς.
965 2809 999 2812 ——
1028 2792 1080 2823 4⁶2.
1106 2800 1232 2831 semper
1259 2802 1328 2824 om.
1356 2802 1377 2833 q
1402 2794 1437 2823 et
1461 2793 1518 2832 Lg.
1545 2793 1597 2823 46.
1627 2810 1661 2814 -
1690 2792 1741 2823 43.
1766 2794 1899 2824 verterit
1922 2793 1966 2825 d:

208 2836 365 2867 convertit
388 2835 407 2868 ›l-
431 2837 534 2878 Lagg.
561 2839 645 2871 dett.
673 2840 798 2880 (omncs
826 2841 965 2880 impetus
981 2859 1029 2865 --
1046 2842 1169 2881 depulsi
1185 2859 1232 2864 ——
1249 2843 1466 2874 converterint
1488 2841 1537 2881 L.)
1565 2859 1599 2864 -—
1633 2842 1807 2874 videndum
1831 2843 1965 2882 absg:

208 2885 447 2924 providendum
470 2888 494 2919 R
509 2889 583 2920 LO.
613 2908 646 2911 —
675 2889 726 2922 44,
751 2890 856 2922 velitis
874 2891 979 2930 poslh.
1004 2900 1057 2923 cos
1079 2900 1144 2923 esse
1167 2901 1199 2930 Ζ,
1227 2891 1246 2923 4
1270 2890 1323 2922 alii
1349 2892 1470 2931 lagg:
1498 2900 1550 2922 eos
1572 2900 1636 2923 csse
1657 2892 1717 2924 vel.
1744 2901 1813 2924 om.
1839 2902 1878 2931 ug
1905 2901 1970 2924 csse

213 2944 282 2967 om.
308 2944 337 2966 w
361 2937 404 2976 Q).
429 2946 483 2968 eos
505 2939 612 2970 salvos
633 2948 698 2971 esse
719 2941 780 2971 vel.
800 2940 845 2980 d).
868 2959 902 2963 —-
929 2942 982 2972 45.
1009 2941 1192 2972 obtulerunt,
1214 2939 1411 2981 hcdqu,
1437 2940 1455 2971 7
1474 2939 1527 2971 alii
1546 2941 1647 2980 Lago.
1668 2958 1702 2963 -
1728 2942 1790 2981 ipsi
1813 2951 1881 2973 om.
1903 2951 1922 2981 q
1937 2952 1966 2973 z.

215 3003 246 3006 u-
276 2986 328 3017 46.
356 2990 401 3017 cst,
427 2988 513 3026 quod
536 2996 605 3019 om.
626 2997 654 3019 w
677 2992 712 3021 ct
736 2990 754 3020 6
771 2990 873 3030 Lagg.
893 2990 996 3027 dett.;
1023 2993 1067 3021 esc
1090 2999 1159 3022 om.
1179 3000 1210 3022 x.
1233 3009 1266 3012 —
1294 2990 1362 3021 viam
1385 2990 1405 3020 d
1431 2990 1506 3030 post
1528 2990 1673 3029 fructum
1695 2991 1814 3022 habet.
1835 3009 1869 3013 -ν
1895 3000 1969 3022 cum

208 3043 317 3073 praes.
344 3044 362 3067 a
378 3035 399 3066 b
415 3037 537 3076 cisz,
565 3039 583 3069 6
607 3037 660 3069 alii
686 3040 809 3080 Lagg.:
839 3040 1035 3079 praesertim
1063 3049 1137 3071 cum
1161 3042 1185 3072 R
1201 3041 1238 3072 Ο.
1267 3058 1300 3062 -
1336 3040 1387 3071 47.
1415 3040 1448 3070 in
1470 3041 1582 3079 qratia
1608 3043 1630 3072 t.
1660 3059 1695 3063 -
1721 3041 1819 3072 altius
1839 3041 1969 3072 videam

212 3092 251 3117 uz
282 3085 412 3116 videam
441 3095 512 3118 om.
539 3097 566 3118 r.
602 3105 629 3109 —
675 3089 726 3120 48.
752 3089 828 3130 quo]
852 3098 916 3128 quo
939 3090 1068 3129 quidem
1093 3090 1155 3121 LO
1180 3091 1300 3121 contra
1324 3089 1426 3121 codd.
1456 3106 1490 3110 —
1523 3090 1630 3121 lubeat
1653 3089 1721 3121 bs:
1757 3090 1865 3122 iubeat,
1888 3100 1908 3131 p
1934 3093 1969 3121 et

215 3133 270 3171 lig.
298 3134 355 3166 46:
382 3134 479 3167 libeat
503 3138 526 3168 R
542 3139 565 3169 L
581 3138 618 3169 O.
649 3156 683 3161 -
706 3139 852 3179 profecto
872 3141 958 3180 perf.
985 3139 1094 3180 hiqs
1118 3141 1177 3180 Lg.
1198 3141 1228 3171 4.
1254 3140 1284 3170 7.
1311 3139 1341 3170 8.
1367 3139 1419 3170 24.
1446 3139 1505 3171 Q:
1528 3141 1613 3180 perf.
1637 3140 1781 3180 profecto
1805 3139 1877 3171 rell.
1898 3141 1966 3172 mci

213 3183 246 3211 ct
271 3183 371 3223 Lagg.
399 3186 620 3227 (omnesnc‘D
644 3189 718 3220 LO.
740 3207 774 3211 —
803 3189 854 3221 49.
879 3189 973 3230 gessi]
996 3190 1057 3229 feci
1081 3199 1098 3220 z
1123 3191 1157 3221 et
1181 3190 1239 3227 Lu.
1259 3188 1310 3221 46.
1334 3206 1365 3210 »υ
1395 3189 1518 3230 ornem]
1542 3190 1695 3221 honorem
1717 3200 1756 3229 ςῑ
1783 3190 1928 3221 ordinem
1946 3191 1964 3220 i.

216 3249 249 3253 -
279 3233 403 3266 invidia
426 3240 469 3267 est
493 3246 527 3274 r;
554 3239 578 3269 B
605 3238 736 3270 habent
758 3239 824 3270 inv.
851 3241 930 3270 ante
954 3243 1113 3279 suscepta.
1143 3257 1173 3262 —
1204 3241 1256 3270 ⁶20.
1283 3241 1508 3270 conservanda
1530 3249 1567 3271 rc
1585 3249 1618 3279 p.
1646 3239 1737 3270 bis:
1763 3248 1907 3270 consere.
1933 3240 1967 3269 in

213 3291 248 3312 ΥΘ
269 3291 301 3320 1)-
328 3292 367 3323 Ρ;
401 3285 435 3315 in
458 3289 624 3319 servanda
646 3298 682 3320 rc
701 3299 736 3329 p.
762 3298 798 3327 z;
831 3289 864 3319 in
892 3298 979 3320 cons.
1005 3298 1041 3320 rc
1067 3298 1100 3327 p.
1127 3288 1200 3320 roll.
1228 3288 1295 3319 inci
1321 3287 1402 3326 (sed
1427 3288 1447 3319 d
1473 3297 1519 3319 m.
1547 3298 1597 3329 pr.
1623 3288 1829 3327 conservata)
1856 3289 1903 3326 et,
1931 3290 1966 3318 ut

213 3331 364 3369 videtur,
393 3335 512 3375 lagg,
542 3339 614 3369 LO.
640 3357 673 3361 —
699 3338 831 3370 invidiis
853 3339 878 3370 t.
900 3356 934 3360 -—
961 3340 1013 3370 ⁶24.
1040 3348 1090 3370 mc
1114 3339 1160 3369 ita
1183 3339 1202 3370 k
1228 3339 1261 3369 ct
1285 3338 1341 3377 ¹4?-
1361 3338 1413 3369 “Mt
1433 3337 1492 3371 43:
1518 3348 1569 3370 me
1592 3347 1661 3370 oni.
1682 3338 1714 3368 li.
1736 3355 1771 3360 —
1797 3338 1849 3370 Ἦ.
1870 3336 1963 3377 quae]

212 3389 326 3413 corum
348 3392 432 3422 quae
455 3394 507 3427 qz
531 3389 565 3418 et
587 3388 606 3419 5
631 3386 685 3419 alii
709 3389 811 3428 Lagg.
841 3406 875 3410 —
899 3389 984 3430 ,qessi
1006 3397 1033 3420 r.
