2175 3718
568 245 656 286 Lm.
687 244 717 283 1.
759 243 855 283 (πη.
887 242 1112 282 vni-x.
1153 239 1225 293 §§·
1257 237 1457 280 21-27.
1796 238 1876 280 439

125 359 315 406 nonnulli
348 357 547 411 suspicati
578 360 696 403 sunt,
727 368 811 394 non
843 354 932 394 sine
963 366 1087 393 causa
1114 353 1226 392 illius
1248 353 1469 392 consilium
1491 357 1572 392 tam
1594 358 1764 406 repente
1786 365 1878 393 esse

124 425 340 460 mutatum.

237 482 308 521 IX.
340 480 405 520 ⁶25..
436 483 555 520 Nunc
586 491 637 518 ne
667 492 778 518 novo
811 478 1099 532 querimoniae
1131 490 1283 529 genere
1315 476 1373 515 uti
1407 476 1541 529 possit
1569 476 1817 517 Hortensius
1840 481 1880 516 et

126 557 173 583 ea
206 544 366 591 dicere,
397 541 574 595 opprimi
608 554 744 587 reum,
777 541 826 579 de
859 554 943 594 qno
976 540 1081 580 nihil
1113 539 1224 579 dicat
1253 543 1491 586 accusator3
1540 539 1644 578 nihil
1675 553 1765 579 esse
1797 546 1879 579 tam

125 606 405 659 periculosum
437 604 616 643 fortunis
647 603 956 649 innocentium,
993 615 1117 655 quam
1140 607 1275 641 tacere
1296 601 1579 649 adversarios;
1611 606 1725 647 etne
1747 601 1911 648 aliter,5

126 682 249 721 quam
282 680 358 719 ego
391 666 536 712 velim,
569 678 706 704 meum
737 664 880 704 laudet
910 665 1146 716 ingenium,
1179 678 1271 703 cnm
1295 664 1406 703 dicat
1427 677 1513 710 me,
1546 663 1579 702 si
1602 663 1731 702 multa
1753 662 1881 701 dixis-

126 744 236 776 sem,
269 729 579 769 sublevaturum
611 727 740 766 fuisse
770 741 886 774 eum,
920 737 1043 780 quem
1067 732 1210 766 contra
1233 726 1433 772 dicerem;
1466 726 1563 779 qnia
1585 738 1669 765 non
1691 725 1881 771 dixerim,

123 792 378 845 perdidisse:
410 803 565 829 morem
599 789 657 828 illi
690 803 851 841 geram,
883 795 975 828 utar
1006 789 1195 828 oratione
1227 793 1452 840 perpetua;
1484 801 1568 827 non
1595 788 1783 841 quoiam
1803 787 1883 826 hoc

124 855 177 893 sit
207 866 396 899 necesse,
437 865 580 891 verum
613 856 658 890 ut
689 851 901 903 experiar,
943 856 1080 890 utrum
1113 850 1182 889 ille
1215 850 1319 889 ferat
1349 849 1566 889 molestius
1598 863 1662 889 me
1694 854 1792 889 tunc
1823 854 1885 888 ta-

124 915 259 955 cuisse
291 928 342 954 an
374 928 484 954 nunc
515 914 667 953 dicere.
728 911 793 951 255.
827 913 903 951 Hic
936 918 977 952 tu
1009 912 1185 951 fortasse
1218 913 1299 951 eris
1332 912 1531 965 diligens,
1562 926 1614 952 ne
1647 925 1770 966 quam
1806 923 1882 963 ego
1901 925 1933 953 io

121 978 267 1017 horam
299 977 350 1016 de
382 977 484 1016 meis
516 974 714 1027 legitimis
745 975 859 1014 horis
890 975 1112 1014 remittam.
1158 975 1246 1014 Nisi
1271 975 1383 1014 omni
1407 980 1613 1027 tempore,
1646 973 1759 1027 quod
1781 972 1882 1011 mihi

123 1042 213 1092 lege
245 1052 490 1079 concessum
522 1043 605 1084 est,
645 1038 799 1076 abusus
831 1050 923 1084 er0‚
963 1049 1161 1090 querere,
1201 1037 1325 1076 deum
1356 1042 1482 1090 atque
1513 1036 1729 1076 hominum
1760 1032 1883 1074 sidem

123 1102 385 1155 implorabis,
417 1099 708 1140 circumveniri
743 1100 785 1138 C.
806 1100 1002 1146 Verrem,
1035 1098 1148 1152 quod
1171 1104 1387 1138 accusator
1407 1099 1513 1138 nolit
1531 1105 1613 1138 tam
1637 1098 1725 1145 diu,
1758 1110 1883 1151 quam

124 1163 195 1203 diu
234 1163 376 1210 liceat,
418 1162 572 1201 dicere.
633 1161 756 1209 Quod
798 1161 898 1200 mihi
939 1161 1009 1201 lex
1040 1175 1131 1200 mea
1162 1175 1287 1201 causa
1319 1161 1454 1209 dedit,
1495 1175 1544 1201 eo
1576 1161 1677 1201 mihi
1708 1173 1792 1200 non
1822 1159 1883 1199 uti

124 1239 208 1266 non
238 1225 407 1265 licebit?
454 1225 556 1263 Nam
588 1223 813 1263 accusandi
845 1225 944 1263 mihi
976 1229 1140 1277 tempus
1171 1237 1261 1263 mea
1293 1237 1417 1264 causa
1444 1225 1586 1264 datum
1609 1228 1691 1270 est,
1721 1227 1768 1262 ut
1788 1234 1884 1275 pos·
1900 1235 1933 1263 15

124 1302 212 1329 sem
244 1288 433 1327 oratione
464 1299 554 1325 mea
586 1286 759 1325 crimina
791 1299 1044 1339 causamque
1076 1286 1301 1339 explicare.
1361 1286 1450 1326 Hoc
1482 1287 1515 1326 si
1546 1299 1631 1325 non
1652 1290 1768 1331 utor,
1800 1297 1883 1324 non

125 1351 199 1391 tibi
240 1350 435 1390 iniuriam
472 1348 604 1395 facio,
643 1349 715 1387 sed
757 1349 807 1388 de
849 1362 940 1388 meo
974 1349 1064 1388 iure
1095 1348 1254 1402 aliquid
1287 1354 1327 1388 et
1357 1349 1580 1389 commodo
1613 1348 1800 1388 detraho.
1830 1368 1884 1375 —

125 1413 300 1453 Causam
331 1411 464 1457 enim,
502 1410 664 1463 inquit,
709 1411 905 1462 cognosci
938 1416 1117 1464 oportet.
1148 1433 1202 1440 —
1231 1411 1290 1450 Ea
1321 1425 1364 1451 re
1396 1412 1590 1465 quidem,
1623 1410 1735 1464 quod
1766 1409 1886 1449 aliter

125 1472 393 1515 condemnari
423 1486 538 1519 reus,
572 1473 762 1525 quamvis
795 1473 848 1512 sit
878 1487 1056 1520 nocens,
1089 1487 1173 1514 non
1206 1479 1357 1527 potest.
1402 1475 1447 1513 Id
1479 1474 1606 1527 igitur
1635 1480 1679 1513 tu
1711 1473 1884 1513 moleste

124 1537 278 1584 tulisti,
319 1550 342 1576 a
381 1549 446 1575 me
488 1535 650 1588 aliquid
680 1535 835 1575 factum
867 1549 981 1583 esse,
1022 1549 1105 1589 quo
1136 1537 1273 1576 minus
1305 1537 1382 1576 iste
1414 1537 1683 1576 condemnari
1712 1535 1934 1588 posset?20

124 1602 228 1640 Nam
260 1611 384 1639 causa
414 1597 582 1650 cognita
612 1603 788 1650 possunt
818 1598 937 1637 multi
967 1598 1152 1645 absolvi,
1183 1598 1398 1652 incognita
1424 1600 1593 1653 quidem
1616 1597 1885 1638 condemnari

125 1675 248 1702 nemo
279 1666 430 1714 potest.
489 1658 555 1698 ⁶26.
591 1659 765 1699 «Adimo
798 1661 909 1699 enim
940 1662 1412 1714 comperendinati1m»:
1445 1662 1558 1716 quod
1588 1661 1714 1700 habet
1743 1659 1810 1698 lex
1842 1658 1885 1698 in

128 1737 172 1764 se
203 1722 568 1769 molestissimum,
599 1722 661 1761 bis
692 1727 738 1761 ut
767 1735 894 1762 causa
925 1724 1108 1771 dicatur,
1140 1723 1255 1777 quod
1286 1728 1357 1763 aut
1387 1736 1480 1763 mea
1510 1736 1635 1763 causa
1660 1721 1800 1775 potius
1823 1724 1887 1760 est

128 1785 397 1825 constitutum
437 1798 562 1838 quam
605 1789 693 1831 tua,
734 1790 805 1824 aut
834 1785 966 1824 nihilo
998 1791 1070 1825 tua
1107 1786 1248 1839 potius
1292 1800 1417 1840 quam
1458 1799 1562 1826 mea.
1620 1787 1726 1824 Nam
1757 1783 1790 1823 si
1820 1782 1885 1822 bis

130 1846 266 1885 dicere
298 1850 360 1884 est
390 1846 677 1892 commodum,
709 1852 817 1885 certe
843 1847 1064 1900 utriusque
1086 1861 1306 1887 commune
1329 1853 1416 1888 est:
1449 1850 1482 1889 si
1505 1862 1618 1896 eum,
1652 1848 1723 1902 qui
1745 1851 1885 1900 poste·
1898 1855 1934 1885 25

129 1907 216 1946 rius
247 1906 371 1954 dixit,
412 1920 517 1959 opus
548 1913 610 1946 est
639 1908 854 1960 redargui,
900 1911 1154 1950 accusatoris
1186 1924 1328 1957 causa,
1369 1916 1414 1950 ut
1442 1911 1506 1951 bis
1538 1916 1755 1963 ageretur,
1787 1922 1886 1948 con-

132 1969 319 2007 stitutum
354 1974 427 2007 est.
487 1970 659 2016 Verum,
705 1975 751 2008 ut
781 1971 954 2022 opinor,
987 1971 1157 2011 Glaucia
1188 1972 1346 2024 primus
1376 1973 1490 2019 tulit,
1521 1978 1568 2012 ut
1597 1971 1888 2026 comperendi-

131 2036 299 2069 naretur
328 2044 447 2077 reus3
479 2037 600 2070 antea
631 2032 694 2070 vel
727 2031 901 2071 iudicari
935 2034 1068 2085 primo
1111 2040 1275 2087 poterat
1305 2035 1370 2073 vel
1400 2035 1579 2088 amplius
1609 2032 1885 2088 pronuntiari.

130 2094 268 2132 Utrain
308 2093 435 2145 igitur
475 2099 596 2146 putas
636 2094 769 2146 legem
813 2094 1081 2134 molliorem?
1129 2095 1289 2149 Opinor
1319 2097 1433 2135 illam
1464 2102 1668 2142 veterem,
1709 2107 1791 2148 qua
1821 2094 1887 2133 vel

129 2155 210 2193 cito
243 2154 400 2194 absolvi
433 2155 496 2194 vel
530 2155 644 2194 tarde
675 2156 943 2195 condemnari
976 2157 1138 2197 licebat.
1198 2159 1286 2210 Ego
1319 2160 1392 2198 tibi
1415 2159 1530 2198 illam
1555 2158 1729 2198 Aciliam
1752 2158 1936 2210 legem30

128 2215 324 2262 restituo,
368 2230 451 2269 qua
482 2217 572 2269 lege
604 2218 724 2256 multi
756 2218 884 2257 semel
917 2220 1120 2266 accusati,
1163 2221 1291 2260 semel
1327 2222 1437 2261 dicta
1467 2233 1612 2266 causa,
1654 2219 1783 2260 semel
1814 2232 1888 2258 au-

130 2276 226 2316 ditis
258 2277 433 2317 testibus
465 2280 731 2319 condemnati
764 2285 882 2327 sunt,
914 2294 1183 2334 nequaquam
1214 2288 1297 2322 tam
1330 2283 1562 2323 manifestis
1592 2296 1730 2336 neque
1761 2280 1888 2321 tantis

129 2340 395 2389 criminibus,
434 2344 601 2396 quantis
642 2349 687 2383 tu
728 2343 1001 2383 convinceris.
1061 2345 1165 2383 Puta
1205 2350 1244 2384 te
1287 2358 1371 2384 non
1402 2345 1478 2385 hac
1509 2351 1593 2385 tam
1623 2345 1776 2392 atroci,
1815 2343 1888 2384 sed

128 2401 199 2441 illa
245 2402 334 2454 lege
371 2405 591 2445 mitissima
631 2418 799 2445 causam
841 2405 992 2444 dicere.
1059 2406 1301 2446 Accusabo:
1346 2407 1634 2460 respondebis.
1693 2407 1888 2446 Testibus

129 2465 250 2505 editis
282 2466 340 2506 ita
370 2467 530 2507 mittam
561 2467 603 2507 in
635 2468 880 2514 consilium,
920 2472 987 2514 ut,
1029 2468 1155 2507 etiam
1185 2469 1220 2508 si
1255 2469 1326 2508 lex
1355 2469 1585 2522 ampliandi
1614 2469 1740 2509 faciat
1769 2473 1938 2522 pote-35

129 2532 296 2574 statem,
327 2533 465 2568 tamen
498 2529 566 2569 isti
596 2535 718 2583 turpe
751 2530 830 2569 sibi
861 2530 1102 2569 existiment
1132 2543 1217 2569 non
1239 2532 1374 2583 primo
1396 2532 1596 2571 iudicare.
1646 2532 1698 2571 X.
1720 2529 1786 2570 ⁶27.
1807 2531 1889 2570 Ve-

126 2602 220 2629 rum
251 2590 285 2629 si
317 2604 484 2631 causam
515 2593 713 2645 cognosci
745 2606 851 2645 opus
883 2596 966 2639 est,
998 2604 1199 2644 parumne
1233 2593 1400 2646 cognita
1431 2596 1522 2633 est?
1559 2593 1886 2642 dissimulamus,

126 2651 346 2700 Hortensi,
377 2656 491 2707 quod
522 2669 647 2708 saepe
680 2655 842 2708 experti
873 2655 915 2694 in
947 2654 1124 2694 dicendo
1157 2669 1315 2695 sumus.
1357 2656 1463 2704 Quis
1485 2668 1561 2695 nos
1584 2669 1733 2708 magno
1760 2668 1886 2709 opere

128 2715 306 2756 attendit
334 2730 534 2770 umquam
565 2717 607 2756 in
638 2718 718 2758 hoc
751 2717 922 2771 quidem
953 2730 1102 2770 genere
1134 2730 1377 2766 causarum,
1409 2718 1479 2757 ubi
1510 2717 1671 2771 aliquid
1697 2724 1885 2771 ereptum

215 2898 246 2929 8.
272 2908 336 2929 ηοη
361 2908 424 2939 quo
447 2900 515 2931 iam
539 2902 628 2933 coni.
657 2901 768 2933 Madv.
796 2901 838 2932 de
864 2902 942 2932 Asc.
961 2903 1048 2941 App.
1066 2909 1100 2941 p.
1120 2901 1181 2932 39:
1208 2910 1271 2933 'non
1298 2902 1454 2941 quoniam
1478 2902 1580 2933 codd.
1602 2919 1638 2925 —
1666 2901 1716 2933 lli.
1736 2903 1822 2933 dedic
1838 2903 1883 2934 A:

125 2947 177 2978 det
201 2947 303 2979 codd.
332 2950 369 2980 Ο.
398 2967 433 2970 --
469 2959 533 2981 non
562 2952 610 2981 uti
638 2951 741 2982 licebit
765 2952 888 2989 (3125.
919 2968 951 2972 —
992 2950 1042 2981 48.
1069 2951 1175 2990 inquit
1198 2960 1267 2982 om.
1295 2953 1354 2982 Gt.
1384 2969 1416 2974 —
1456 2952 1498 2983 Et
1521 2961 1560 2983 ea
1584 2961 1619 2983 re
1642 2952 1770 2991 quidem
1794 2953 1883 2982 coni.

124 2997 217 3028 Bake
243 2998 287 3029 ad
311 2999 413 3038 Legg.
440 3008 474 3040 p.
502 3000 574 3031 618.
602 3001 672 3032 Rau
698 3002 721 3032 1.
748 3010 781 3041 p.
802 3001 853 3031 66.
877 3017 911 3022 -
938 3001 990 3030 ⁶2¹.
1016 3001 1110 3031 mulli
1131 3005 1266 3040 possunt
1290 3001 1351 3032 dtt.
1372 3001 1408 3032 O.
1430 3020 1464 3024 —
1490 3002 1543 3033 23.
1571 3002 1657 3041 quod
1679 2998 1746 3039 aut]
1773 3001 1885 3031 Locus

124 3047 180 3078 vix
203 3056 321 3080 sanus.
347 3049 427 3080 Ern.
454 3050 542 3080 coni.
571 3051 604 3081 id
627 3055 700 3086 αιιί;
731 3051 833 3082 Beck.
854 3048 947 3080 delet
971 3051 1072 3088 quod,
1099 3051 1199 3082 uncis
1223 3049 1361 3082 inclusit
1383 3052 1420 3083 O.
1443 3070 1478 3073 —
1506 3051 1557 3082 29.
1583 3049 1696 3091 iyitur]
1720 3059 1798 3090 er90
1823 3050 1882 3081 G2.

128 3111 162 3118 —
188 3097 357 3129 moliorem
380 3099 438 3138 Lg.
458 3099 521 3135 “293
552 3101 718 3131 meliorem
743 3102 783 3132 Gt
804 3101 821 3131 12
846 3101 982 3140 Zumpt.
1021 3102 1083 3131 «At
1108 3099 1161 3131 lex
1187 3110 1245 3137 ea,
1277 3110 1367 3141 quae
1404 3100 1512 3132 multo
1537 3102 1667 3132 maiora
1692 3100 1761 3131 reis
1786 3107 1885 3130 com-

126 3145 228 3177 moda
253 3146 368 3185 affert,
395 3156 499 3187 quam
524 3148 587 3179 alia
612 3149 737 3180 iisdem
761 3149 927 3186 atrocior,
953 3151 1161 3189 praesertim
1187 3159 1286 3188 cum,
1314 3152 1351 3181 ut
1374 3151 1442 3182 hoc
1463 3150 1539 3182 loco
1557 3151 1611 3187 fii,
1638 3150 1786 3181 oratorie
1804 3148 1887 3180 effe-

125 3197 221 3226 ratur
245 3198 278 3227 et
302 3196 345 3228 de
374 3197 542 3229 industria
567 3201 746 3239 tamquam
771 3200 1004 3240 praestantior
1026 3199 1266 3240 praedicetur,
1302 3208 1364 3230 cur
1388 3209 1455 3231 non
1480 3202 1575 3232 recte
1599 3198 1704 3230 mollis
1727 3198 1884 3230 dicatur?

126 3250 212 3281 Infra
236 3251 430 3292 appellatur
452 3254 657 3285 mitissima.»
682 3255 806 3286 Kahnt.
833 3263 867 3294 p.
888 3254 938 3285 13.
968 3272 999 3277 —
1030 3254 1083 3285 36.
1108 3255 1228 3295 tamen]
1253 3263 1401 3286 causam.
1438 3256 1473 3286 ln
1499 3257 1540 3287 Gt
1560 3257 1578 3287 2
1602 3264 1676 3287 cam
1701 3255 1732 3294 (i.
1752 3263 1783 3285 e.
1806 3263 1884 3285 cau—

125 3299 209 3381 ἓιιητέ
233 3304 301 3332 tam
324 3304 358 3333 et
380 3305 489 3335 tamen
512 3304 716 3345 saepissime
742 3304 1013 3336 confunduntur.
1044 3322 1077 3326 —
1111 3304 1175 3345 isli]
1203 3305 1265 3345 ipsi
1290 3306 1379 3340 coni.
1407 3305 1518 3340 Halm.
1546 3324 1581 3328 —
1607 3306 1659 3339 38.
1685 3315 1883 3352 maynopere
