<?xml version="1.0" encoding="UTF-8"?>
<!DOCTYPE html PUBLIC "-//W3C//DTD XHTML 1.0 Transitional//EN"
    "http://www.w3.org/TR/xhtml1/DTD/xhtml1-transitional.dtd">
<html xmlns="http://www.w3.org/1999/xhtml" xml:lang="en" lang="en">
 <head>
  <title>
</title>
<meta http-equiv="Content-Type" content="text/html;charset=utf-8" />
  <meta name='ocr-system' content='tesseract 3.04.00' />
  <meta name='ocr-capabilities' content='ocr_page ocr_carea ocr_par ocr_line ocrx_word'/>
</head>
<body>
  <div class='ocr_page' id='page_1' title='image "./p1operaquaesupersu02ciceuoft_0624.png"; bbox 0 0 2143 3713; ppageno 0'>
   <div class='ocr_carea' id='block_1_1' title="bbox 275 212 1756 267">
    <p class='ocr_par' dir='ltr' id='par_1_1' title="bbox 275 212 1756 267">
     <span class='ocr_line' id='line_1_1' title="bbox 275 212 1756 267; baseline 0.002 -15"><span class='ocrx_word' id='word_1_1' title='bbox 275 212 355 253; x_wconf 85' lang='lat'><strong>608</strong></span> <span class='ocrx_word' id='word_1_2' title='bbox 570 214 638 254; x_wconf 88' lang='lat' dir='ltr'><strong>DE</strong></span> <span class='ocrx_word' id='word_1_3' title='bbox 670 213 808 254; x_wconf 85' lang='lat' dir='ltr'>LEGE</span> <span class='ocrx_word' id='word_1_4' title='bbox 837 212 1071 254; x_wconf 79' lang='lat' dir='ltr'><strong>AGRARIA</strong></span> <span class='ocrx_word' id='word_1_5' title='bbox 1100 213 1256 254; x_wconf 84' lang='lat' dir='ltr'>LIBER</span> <span class='ocrx_word' id='word_1_6' title='bbox 1284 215 1315 255; x_wconf 91' lang='lat'><strong>1.</strong></span> <span class='ocrx_word' id='word_1_7' title='bbox 1358 213 1453 255; x_wconf 61' lang='lat' dir='ltr'><strong>cst.</strong></span> <span class='ocrx_word' id='word_1_8' title='bbox 1484 215 1556 255; x_wconf 83' lang='lat' dir='ltr'><strong>lx.</strong></span> <span class='ocrx_word' id='word_1_9' title='bbox 1586 212 1659 267; x_wconf 76' lang='lat'><strong>§§.</strong></span> <span class='ocrx_word' id='word_1_10' title='bbox 1689 213 1756 256; x_wconf 75' lang='lat'><strong>27.</strong></span> 
     </span>
    </p>
   </div>
   <div class='ocr_carea' id='block_1_2' title="bbox 217 325 2018 1680">
    <p class='ocr_par' dir='ltr' id='par_1_2' title="bbox 217 325 2018 1680">
     <span class='ocr_line' id='line_1_2' title="bbox 274 325 2016 380; baseline 0.002 -16"><span class='ocrx_word' id='word_1_11' title='bbox 274 330 402 365; x_wconf 90' lang='lat' dir='ltr'><strong>stratu</strong></span> <span class='ocrx_word' id='word_1_12' title='bbox 432 337 594 377; x_wconf 86' lang='lat' dir='ltr'><strong>geram,</strong></span> <span class='ocrx_word' id='word_1_13' title='bbox 624 330 763 378; x_wconf 88' lang='lat' dir='ltr'><strong>patres</strong></span> <span class='ocrx_word' id='word_1_14' title='bbox 794 325 1041 378; x_wconf 84' lang='lat' dir='ltr'>conscripti,</span> <span class='ocrx_word' id='word_1_15' title='bbox 1071 330 1118 364; x_wconf 88' lang='lat' dir='ltr'><strong>ut</strong></span> <span class='ocrx_word' id='word_1_16' title='bbox 1147 325 1304 378; x_wconf 90' lang='lat' dir='ltr'><strong>possim</strong></span> <span class='ocrx_word' id='word_1_17' title='bbox 1335 326 1545 366; x_wconf 87' lang='lat' dir='ltr'><strong>tribunum</strong></span> <span class='ocrx_word' id='word_1_18' title='bbox 1575 325 1708 379; x_wconf 87' lang='lat' dir='ltr'><strong>plebis</strong></span> <span class='ocrx_word' id='word_1_19' title='bbox 1737 326 1798 366; x_wconf 89' lang='lat' dir='ltr'><strong>rei</strong></span> <span class='ocrx_word' id='word_1_20' title='bbox 1828 327 2016 380; x_wconf 87' lang='lat' dir='ltr'><strong>publicae</strong></span> 
     </span>
     <span class='ocr_line' id='line_1_3' title="bbox 274 388 1285 435; baseline -0.001 -8"><span class='ocrx_word' id='word_1_21' title='bbox 274 388 422 427; x_wconf 88' lang='lat' dir='ltr'><strong>iratum</strong></span> <span class='ocrx_word' id='word_1_22' title='bbox 453 392 663 435; x_wconf 66' lang='lat' dir='ltr'><strong>coercere,</strong></span> <span class='ocrx_word' id='word_1_23' title='bbox 694 388 794 427; x_wconf 89' lang='lat' dir='ltr'><strong>mihi</strong></span> <span class='ocrx_word' id='word_1_24' title='bbox 825 388 973 427; x_wconf 88' lang='lat' dir='ltr'><strong>iratum</strong></span> <span class='ocrx_word' id='word_1_25' title='bbox 1004 392 1285 427; x_wconf 85' lang='lat' dir='ltr'><strong>contemnere.</strong></span> 
     </span>
     <span class='ocr_line' id='line_1_4' title="bbox 385 448 2018 504; baseline 0.001 -16"><span class='ocrx_word' id='word_1_26' title='bbox 385 450 456 488; x_wconf 89' lang='lat' dir='ltr'><strong>IX.</strong></span> <span class='ocrx_word' id='word_1_27' title='bbox 489 450 622 497; x_wconf 88' lang='lat' dir='ltr'><strong>Quam</strong></span> <span class='ocrx_word' id='word_1_28' title='bbox 654 450 705 489; x_wconf 93' lang='lat' dir='ltr'><strong>ob</strong></span> <span class='ocrx_word' id='word_1_29' title='bbox 736 463 843 497; x_wconf 90' lang='lat' dir='ltr'><strong>rem,</strong></span> <span class='ocrx_word' id='word_1_30' title='bbox 874 463 947 502; x_wconf 87' lang='lat' dir='ltr'><strong>per</strong></span> <span class='ocrx_word' id='word_1_31' title='bbox 978 448 1078 488; x_wconf 90' lang='lat' dir='ltr'><strong>deos</strong></span> <span class='ocrx_word' id='word_1_32' title='bbox 1109 449 1385 490; x_wconf 83' lang='lat' dir='ltr'><strong>immortales!</strong></span> <span class='ocrx_word' id='word_1_33' title='bbox 1419 450 1600 503; x_wconf 85' lang='lat' dir='ltr'><strong>colligite</strong></span> <span class='ocrx_word' id='word_1_34' title='bbox 1622 464 1718 498; x_wconf 87' lang='lat' dir='ltr'><strong>vos,</strong></span> <span class='ocrx_word' id='word_1_35' title='bbox 1749 451 1903 491; x_wconf 90' lang='lat' dir='ltr'><strong>tribuni</strong></span> <span class='ocrx_word' id='word_1_36' title='bbox 1932 451 2018 504; x_wconf 91' lang='lat' dir='ltr'><strong>ple-</strong></span> 
     </span>
     <span class='ocr_line' id='line_1_5' title="bbox 272 510 2017 565; baseline 0.001 -15"><span class='ocrx_word' id='word_1_37' title='bbox 272 512 358 559; x_wconf 91' lang='lat' dir='ltr'><strong>bis,</strong></span> <span class='ocrx_word' id='word_1_38' title='bbox 389 511 567 551; x_wconf 83' lang='lat' dir='ltr'><strong>deserite</strong></span> <span class='ocrx_word' id='word_1_39' title='bbox 599 525 693 559; x_wconf 83' lang='lat' dir='ltr'><strong>eos,</strong></span> <span class='ocrx_word' id='word_1_40' title='bbox 723 526 747 551; x_wconf 88' lang='lat' dir='ltr'><strong>a</strong></span> <span class='ocrx_word' id='word_1_41' title='bbox 778 512 954 565; x_wconf 87' lang='lat' dir='ltr'><strong>quibus,</strong></span> <span class='ocrx_word' id='word_1_42' title='bbox 986 510 1064 549; x_wconf 89' lang='lat' dir='ltr'><strong>nisi</strong></span> <span class='ocrx_word' id='word_1_43' title='bbox 1096 510 1355 563; x_wconf 85' lang='lat' dir='ltr'><strong>prospicitis,</strong></span> <span class='ocrx_word' id='word_1_44' title='bbox 1385 512 1499 552; x_wconf 91' lang='lat' dir='ltr'><strong>brevi</strong></span> <span class='ocrx_word' id='word_1_45' title='bbox 1531 518 1717 565; x_wconf 91' lang='lat' dir='ltr'><strong>tempore</strong></span> <span class='ocrx_word' id='word_1_46' title='bbox 1749 513 2017 560; x_wconf 83' lang='lat' dir='ltr'><strong>deseremini3</strong></span> 
     </span>
     <span class='ocr_line' id='line_1_6' title="bbox 241 572 2017 627; baseline 0.001 -16"><span class='ocrx_word' id='word_1_47' title='bbox 241 573 506 625; x_wconf 82' lang='lat' dir='ltr'><strong>5eonspirate</strong></span> <span class='ocrx_word' id='word_1_48' title='bbox 545 573 785 621; x_wconf 88' lang='lat' dir='ltr'><strong>nobiscum,</strong></span> <span class='ocrx_word' id='word_1_49' title='bbox 826 573 1058 613; x_wconf 86' lang='lat' dir='ltr'><strong>consentite</strong></span> <span class='ocrx_word' id='word_1_50' title='bbox 1101 586 1193 612; x_wconf 87' lang='lat' dir='ltr'><strong>eum</strong></span> <span class='ocrx_word' id='word_1_51' title='bbox 1223 572 1364 620; x_wconf 90' lang='lat' dir='ltr'><strong>honis,</strong></span> <span class='ocrx_word' id='word_1_52' title='bbox 1405 587 1666 613; x_wconf 89' lang='lat' dir='ltr'><strong>communem</strong></span> <span class='ocrx_word' id='word_1_53' title='bbox 1699 588 1783 614; x_wconf 90' lang='lat' dir='ltr'><strong>rem</strong></span> <span class='ocrx_word' id='word_1_54' title='bbox 1814 574 2017 627; x_wconf 77' lang='lat' dir='ltr'><strong>publicam</strong></span> 
     </span>
     <span class='ocr_line' id='line_1_7' title="bbox 272 633 2017 689; baseline 0 -15"><span class='ocrx_word' id='word_1_55' title='bbox 272 634 480 674; x_wconf 86' lang='lat' dir='ltr'><strong>communi</strong></span> <span class='ocrx_word' id='word_1_56' title='bbox 512 635 648 675; x_wconf 87' lang='lat' dir='ltr'><strong>studio</strong></span> <span class='ocrx_word' id='word_1_57' title='bbox 680 641 807 689; x_wconf 85' lang='lat' dir='ltr'><strong>atque</strong></span> <span class='ocrx_word' id='word_1_58' title='bbox 838 649 978 675; x_wconf 86' lang='lat' dir='ltr'><strong>amore</strong></span> <span class='ocrx_word' id='word_1_59' title='bbox 1000 633 1224 674; x_wconf 80' lang='lat' dir='ltr'><strong>defendite.</strong></span> <span class='ocrx_word' id='word_1_60' title='bbox 1267 635 1396 675; x_wconf 88' lang='lat' dir='ltr'><strong>Multa</strong></span> <span class='ocrx_word' id='word_1_61' title='bbox 1427 642 1521 675; x_wconf 83' lang='lat' dir='ltr'><strong>sunt</strong></span> <span class='ocrx_word' id='word_1_62' title='bbox 1552 636 1715 675; x_wconf 83' lang='lat' dir='ltr'><strong>occulta</strong></span> <span class='ocrx_word' id='word_1_63' title='bbox 1747 636 1805 674; x_wconf 91' lang='lat' dir='ltr'><strong>rei</strong></span> <span class='ocrx_word' id='word_1_64' title='bbox 1828 635 2017 688; x_wconf 87' lang='lat' dir='ltr'><strong>publicae</strong></span> 
     </span>
     <span class='ocr_line' id='line_1_8' title="bbox 271 696 2017 749; baseline 0 -13"><span class='ocrx_word' id='word_1_65' title='bbox 271 697 458 744; x_wconf 89' lang='lat' dir='ltr'><strong>vulnera,</strong></span> <span class='ocrx_word' id='word_1_66' title='bbox 489 697 617 737; x_wconf 90' lang='lat' dir='ltr'><strong>multa</strong></span> <span class='ocrx_word' id='word_1_67' title='bbox 648 697 899 737; x_wconf 88' lang='lat' dir='ltr'><strong>nefariorum</strong></span> <span class='ocrx_word' id='word_1_68' title='bbox 931 696 1082 737; x_wconf 84' lang='lat' dir='ltr'><strong>civium</strong></span> <span class='ocrx_word' id='word_1_69' title='bbox 1114 696 1348 749; x_wconf 85' lang='lat' dir='ltr'><strong>perniciosa</strong></span> <span class='ocrx_word' id='word_1_70' title='bbox 1378 698 1564 737; x_wconf 82' lang='lat' dir='ltr'><strong>consilia.</strong></span> <span class='ocrx_word' id='word_1_71' title='bbox 1614 697 1781 736; x_wconf 90' lang='lat' dir='ltr'><strong>Nullum</strong></span> <span class='ocrx_word' id='word_1_72' title='bbox 1803 703 2017 737; x_wconf 85' lang='lat' dir='ltr'><strong>externum</strong></span> 
     </span>
     <span class='ocr_line' id='line_1_9' title="bbox 270 757 2017 812; baseline 0 -14"><span class='ocrx_word' id='word_1_73' title='bbox 270 759 500 812; x_wconf 90' lang='lat' dir='ltr'><strong>periculum</strong></span> <span class='ocrx_word' id='word_1_74' title='bbox 541 764 622 806; x_wconf 87' lang='lat' dir='ltr'><strong>est,</strong></span> <span class='ocrx_word' id='word_1_75' title='bbox 666 772 750 798; x_wconf 88' lang='lat' dir='ltr'><strong>non</strong></span> <span class='ocrx_word' id='word_1_76' title='bbox 792 773 886 806; x_wconf 83' lang='lat' dir='ltr'><strong>rex,</strong></span> <span class='ocrx_word' id='word_1_77' title='bbox 925 773 1007 799; x_wconf 88' lang='lat' dir='ltr'><strong>non</strong></span> <span class='ocrx_word' id='word_1_78' title='bbox 1039 771 1138 811; x_wconf 84' lang='lat' dir='ltr'><strong>gens</strong></span> <span class='ocrx_word' id='word_1_79' title='bbox 1169 757 1277 805; x_wconf 87' lang='lat' dir='ltr'><strong>ulla,</strong></span> <span class='ocrx_word' id='word_1_80' title='bbox 1316 771 1398 798; x_wconf 90' lang='lat' dir='ltr'><strong>non</strong></span> <span class='ocrx_word' id='word_1_81' title='bbox 1429 760 1542 798; x_wconf 87' lang='lat' dir='ltr'><strong>natio</strong></span> <span class='ocrx_word' id='word_1_82' title='bbox 1574 759 1905 812; x_wconf 87' lang='lat' dir='ltr'><strong>pertimescenda</strong></span> <span class='ocrx_word' id='word_1_83' title='bbox 1935 764 2017 798; x_wconf 81' lang='lat' dir='ltr'><strong>est:</strong></span> 
     </span>
     <span class='ocr_line' id='line_1_10' title="bbox 270 819 2018 874; baseline 0.001 -15"><span class='ocrx_word' id='word_1_84' title='bbox 270 820 474 860; x_wconf 87' lang='lat' dir='ltr'><strong>inclusum</strong></span> <span class='ocrx_word' id='word_1_85' title='bbox 514 821 689 868; x_wconf 89' lang='lat' dir='ltr'><strong>malum,</strong></span> <span class='ocrx_word' id='word_1_86' title='bbox 728 821 971 860; x_wconf 84' lang='lat' dir='ltr'><strong>intestinum</strong></span> <span class='ocrx_word' id='word_1_87' title='bbox 1011 834 1057 860; x_wconf 89' lang='lat' dir='ltr'><strong>ac</strong></span> <span class='ocrx_word' id='word_1_88' title='bbox 1093 819 1365 860; x_wconf 89' lang='lat' dir='ltr'><strong>domesticum</strong></span> <span class='ocrx_word' id='word_1_89' title='bbox 1396 826 1468 860; x_wconf 88' lang='lat' dir='ltr'><strong>est.</strong></span> <span class='ocrx_word' id='word_1_90' title='bbox 1527 822 1631 860; x_wconf 88' lang='lat' dir='ltr'><strong>Huic</strong></span> <span class='ocrx_word' id='word_1_91' title='bbox 1661 834 1734 873; x_wconf 89' lang='lat' dir='ltr'><strong>pro</strong></span> <span class='ocrx_word' id='word_1_92' title='bbox 1767 834 1809 860; x_wconf 89' lang='lat' dir='ltr'><strong>se</strong></span> <span class='ocrx_word' id='word_1_93' title='bbox 1841 822 2018 874; x_wconf 83' lang='lat' dir='ltr'><strong>quisque</strong></span> 
     </span>
     <span class='ocr_line' id='line_1_11' title="bbox 222 880 2017 936; baseline 0 -15"><span class='ocrx_word' id='word_1_94' title='bbox 222 887 456 922; x_wconf 72' lang='lat' dir='ltr'><strong>mnostrum</strong></span> <span class='ocrx_word' id='word_1_95' title='bbox 496 882 653 922; x_wconf 88' lang='lat' dir='ltr'><strong>mederi</strong></span> <span class='ocrx_word' id='word_1_96' title='bbox 694 888 820 936; x_wconf 84' lang='lat' dir='ltr'><strong>atque</strong></span> <span class='ocrx_word' id='word_1_97' title='bbox 858 883 938 922; x_wconf 90' lang='lat' dir='ltr'><strong>hoc</strong></span> <span class='ocrx_word' id='word_1_98' title='bbox 976 895 1120 922; x_wconf 90' lang='lat' dir='ltr'><strong>omnes</strong></span> <span class='ocrx_word' id='word_1_99' title='bbox 1160 894 1305 921; x_wconf 86' lang='lat' dir='ltr'><strong>sanare</strong></span> <span class='ocrx_word' id='word_1_100' title='bbox 1344 882 1449 922; x_wconf 87' lang='lat' dir='ltr'><strong>velle</strong></span> <span class='ocrx_word' id='word_1_101' title='bbox 1483 882 1695 922; x_wconf 89' lang='lat' dir='ltr'><strong>debemus.</strong></span> <span class='ocrx_word' id='word_1_102' title='bbox 1754 880 1820 922; x_wconf 64' lang='lat'><strong>⁶27.</strong></span> <span class='ocrx_word' id='word_1_103' title='bbox 1850 883 2017 929; x_wconf 87' lang='lat' dir='ltr'><strong>Erratis,</strong></span> 
     </span>
     <span class='ocr_line' id='line_1_12' title="bbox 270 943 2015 998; baseline -0.001 -15"><span class='ocrx_word' id='word_1_104' title='bbox 270 945 304 983; x_wconf 87' lang='lat' dir='ltr'><strong>si</strong></span> <span class='ocrx_word' id='word_1_105' title='bbox 345 950 533 985; x_wconf 87' lang='lat' dir='ltr'><strong>senatum</strong></span> <span class='ocrx_word' id='word_1_106' title='bbox 572 945 747 997; x_wconf 87' lang='lat' dir='ltr'><strong>probare</strong></span> <span class='ocrx_word' id='word_1_107' title='bbox 784 958 853 992; x_wconf 89' lang='lat' dir='ltr'><strong>ea,</strong></span> <span class='ocrx_word' id='word_1_108' title='bbox 893 957 999 998; x_wconf 87' lang='lat' dir='ltr'><strong>quae</strong></span> <span class='ocrx_word' id='word_1_109' title='bbox 1029 957 1053 983; x_wconf 91' lang='lat' dir='ltr'><strong>a</strong></span> <span class='ocrx_word' id='word_1_110' title='bbox 1083 957 1148 983; x_wconf 88' lang='lat' dir='ltr'><strong>me</strong></span> <span class='ocrx_word' id='word_1_111' title='bbox 1179 943 1397 991; x_wconf 88' lang='lat' dir='ltr'><strong>dicuntur,</strong></span> <span class='ocrx_word' id='word_1_112' title='bbox 1435 945 1609 997; x_wconf 88' lang='lat' dir='ltr'><strong>putatis,</strong></span> <span class='ocrx_word' id='word_1_113' title='bbox 1648 944 1849 997; x_wconf 90' lang='lat' dir='ltr'><strong>populum</strong></span> <span class='ocrx_word' id='word_1_114' title='bbox 1879 948 2015 983; x_wconf 87' lang='lat' dir='ltr'><strong>autem</strong></span> 
     </span>
     <span class='ocr_line' id='line_1_13' title="bbox 270 1005 2018 1059; baseline -0.001 -14"><span class='ocrx_word' id='word_1_115' title='bbox 270 1020 360 1046; x_wconf 90' lang='lat' dir='ltr'><strong>esse</strong></span> <span class='ocrx_word' id='word_1_116' title='bbox 391 1007 433 1046; x_wconf 90' lang='lat' dir='ltr'><strong>in</strong></span> <span class='ocrx_word' id='word_1_117' title='bbox 464 1006 545 1046; x_wconf 88' lang='lat' dir='ltr'><strong>alia</strong></span> <span class='ocrx_word' id='word_1_118' title='bbox 575 1006 802 1046; x_wconf 85' lang='lat' dir='ltr'><strong>voluntate.</strong></span> <span class='ocrx_word' id='word_1_119' title='bbox 853 1006 1030 1053; x_wconf 86' lang='lat' dir='ltr'><strong>Omnes,</strong></span> <span class='ocrx_word' id='word_1_120' title='bbox 1062 1006 1133 1059; x_wconf 91' lang='lat' dir='ltr'><strong>qui</strong></span> <span class='ocrx_word' id='word_1_121' title='bbox 1164 1018 1207 1045; x_wconf 90' lang='lat' dir='ltr'><strong>se</strong></span> <span class='ocrx_word' id='word_1_122' title='bbox 1238 1005 1467 1046; x_wconf 83' lang='lat' dir='ltr'><strong>incolumes</strong></span> <span class='ocrx_word' id='word_1_123' title='bbox 1498 1007 1659 1053; x_wconf 87' lang='lat' dir='ltr'><strong>volent,</strong></span> <span class='ocrx_word' id='word_1_124' title='bbox 1690 1011 1918 1059; x_wconf 89' lang='lat' dir='ltr'><strong>sequentur</strong></span> <span class='ocrx_word' id='word_1_125' title='bbox 1946 1018 2018 1044; x_wconf 92' lang='lat' dir='ltr'><strong>au-</strong></span> 
     </span>
     <span class='ocr_line' id='line_1_14' title="bbox 270 1067 2017 1121; baseline -0.001 -14"><span class='ocrx_word' id='word_1_126' title='bbox 270 1069 497 1108; x_wconf 87' lang='lat' dir='ltr'><strong>ctoritatem</strong></span> <span class='ocrx_word' id='word_1_127' title='bbox 530 1067 736 1114; x_wconf 88' lang='lat' dir='ltr'><strong>consulis,</strong></span> <span class='ocrx_word' id='word_1_128' title='bbox 768 1068 893 1108; x_wconf 93' lang='lat' dir='ltr'><strong>soluti</strong></span> <span class='ocrx_word' id='word_1_129' title='bbox 925 1081 947 1107; x_wconf 87' lang='lat' dir='ltr'><strong>a</strong></span> <span class='ocrx_word' id='word_1_130' title='bbox 978 1068 1296 1121; x_wconf 81' lang='lat' dir='ltr'><strong>cupiditatibus,</strong></span> <span class='ocrx_word' id='word_1_131' title='bbox 1328 1067 1445 1107; x_wconf 90' lang='lat' dir='ltr'><strong>liberi</strong></span> <span class='ocrx_word' id='word_1_132' title='bbox 1473 1081 1497 1108; x_wconf 88' lang='lat' dir='ltr'><strong>a</strong></span> <span class='ocrx_word' id='word_1_133' title='bbox 1518 1068 1700 1115; x_wconf 86' lang='lat' dir='ltr'><strong>delictis,</strong></span> <span class='ocrx_word' id='word_1_134' title='bbox 1732 1068 1841 1107; x_wconf 88' lang='lat' dir='ltr'><strong>cauti</strong></span> <span class='ocrx_word' id='word_1_135' title='bbox 1872 1068 1914 1106; x_wconf 84' lang='lat' dir='ltr'><strong>in</strong></span> <span class='ocrx_word' id='word_1_136' title='bbox 1945 1080 2017 1119; x_wconf 93' lang='lat' dir='ltr'><strong>pe-</strong></span> 
     </span>
     <span class='ocr_line' id='line_1_15' title="bbox 268 1128 2017 1185; baseline -0.001 -17"><span class='ocrx_word' id='word_1_137' title='bbox 268 1130 430 1177; x_wconf 90' lang='lat' dir='ltr'><strong>riculis,</strong></span> <span class='ocrx_word' id='word_1_138' title='bbox 462 1142 546 1169; x_wconf 93' lang='lat' dir='ltr'><strong>non</strong></span> <span class='ocrx_word' id='word_1_139' title='bbox 577 1129 713 1169; x_wconf 89' lang='lat' dir='ltr'><strong>timidi</strong></span> <span class='ocrx_word' id='word_1_140' title='bbox 744 1130 786 1169; x_wconf 91' lang='lat' dir='ltr'><strong>in</strong></span> <span class='ocrx_word' id='word_1_141' title='bbox 818 1130 1164 1171; x_wconf 89' lang='lat' dir='ltr'><strong>contentionibus.</strong></span> <span class='ocrx_word' id='word_1_142' title='bbox 1217 1130 1338 1178; x_wconf 87' lang='lat' dir='ltr'><strong>Quod</strong></span> <span class='ocrx_word' id='word_1_143' title='bbox 1369 1131 1402 1170; x_wconf 90' lang='lat' dir='ltr'><strong>si</strong></span> <span class='ocrx_word' id='word_1_144' title='bbox 1434 1131 1505 1185; x_wconf 91' lang='lat' dir='ltr'><strong>qui</strong></span> <span class='ocrx_word' id='word_1_145' title='bbox 1536 1135 1719 1170; x_wconf 85' lang='lat' dir='ltr'><strong>vestrum</strong></span> <span class='ocrx_word' id='word_1_146' title='bbox 1750 1142 1823 1182; x_wconf 91' lang='lat' dir='ltr'><strong>spe</strong></span> <span class='ocrx_word' id='word_1_147' title='bbox 1854 1128 2017 1167; x_wconf 88' lang='lat' dir='ltr'><strong>ducitur</strong></span> 
     </span>
     <span class='ocr_line' id='line_1_16' title="bbox 223 1189 2014 1246; baseline -0.003 -12"><span class='ocrx_word' id='word_1_148' title='bbox 223 1206 312 1234; x_wconf 66' lang='lat' dir='ltr'><strong>mse</strong></span> <span class='ocrx_word' id='word_1_149' title='bbox 342 1205 465 1245; x_wconf 88' lang='lat' dir='ltr'><strong>posse</strong></span> <span class='ocrx_word' id='word_1_150' title='bbox 496 1192 735 1231; x_wconf 82' lang='lat' dir='ltr'><strong>turbulenta</strong></span> <span class='ocrx_word' id='word_1_151' title='bbox 765 1192 927 1232; x_wconf 86' lang='lat' dir='ltr'><strong>ratione</strong></span> <span class='ocrx_word' id='word_1_152' title='bbox 958 1192 1104 1232; x_wconf 92' lang='lat' dir='ltr'><strong>honori</strong></span> <span class='ocrx_word' id='word_1_153' title='bbox 1134 1191 1331 1232; x_wconf 80' lang='lat' dir='ltr'><strong>velificari</strong></span> <span class='ocrx_word' id='word_1_154' title='bbox 1361 1206 1458 1240; x_wconf 87' lang='lat' dir='ltr'><strong>suo,</strong></span> <span class='ocrx_word' id='word_1_155' title='bbox 1489 1194 1666 1246; x_wconf 88' lang='lat' dir='ltr'><strong>primum</strong></span> <span class='ocrx_word' id='word_1_156' title='bbox 1687 1205 1751 1231; x_wconf 90' lang='lat' dir='ltr'><strong>me</strong></span> <span class='ocrx_word' id='word_1_157' title='bbox 1773 1190 1944 1231; x_wconf 90' lang='lat' dir='ltr'><strong>consule</strong></span> <span class='ocrx_word' id='word_1_158' title='bbox 1975 1189 2014 1228; x_wconf 90' lang='lat' dir='ltr'><strong>id</strong></span> 
     </span>
     <span class='ocr_line' id='line_1_17' title="bbox 269 1252 2016 1307; baseline -0.002 -14"><span class='ocrx_word' id='word_1_159' title='bbox 269 1267 433 1307; x_wconf 86' lang='lat' dir='ltr'><strong>sperare</strong></span> <span class='ocrx_word' id='word_1_160' title='bbox 465 1254 658 1301; x_wconf 84' lang='lat' dir='ltr'><strong>desistat,</strong></span> <span class='ocrx_word' id='word_1_161' title='bbox 691 1255 842 1294; x_wconf 87' lang='lat' dir='ltr'><strong>deinde</strong></span> <span class='ocrx_word' id='word_1_162' title='bbox 872 1254 1021 1295; x_wconf 85' lang='lat' dir='ltr'><strong>haheat</strong></span> <span class='ocrx_word' id='word_1_163' title='bbox 1042 1268 1106 1294; x_wconf 89' lang='lat' dir='ltr'><strong>me</strong></span> <span class='ocrx_word' id='word_1_164' title='bbox 1126 1255 1264 1307; x_wconf 91' lang='lat' dir='ltr'><strong>ipsum</strong></span> <span class='ocrx_word' id='word_1_165' title='bbox 1287 1254 1362 1293; x_wconf 91' lang='lat' dir='ltr'><strong>sibi</strong></span> <span class='ocrx_word' id='word_1_166' title='bbox 1385 1254 1654 1301; x_wconf 84' lang='lat' dir='ltr'><strong>documento,</strong></span> <span class='ocrx_word' id='word_1_167' title='bbox 1688 1267 1811 1307; x_wconf 88' lang='lat' dir='ltr'><strong>quem</strong></span> <span class='ocrx_word' id='word_1_168' title='bbox 1835 1252 2016 1306; x_wconf 86' lang='lat' dir='ltr'><strong>equestri</strong></span> 
     </span>
     <span class='ocr_line' id='line_1_18' title="bbox 268 1314 2018 1369; baseline -0.001 -14"><span class='ocrx_word' id='word_1_169' title='bbox 268 1321 403 1356; x_wconf 89' lang='lat' dir='ltr'><strong>ortum</strong></span> <span class='ocrx_word' id='word_1_170' title='bbox 434 1316 526 1356; x_wconf 93' lang='lat' dir='ltr'><strong>loco</strong></span> <span class='ocrx_word' id='word_1_171' title='bbox 557 1316 769 1355; x_wconf 91' lang='lat' dir='ltr'><strong>consulem</strong></span> <span class='ocrx_word' id='word_1_172' title='bbox 800 1316 935 1364; x_wconf 88' lang='lat' dir='ltr'><strong>videt,</strong></span> <span class='ocrx_word' id='word_1_173' title='bbox 967 1330 1072 1369; x_wconf 85' lang='lat' dir='ltr'><strong>quae</strong></span> <span class='ocrx_word' id='word_1_174' title='bbox 1103 1316 1213 1356; x_wconf 89' lang='lat' dir='ltr'><strong>vitae</strong></span> <span class='ocrx_word' id='word_1_175' title='bbox 1243 1316 1310 1355; x_wconf 87' lang='lat' dir='ltr'><strong>via</strong></span> <span class='ocrx_word' id='word_1_176' title='bbox 1338 1315 1535 1356; x_wconf 79' lang='lat' dir='ltr'><strong>facillime</strong></span> <span class='ocrx_word' id='word_1_177' title='bbox 1562 1316 1670 1355; x_wconf 89' lang='lat' dir='ltr'><strong>viros</strong></span> <span class='ocrx_word' id='word_1_178' title='bbox 1700 1317 1831 1355; x_wconf 91' lang='lat' dir='ltr'><strong>bonos</strong></span> <span class='ocrx_word' id='word_1_179' title='bbox 1862 1315 1911 1354; x_wconf 89' lang='lat' dir='ltr'><strong>ad</strong></span> <span class='ocrx_word' id='word_1_180' title='bbox 1942 1314 2018 1354; x_wconf 91' lang='lat' dir='ltr'><strong>ho-</strong></span> 
     </span>
     <span class='ocr_line' id='line_1_19' title="bbox 266 1377 2017 1431; baseline -0.001 -14"><span class='ocrx_word' id='word_1_181' title='bbox 266 1391 411 1418; x_wconf 91' lang='lat' dir='ltr'><strong>norem</strong></span> <span class='ocrx_word' id='word_1_182' title='bbox 443 1378 769 1431; x_wconf 85' lang='lat' dir='ltr'><strong>dignitatemque</strong></span> <span class='ocrx_word' id='word_1_183' title='bbox 800 1378 1013 1431; x_wconf 87' lang='lat' dir='ltr'><strong>perducat.</strong></span> <span class='ocrx_word' id='word_1_184' title='bbox 1060 1378 1182 1426; x_wconf 87' lang='lat' dir='ltr'><strong>Quod</strong></span> <span class='ocrx_word' id='word_1_185' title='bbox 1214 1378 1248 1417; x_wconf 92' lang='lat' dir='ltr'><strong>si</strong></span> <span class='ocrx_word' id='word_1_186' title='bbox 1280 1391 1352 1417; x_wconf 89' lang='lat' dir='ltr'><strong>vos</strong></span> <span class='ocrx_word' id='word_1_187' title='bbox 1386 1384 1567 1417; x_wconf 67' lang='lat' dir='ltr'><strong>vestrum</strong></span> <span class='ocrx_word' id='word_1_188' title='bbox 1588 1378 1688 1417; x_wconf 91' lang='lat' dir='ltr'><strong>mihi</strong></span> <span class='ocrx_word' id='word_1_189' title='bbox 1711 1377 1914 1423; x_wconf 91' lang='lat' dir='ltr'><strong>studium,</strong></span> <span class='ocrx_word' id='word_1_190' title='bbox 1945 1389 2017 1428; x_wconf 86' lang='lat' dir='ltr'><strong>pa-</strong></span> 
     </span>
     <span class='ocr_line' id='line_1_20' title="bbox 267 1439 2017 1494; baseline -0.001 -15"><span class='ocrx_word' id='word_1_191' title='bbox 267 1446 349 1481; x_wconf 89' lang='lat' dir='ltr'><strong>tres</strong></span> <span class='ocrx_word' id='word_1_192' title='bbox 380 1439 622 1493; x_wconf 85' lang='lat' dir='ltr'><strong>conscripti,</strong></span> <span class='ocrx_word' id='word_1_193' title='bbox 653 1440 704 1479; x_wconf 92' lang='lat' dir='ltr'><strong>ad</strong></span> <span class='ocrx_word' id='word_1_194' title='bbox 736 1454 997 1480; x_wconf 86' lang='lat' dir='ltr'><strong>communem</strong></span> <span class='ocrx_word' id='word_1_195' title='bbox 1019 1441 1261 1494; x_wconf 84' lang='lat' dir='ltr'><strong>dignitatem</strong></span> <span class='ocrx_word' id='word_1_196' title='bbox 1290 1439 1592 1479; x_wconf 82' lang='lat' dir='ltr'><strong>defendendam</strong></span> <span class='ocrx_word' id='word_1_197' title='bbox 1622 1439 1893 1493; x_wconf 82' lang='lat' dir='ltr'><strong>profitemini,</strong></span> <span class='ocrx_word' id='word_1_198' title='bbox 1923 1452 2017 1491; x_wconf 86' lang='lat' dir='ltr'><strong>per-</strong></span> 
     </span>
     <span class='ocr_line' id='line_1_21' title="bbox 217 1501 2015 1556; baseline -0.003 -11"><span class='ocrx_word' id='word_1_199' title='bbox 217 1516 253 1545; x_wconf 72' lang='lat'><strong>20</strong></span> <span class='ocrx_word' id='word_1_200' title='bbox 267 1501 401 1542; x_wconf 84' lang='lat' dir='ltr'><strong>ficiam</strong></span> <span class='ocrx_word' id='word_1_201' title='bbox 432 1502 620 1556; x_wconf 83' lang='lat' dir='ltr'><strong>profecto</strong></span> <span class='ocrx_word' id='word_1_202' title='bbox 653 1502 715 1549; x_wconf 89' lang='lat' dir='ltr'><strong>id,</strong></span> <span class='ocrx_word' id='word_1_203' title='bbox 749 1502 861 1555; x_wconf 89' lang='lat' dir='ltr'><strong>quod</strong></span> <span class='ocrx_word' id='word_1_204' title='bbox 891 1503 1069 1542; x_wconf 86' lang='lat' dir='ltr'><strong>maxime</strong></span> <span class='ocrx_word' id='word_1_205' title='bbox 1100 1516 1165 1542; x_wconf 91' lang='lat' dir='ltr'><strong>res</strong></span> <span class='ocrx_word' id='word_1_206' title='bbox 1195 1501 1360 1555; x_wconf 87' lang='lat' dir='ltr'><strong>publica</strong></span> <span class='ocrx_word' id='word_1_207' title='bbox 1388 1502 1614 1549; x_wconf 88' lang='lat' dir='ltr'><strong>desiderat,</strong></span> <span class='ocrx_word' id='word_1_208' title='bbox 1647 1507 1693 1542; x_wconf 88' lang='lat' dir='ltr'><strong>ut</strong></span> <span class='ocrx_word' id='word_1_209' title='bbox 1712 1502 1834 1541; x_wconf 89' lang='lat' dir='ltr'><strong>huius</strong></span> <span class='ocrx_word' id='word_1_210' title='bbox 1857 1501 2015 1541; x_wconf 86' lang='lat' dir='ltr'><strong>ordinis</strong></span> 
     </span>
     <span class='ocr_line' id='line_1_22' title="bbox 266 1562 2014 1617; baseline -0.003 -13"><span class='ocrx_word' id='word_1_211' title='bbox 266 1565 508 1612; x_wconf 88' lang='lat' dir='ltr'><strong>auctoritas,</strong></span> <span class='ocrx_word' id='word_1_212' title='bbox 540 1577 647 1617; x_wconf 89' lang='lat' dir='ltr'><strong>quae</strong></span> <span class='ocrx_word' id='word_1_213' title='bbox 677 1565 788 1617; x_wconf 93' lang='lat' dir='ltr'><strong>apud</strong></span> <span class='ocrx_word' id='word_1_214' title='bbox 819 1565 998 1604; x_wconf 90' lang='lat' dir='ltr'><strong>maiores</strong></span> <span class='ocrx_word' id='word_1_215' title='bbox 1028 1569 1195 1604; x_wconf 89' lang='lat' dir='ltr'><strong>nostros</strong></span> <span class='ocrx_word' id='word_1_216' title='bbox 1223 1562 1323 1610; x_wconf 79' lang='lat' dir='ltr'><strong>fuit,</strong></span> <span class='ocrx_word' id='word_1_217' title='bbox 1355 1563 1500 1603; x_wconf 85' lang='lat' dir='ltr'><strong>eadem</strong></span> <span class='ocrx_word' id='word_1_218' title='bbox 1521 1577 1629 1603; x_wconf 87' lang='lat' dir='ltr'><strong>nunc</strong></span> <span class='ocrx_word' id='word_1_219' title='bbox 1650 1563 1775 1617; x_wconf 82' lang='lat' dir='ltr'><strong>longo</strong></span> <span class='ocrx_word' id='word_1_220' title='bbox 1798 1562 2014 1604; x_wconf 88' lang='lat' dir='ltr'><strong>intervallo</strong></span> 
     </span>
     <span class='ocr_line' id='line_1_23' title="bbox 266 1626 1117 1680; baseline -0.001 -14"><span class='ocrx_word' id='word_1_221' title='bbox 266 1628 323 1666; x_wconf 87' lang='lat' dir='ltr'><strong>rei</strong></span> <span class='ocrx_word' id='word_1_222' title='bbox 354 1626 547 1680; x_wconf 89' lang='lat' dir='ltr'><strong>publicae</strong></span> <span class='ocrx_word' id='word_1_223' title='bbox 578 1627 766 1667; x_wconf 86' lang='lat' dir='ltr'><strong>restituta</strong></span> <span class='ocrx_word' id='word_1_224' title='bbox 796 1640 885 1667; x_wconf 87' lang='lat' dir='ltr'><strong>esse</strong></span> <span class='ocrx_word' id='word_1_225' title='bbox 916 1627 1117 1667; x_wconf 86' lang='lat' dir='ltr'><strong>videatur.</strong></span> 
     </span>
    </p>
   </div>
   <div class='ocr_carea' id='block_1_3' title="bbox 262 1803 2015 1992">
    <p class='ocr_par' dir='ltr' id='par_1_3' title="bbox 262 1803 2015 1992">
     <span class='ocr_line' id='line_1_24' title="bbox 352 1803 2014 1846; baseline -0.002 -9"><span class='ocrx_word' id='word_1_226' title='bbox 352 1806 381 1837; x_wconf 73' lang='lat'><strong>4.</strong></span> <span class='ocrx_word' id='word_1_227' title='bbox 404 1808 518 1845; x_wconf 79' lang='lat' dir='ltr'><strong>patres</strong></span> <span class='ocrx_word' id='word_1_228' title='bbox 539 1806 712 1846; x_wconf 77' lang='lat' dir='ltr'><strong>conscripti</strong></span> <span class='ocrx_word' id='word_1_229' title='bbox 736 1805 908 1844; x_wconf 88' lang='lat' dir='ltr'><strong>(omnibus</strong></span> <span class='ocrx_word' id='word_1_230' title='bbox 932 1804 1065 1845; x_wconf 78' lang='lat' dir='ltr'><strong>litteris)</strong></span> <span class='ocrx_word' id='word_1_231' title='bbox 1091 1806 1135 1836; x_wconf 89' lang='lat' dir='ltr'><strong>G:</strong></span> <span class='ocrx_word' id='word_1_232' title='bbox 1173 1813 1216 1844; x_wconf 73' lang='grc' dir='ltr'><strong>,μ</strong></span> <span class='ocrx_word' id='word_1_233' title='bbox 1243 1805 1279 1835; x_wconf 68' lang='lat' dir='ltr'><strong>lt.</strong></span> <span class='ocrx_word' id='word_1_234' title='bbox 1307 1805 1330 1835; x_wconf 83' lang='grc' dir='ltr'>Ε</span> <span class='ocrx_word' id='word_1_235' title='bbox 1349 1805 1389 1841; x_wconf 77' lang='lat' dir='ltr'><strong>F3</strong></span> <span class='ocrx_word' id='word_1_236' title='bbox 1415 1805 1448 1835; x_wconf 89' lang='lat' dir='ltr'><strong>P.</strong></span> <span class='ocrx_word' id='word_1_237' title='bbox 1472 1804 1505 1835; x_wconf 87' lang='lat' dir='ltr'><strong>C.</strong></span> <span class='ocrx_word' id='word_1_238' title='bbox 1532 1803 1575 1835; x_wconf 81' lang='lat' dir='ltr'><strong>de</strong></span> <span class='ocrx_word' id='word_1_239' title='bbox 1601 1803 1792 1835; x_wconf 77' lang='lat' dir='ltr'><strong>Laui-edam</strong></span> <span class='ocrx_word' id='word_1_240' title='bbox 1817 1804 2014 1835; x_wconf 80' lang='lat' dir='ltr'><strong>coniectura</strong></span> 
     </span>
     <span class='ocr_line' id='line_1_25' title="bbox 267 1853 2015 1894; baseline -0.001 -9"><span class='ocrx_word' id='word_1_241' title='bbox 267 1854 309 1891; x_wconf 65' lang='lat' dir='ltr'><strong>L3</strong></span> <span class='ocrx_word' id='word_1_242' title='bbox 333 1855 453 1894; x_wconf 80' lang='lat' dir='ltr'><strong>populo</strong></span> <span class='ocrx_word' id='word_1_243' title='bbox 476 1856 532 1885; x_wconf 84' lang='lat' dir='ltr'><strong>Ro.</strong></span> <span class='ocrx_word' id='word_1_244' title='bbox 558 1855 586 1886; x_wconf 79' lang='lat' dir='ltr'><strong>A</strong></span> <span class='ocrx_word' id='word_1_245' title='bbox 601 1854 633 1887; x_wconf 69' lang='lat'><strong>⁵3.</strong></span> <span class='ocrx_word' id='word_1_246' title='bbox 653 1872 687 1876; x_wconf 94' lang='lat'><strong>—</strong></span> <span class='ocrx_word' id='word_1_247' title='bbox 714 1856 746 1886; x_wconf 78' lang='lat'><strong>2.</strong></span> <span class='ocrx_word' id='word_1_248' title='bbox 772 1859 996 1894; x_wconf 70' lang='lat' dir='ltr'><strong>contempnere</strong></span> <span class='ocrx_word' id='word_1_249' title='bbox 1019 1856 1052 1886; x_wconf 68' lang='lat'><strong>1³.</strong></span> <span class='ocrx_word' id='word_1_250' title='bbox 1075 1873 1108 1877; x_wconf 90' lang='lat'><strong>-—</strong></span> <span class='ocrx_word' id='word_1_251' title='bbox 1137 1855 1167 1885; x_wconf 81' lang='lat'><strong>7.</strong></span> <span class='ocrx_word' id='word_1_252' title='bbox 1193 1854 1351 1889; x_wconf 80' lang='lat' dir='ltr'><strong>vulnera,</strong></span> <span class='ocrx_word' id='word_1_253' title='bbox 1377 1853 1492 1894; x_wconf 80' lang='lat' dir='ltr'><strong>multa]</strong></span> <span class='ocrx_word' id='word_1_254' title='bbox 1516 1854 1621 1884; x_wconf 80' lang='lat' dir='ltr'><strong>mulla</strong></span> <span class='ocrx_word' id='word_1_255' title='bbox 1642 1854 1780 1884; x_wconf 77' lang='lat' dir='ltr'><strong>vulnera</strong></span> <span class='ocrx_word' id='word_1_256' title='bbox 1804 1854 1917 1890; x_wconf 72' lang='lat' dir='ltr'><strong>El-‘P3</strong></span> <span class='ocrx_word' id='word_1_257' title='bbox 1942 1854 2015 1884; x_wconf 81' lang='lat' dir='ltr'><strong>vul-</strong></span> 
     </span>
     <span class='ocr_line' id='line_1_26' title="bbox 263 1902 2014 1945; baseline -0.001 -11"><span class='ocrx_word' id='word_1_258' title='bbox 263 1912 345 1934; x_wconf 74' lang='lat' dir='ltr'><strong>nera</strong></span> <span class='ocrx_word' id='word_1_259' title='bbox 369 1905 448 1943; x_wconf 91' lang='lat' dir='ltr'><strong>(om.</strong></span> <span class='ocrx_word' id='word_1_260' title='bbox 466 1905 580 1945; x_wconf 77' lang='lat' dir='ltr'><strong>multa)</strong></span> <span class='ocrx_word' id='word_1_261' title='bbox 606 1907 644 1937; x_wconf 81' lang='lat' dir='ltr'><strong>A.</strong></span> <span class='ocrx_word' id='word_1_262' title='bbox 677 1905 909 1936; x_wconf 83' lang='lat' dir='ltr'><strong>Emendatum</strong></span> <span class='ocrx_word' id='word_1_263' title='bbox 933 1907 985 1936; x_wconf 74' lang='lat' dir='ltr'><strong>est</strong></span> <span class='ocrx_word' id='word_1_264' title='bbox 1011 1906 1078 1936; x_wconf 87' lang='lat' dir='ltr'><strong>iam</strong></span> <span class='ocrx_word' id='word_1_265' title='bbox 1103 1906 1136 1936; x_wconf 90' lang='lat' dir='ltr'><strong>in</strong></span> <span class='ocrx_word' id='word_1_266' title='bbox 1162 1905 1217 1936; x_wconf 70' lang='lat' dir='ltr'><strong>etl.</strong></span> <span class='ocrx_word' id='word_1_267' title='bbox 1236 1904 1368 1936; x_wconf 71' lang='lat' dir='ltr'><strong>Aldina.</strong></span> <span class='ocrx_word' id='word_1_268' title='bbox 1399 1922 1431 1926; x_wconf 98' lang='lat'><strong>—</strong></span> <span class='ocrx_word' id='word_1_269' title='bbox 1467 1908 1651 1935; x_wconf 44' lang='lat' dir='ltr'><strong>eac-{remum</strong></span> <span class='ocrx_word' id='word_1_270' title='bbox 1674 1904 1697 1934; x_wconf 87' lang='lat' dir='ltr'>E</span> <span class='ocrx_word' id='word_1_271' title='bbox 1713 1904 1782 1935; x_wconf 84' lang='lat' dir='ltr'><strong>FP.</strong></span> <span class='ocrx_word' id='word_1_272' title='bbox 1811 1920 1844 1925; x_wconf 85' lang='lat'><em>—</em></span> <span class='ocrx_word' id='word_1_273' title='bbox 1873 1904 1902 1934; x_wconf 80' lang='lat'><strong>9.</strong></span> <span class='ocrx_word' id='word_1_274' title='bbox 1929 1902 2014 1942; x_wconf 83' lang='lat' dir='ltr'><strong>huic]</strong></span> 
     </span>
     <span class='ocr_line' id='line_1_27' title="bbox 262 1953 2015 1992; baseline -0.001 -8"><span class='ocrx_word' id='word_1_275' title='bbox 262 1954 313 1984; x_wconf 74' lang='lat' dir='ltr'><strong>hic</strong></span> <span class='ocrx_word' id='word_1_276' title='bbox 338 1955 361 1986; x_wconf 81' lang='lat' dir='ltr'>E</span> <span class='ocrx_word' id='word_1_277' title='bbox 376 1956 408 1987; x_wconf 73' lang='grc' dir='ltr'><strong>κ’.</strong></span> <span class='ocrx_word' id='word_1_278' title='bbox 437 1973 472 1978; x_wconf 73' lang='lat'><strong>—-</strong></span> <span class='ocrx_word' id='word_1_279' title='bbox 499 1956 550 1986; x_wconf 78' lang='grc' dir='ltr'><strong>Μ.</strong></span> <span class='ocrx_word' id='word_1_280' title='bbox 576 1964 598 1986; x_wconf 85' lang='lat' dir='ltr'><strong>a</strong></span> <span class='ocrx_word' id='word_1_281' title='bbox 619 1964 670 1986; x_wconf 83' lang='lat' dir='ltr'><strong>mc</strong></span> <span class='ocrx_word' id='word_1_282' title='bbox 693 1956 846 1987; x_wconf 74' lang='lat' dir='ltr'><strong>dicuntur</strong></span> <span class='ocrx_word' id='word_1_283' title='bbox 869 1956 913 1986; x_wconf 81' lang='lat' dir='ltr'><strong>E:</strong></span> <span class='ocrx_word' id='word_1_284' title='bbox 940 1956 1093 1986; x_wconf 72' lang='lat' dir='ltr'><strong>dicuntur</strong></span> <span class='ocrx_word' id='word_1_285' title='bbox 1116 1958 1190 1986; x_wconf 81' lang='lat' dir='ltr'><strong>ante</strong></span> <span class='ocrx_word' id='word_1_286' title='bbox 1215 1955 1254 1992; x_wconf 87' lang='lat' dir='ltr'><strong>F;</strong></span> <span class='ocrx_word' id='word_1_287' title='bbox 1287 1954 1440 1985; x_wconf 74' lang='lat' dir='ltr'><strong>dicmzlm·</strong></span> <span class='ocrx_word' id='word_1_288' title='bbox 1470 1963 1491 1985; x_wconf 82' lang='lat' dir='ltr'><strong>a</strong></span> <span class='ocrx_word' id='word_1_289' title='bbox 1513 1963 1564 1986; x_wconf 81' lang='lat' dir='ltr'><strong>me</strong></span> <span class='ocrx_word' id='word_1_290' title='bbox 1587 1956 1611 1985; x_wconf 88' lang='lat' dir='ltr'><strong>A</strong></span> <span class='ocrx_word' id='word_1_291' title='bbox 1628 1953 1735 1987; x_wconf 64' lang='lat' dir='ltr'><strong>Lsso.</strong></span> <span class='ocrx_word' id='word_1_292' title='bbox 1766 1972 1799 1976; x_wconf 91' lang='lat'><em>-</em></span> <span class='ocrx_word' id='word_1_293' title='bbox 1827 1954 1878 1985; x_wconf 74' lang='lat'><strong>42.</strong></span> <span class='ocrx_word' id='word_1_294' title='bbox 1904 1953 2015 1984; x_wconf 72' lang='lat' dir='ltr'><strong>volum</strong></span> 
     </span>
    </p>
   </div>
   <div class='ocr_carea' id='block_1_4' title="bbox 265 2003 1490 2047">
    <p class='ocr_par' dir='ltr' id='par_1_4' title="bbox 265 2003 1490 2047">
     <span class='ocr_line' id='line_1_28' title="bbox 265 2003 1490 2047; baseline 0.002 -12"><span class='ocrx_word' id='word_1_295' title='bbox 265 2003 334 2037; x_wconf 62' lang='lat' dir='ltr'><strong>Fss.</strong></span> <span class='ocrx_word' id='word_1_296' title='bbox 363 2022 397 2027; x_wconf 91' lang='lat'><strong>—-</strong></span> <span class='ocrx_word' id='word_1_297' title='bbox 425 2004 476 2037; x_wconf 74' lang='lat'><strong>44.</strong></span> <span class='ocrx_word' id='word_1_298' title='bbox 504 2004 559 2045; x_wconf 81' lang='lat' dir='ltr'><strong>qui</strong></span> <span class='ocrx_word' id='word_1_299' title='bbox 582 2005 699 2037; x_wconf 82' lang='lat' dir='ltr'><strong>EFP:</strong></span> <span class='ocrx_word' id='word_1_300' title='bbox 726 2006 797 2045; x_wconf 82' lang='lat' dir='ltr'><strong>quis</strong></span> <span class='ocrx_word' id='word_1_301' title='bbox 818 2003 968 2037; x_wconf 63' lang='lat' dir='ltr'><strong>ALQO.</strong></span> <span class='ocrx_word' id='word_1_302' title='bbox 997 2023 1031 2027; x_wconf 83' lang='lat'>—</span> <span class='ocrx_word' id='word_1_303' title='bbox 1059 2006 1111 2037; x_wconf 70' lang='lat'><strong>24.</strong></span> <span class='ocrx_word' id='word_1_304' title='bbox 1137 2005 1309 2038; x_wconf 76' lang='lat' dir='ltr'><strong>intervallo</strong></span> <span class='ocrx_word' id='word_1_305' title='bbox 1332 2006 1427 2047; x_wconf 67' lang='lat' dir='ltr'><strong>lonqo</strong></span> <span class='ocrx_word' id='word_1_306' title='bbox 1450 2006 1490 2037; x_wconf 82' lang='lat' dir='ltr'><strong>E.</strong></span> 
     </span>
    </p>
   </div>
   <div class='ocr_carea' id='block_1_5' title="bbox 1081 2094 1274 2100">
    <p class='ocr_par' dir='ltr' id='par_1_5' title="bbox 1081 2094 1274 2100">
     <span class='ocr_line' id='line_1_29' title="bbox 1081 2094 1274 2100; baseline 0 0"><span class='ocrx_word' id='word_1_307' title='bbox 1081 2094 1274 2100; x_wconf 95' lang='lat' dir='ltr'><strong> </strong></span> 
     </span>
    </p>
   </div>
   <div class='ocr_carea' id='block_1_6' title="bbox 264 2153 2014 2293">
    <p class='ocr_par' dir='ltr' id='par_1_6' title="bbox 264 2153 2014 2293">
     <span class='ocr_line' id='line_1_30' title="bbox 351 2153 2011 2195; baseline 0.001 -12"><span class='ocrx_word' id='word_1_308' title='bbox 351 2153 493 2192; x_wconf 65' lang='lat' dir='ltr'><strong>Eaeplicit</strong></span> <span class='ocrx_word' id='word_1_309' title='bbox 524 2153 604 2185; x_wconf 82' lang='lat' dir='ltr'><strong>liber</strong></span> <span class='ocrx_word' id='word_1_310' title='bbox 635 2155 693 2185; x_wconf 84' lang='lat' dir='ltr'><strong>.M.</strong></span> <span class='ocrx_word' id='word_1_311' title='bbox 722 2154 753 2186; x_wconf 89' lang='lat' dir='ltr'><strong>T.</strong></span> <span class='ocrx_word' id='word_1_312' title='bbox 779 2154 813 2185; x_wconf 75' lang='lat' dir='ltr'><strong>C.</strong></span> <span class='ocrx_word' id='word_1_313' title='bbox 839 2155 876 2185; x_wconf 84' lang='lat' dir='ltr'><strong>dc</strong></span> <span class='ocrx_word' id='word_1_314' title='bbox 906 2154 974 2195; x_wconf 70' lang='lat' dir='ltr'><strong>leqe</strong></span> <span class='ocrx_word' id='word_1_315' title='bbox 996 2155 1138 2195; x_wconf 70' lang='lat' dir='ltr'><strong>ayraria</strong></span> <span class='ocrx_word' id='word_1_316' title='bbox 1162 2156 1193 2186; x_wconf 77' lang='grc' dir='ltr'><strong>ιἰι</strong></span> <span class='ocrx_word' id='word_1_317' title='bbox 1218 2155 1346 2186; x_wconf 79' lang='lat' dir='ltr'><strong>Rullum</strong></span> <span class='ocrx_word' id='word_1_318' title='bbox 1365 2155 1504 2194; x_wconf 76' lang='lat' dir='ltr'><strong>primus.</strong></span> <span class='ocrx_word' id='word_1_319' title='bbox 1555 2154 1668 2194; x_wconf 70' lang='lat' dir='ltr'><strong>Incipit</strong></span> <span class='ocrx_word' id='word_1_320' title='bbox 1691 2153 1770 2185; x_wconf 74' lang='lat' dir='ltr'><strong>liber</strong></span> <span class='ocrx_word' id='word_1_321' title='bbox 1791 2154 1947 2184; x_wconf 76' lang='lat' dir='ltr'><strong>secundus</strong></span> <span class='ocrx_word' id='word_1_322' title='bbox 1971 2153 2011 2189; x_wconf 78' lang='lat' dir='ltr'><strong>E;</strong></span> 
     </span>
     <span class='ocr_line' id='line_1_31' title="bbox 265 2202 2014 2244; baseline -0.001 -10"><span class='ocrx_word' id='word_1_323' title='bbox 265 2203 409 2242; x_wconf 59' lang='lat' dir='ltr'><strong>Explicit</strong></span> <span class='ocrx_word' id='word_1_324' title='bbox 436 2204 564 2243; x_wconf 78' lang='lat' dir='ltr'><strong>primus</strong></span> <span class='ocrx_word' id='word_1_325' title='bbox 592 2203 672 2234; x_wconf 73' lang='lat' dir='ltr'><strong>libet·</strong></span> <span class='ocrx_word' id='word_1_326' title='bbox 703 2204 741 2234; x_wconf 82' lang='lat' dir='ltr'><strong>de</strong></span> <span class='ocrx_word' id='word_1_327' title='bbox 764 2204 830 2244; x_wconf 63' lang='lat' dir='ltr'><strong>lege</strong></span> <span class='ocrx_word' id='word_1_328' title='bbox 852 2204 995 2244; x_wconf 63' lang='grc' dir='ltr'><em>αρνανία</em></span> <span class='ocrx_word' id='word_1_329' title='bbox 1017 2205 1063 2235; x_wconf 88' lang='grc' dir='ltr'><strong>Μ.</strong></span> <span class='ocrx_word' id='word_1_330' title='bbox 1093 2205 1122 2235; x_wconf 91' lang='grc' dir='ltr'><strong>Τ,</strong></span> <span class='ocrx_word' id='word_1_331' title='bbox 1151 2206 1185 2236; x_wconf 89' lang='lat' dir='ltr'><strong>C.</strong></span> <span class='ocrx_word' id='word_1_332' title='bbox 1235 2205 1347 2244; x_wconf 70' lang='lat' dir='ltr'><strong>Incipit</strong></span> <span class='ocrx_word' id='word_1_333' title='bbox 1370 2205 1527 2235; x_wconf 71' lang='lat' dir='ltr'><strong>secundus</strong></span> <span class='ocrx_word' id='word_1_334' title='bbox 1550 2205 1687 2234; x_wconf 78' lang='lat' dir='ltr'><strong>eiusdem</strong></span> <span class='ocrx_word' id='word_1_335' title='bbox 1714 2204 1753 2235; x_wconf 76' lang='lat' dir='ltr'><strong>F:</strong></span> <span class='ocrx_word' id='word_1_336' title='bbox 1791 2203 1897 2234; x_wconf 73' lang='lat' dir='ltr'><strong>Marci</strong></span> <span class='ocrx_word' id='word_1_337' title='bbox 1924 2202 2014 2233; x_wconf 70' lang='lat' dir='ltr'><strong>Tullii</strong></span> 
     </span>
     <span class='ocr_line' id='line_1_32' title="bbox 264 2252 1840 2293; baseline 0.001 -11"><span class='ocrx_word' id='word_1_338' title='bbox 264 2252 426 2284; x_wconf 75' lang='lat' dir='ltr'><strong>Ciceronis</strong></span> <span class='ocrx_word' id='word_1_339' title='bbox 448 2254 486 2285; x_wconf 79' lang='lat' dir='ltr'><strong>de</strong></span> <span class='ocrx_word' id='word_1_340' title='bbox 509 2254 650 2293; x_wconf 68' lang='lat' dir='ltr'><strong>‹cyr-aria</strong></span> <span class='ocrx_word' id='word_1_341' title='bbox 675 2253 742 2293; x_wconf 56' lang='lat' dir='ltr'><strong>leffe</strong></span> <span class='ocrx_word' id='word_1_342' title='bbox 760 2254 888 2293; x_wconf 79' lang='lat' dir='ltr'><strong>primus</strong></span> <span class='ocrx_word' id='word_1_343' title='bbox 911 2253 991 2284; x_wconf 76' lang='lat' dir='ltr'><strong>liber</strong></span> <span class='ocrx_word' id='word_1_344' title='bbox 1014 2254 1146 2293; x_wconf 49' lang='lat' dir='ltr'><strong>cai-plici!</strong></span> <span class='ocrx_word' id='word_1_345' title='bbox 1168 2258 1282 2285; x_wconf 77' lang='lat' dir='ltr'><strong>eontra</strong></span> <span class='ocrx_word' id='word_1_346' title='bbox 1307 2254 1446 2285; x_wconf 74' lang='lat' dir='ltr'><strong>Rullum.</strong></span> <span class='ocrx_word' id='word_1_347' title='bbox 1489 2254 1602 2293; x_wconf 67' lang='lat' dir='ltr'><strong>Incipit</strong></span> <span class='ocrx_word' id='word_1_348' title='bbox 1626 2253 1781 2284; x_wconf 74' lang='lat' dir='ltr'><strong>secundus</strong></span> <span class='ocrx_word' id='word_1_349' title='bbox 1806 2254 1840 2284; x_wconf 88' lang='grc' dir='ltr'><strong>Ρ.</strong></span> 
     </span>
    </p>
   </div>
  </div>
 </body>
</html>
