2127 3708
257 198 311 239 ⁶26
783 199 981 242 ORATIO
1011 199 1114 242 PRO
1144 201 1188 242 P.
1219 201 1472 251 QUINCTIO

258 313 371 353 tione
419 326 471 352 ex
510 316 572 352 tot
607 312 879 352 creditoribus
919 325 1041 352 nemo
1079 326 1219 366 neque
1257 318 1344 353 tum
1381 314 1492 354 idem
1530 312 1675 353 feeerit
1717 326 1853 366 neque
1882 327 1993 354 nunc

258 380 403 414 eontra
432 375 561 423 dicat,
593 389 821 429 omnesque
852 388 928 428 pro
959 376 1001 415 P.
1024 375 1221 423 Quinctio
1245 381 1450 428 pugnent,
1480 375 1724 428 praesertim
1746 389 1839 415 cum
1858 376 1902 414 in
1921 376 1993 415 tali

256 436 411 476 iudicio
452 437 691 477 testimonia
731 437 983 476 creditorum
1027 438 1319 478 existimentur
1356 438 1407 477 ad
1448 452 1533 477 rem
1565 438 1743 478 maxime
1771 437 1993 490 pertinere.

256 499 405 538 Postea
442 513 531 539 sum
571 514 670 540 usus
701 499 926 539 adversarii
961 500 1224 546 testimonio,
1267 499 1339 552 qui
1370 499 1447 538 sibi
1480 513 1573 539 eum
1605 513 1738 552 nuper
1768 498 1898 538 edidit
1928 511 1994 538 so-

225 561 388 608 scium,
421 574 565 615 quem,
599 575 682 616 quo
714 561 837 600 modo
869 575 978 600 nunc
1009 561 1205 606 intendit,
1246 574 1297 599 ne
1330 561 1372 599 in
1403 561 1591 600 vivorum
1623 561 1791 613 quidem
1820 572 1992 599 numero

256 627 342 662 tum
373 623 627 663 demonstrat
656 623 797 674 fuisse.
857 624 960 662 Tum
1000 623 1112 662 illam
1148 623 1435 662 incredibilem
1467 624 1720 663 celeritatem
1752 635 1824 661 seu
1854 621 1994 674 potius

256 686 469 726 audaciam
501 685 678 739 protuli:
711 682 949 724 confirmavi
981 699 1151 724 necesse
1183 698 1294 732 esse,
1326 690 1396 724 aut
1416 685 1542 725 biduo
1565 699 1639 725 nce
1662 685 1775 725 milia
1796 696 1994 736 passuum

256 762 346 788 esse
378 749 572 796 decursa,
616 754 687 787 aut
717 749 811 787 Sex.
844 748 1041 786 Naevium
1073 748 1219 786 diebus
1250 747 1533 800 compluribus
1563 755 1656 787 ante
1689 749 1731 787 in
1762 746 1995 800 possessio-

255 824 349 850 nem
390 811 565 857 misisse,
608 824 731 863 quam
772 809 1022 863 postularet,
1063 810 1123 848 uti
1156 810 1191 848 ei
1224 809 1369 848 liceret
1398 810 1508 848 bona
1537 811 1766 862 possidere.
1824 806 1889 848 89.
1919 808 1995 847 1³0-

206 881 242 912 40
255 878 343 912 stea
373 873 540 912 recitavi
573 873 775 919 edictum,
807 872 919 925 quod
950 878 1090 924 aperte
1124 872 1338 911 dominum
1368 872 1417 911 de
1448 873 1619 924 praedio
1642 871 1804 911 detrudi
1826 875 1994 917 vetaret,

254 936 296 975 in
328 948 410 988 quo
443 935 645 981 constitit,
678 935 878 974 Naevium
909 948 961 973 ex
992 935 1127 974 edicto
1151 948 1233 973 non
1255 934 1512 986 possedisse,
1544 948 1635 973 cum
1658 932 1923 973 confiteretur
1945 947 1997 973 ex

253 997 424 1052 praedio
455 997 495 1037 vi
527 997 740 1037 detrusum
771 1011 860 1037 esse
892 998 1146 1045 Quinctium.
1203 997 1381 1035 Omnino
1414 1004 1551 1037 autem
1572 998 1682 1036 bona
1701 1009 1893 1049 possessa
1913 1009 1997 1036 non

255 1072 345 1099 esse
376 1059 593 1107 constitui,
637 1059 749 1113 quod
779 1060 984 1099 bonorum
1017 1061 1228 1113 possessio
1261 1065 1471 1112 spectetur
1501 1074 1584 1099 non
1616 1060 1658 1098 in
1688 1059 1829 1112 aliqua
1858 1064 1995 1111 parte,

254 1122 327 1161 sed
357 1121 400 1161 in
430 1121 658 1168 universis,
691 1134 796 1175 quae
829 1122 958 1161 teneri
990 1128 1030 1161 et
1060 1123 1265 1175 possideri
1298 1122 1472 1176 possint.
1518 1122 1613 1161 Dixi
1644 1123 1813 1161 domum
1842 1123 1997 1163 Romae

204 1194 240 1225 45
253 1183 402 1230 fuisse,
435 1196 517 1237 quo
549 1183 625 1222 iste
655 1195 706 1222 ne
739 1183 960 1236 adspirarit
990 1184 1183 1237 quidem3
1215 1198 1357 1223 servos
1386 1184 1642 1237 complures,
1674 1197 1726 1223 ex
1749 1185 1900 1238 quibus
1920 1185 1997 1225 iste

253 1246 487 1300 possederit
521 1246 752 1292 neminem,
790 1259 842 1285 ne
874 1246 1056 1298 attigerit
1085 1248 1276 1300 quidem:
1306 1261 1434 1286 unum
1466 1246 1615 1294 fuisse,
1647 1260 1771 1300 quem
1795 1247 1998 1299 attingere

253 1313 427 1348 conatus
458 1308 534 1356 sit;
565 1307 821 1362 prohibitum
851 1307 1000 1356 fuisse,
1043 1310 1267 1362 quievisse.
1326 1309 1392 1348 90.
1424 1311 1471 1349 ln
1502 1310 1592 1362 ipsa
1622 1309 1755 1349 Gallia
1785 1311 1997 1362 cognostis

252 1372 295 1412 in
326 1371 497 1424 praedia
526 1371 689 1424 privata
720 1370 903 1419 Quinctii
937 1372 1031 1410 Sex.
1062 1373 1262 1412 Naevium
1293 1387 1377 1412 non
1404 1373 1593 1420 veniss03
1626 1373 1806 1425 denique
1838 1386 1889 1412 ex
1918 1373 1998 1412 hoc

252 1433 344 1487 ipso
376 1433 501 1481 saltu,
534 1446 658 1487 quem
688 1447 762 1486 per
791 1434 874 1473 vim
906 1434 1081 1487 expulso
1115 1435 1228 1474 socio
1254 1435 1462 1488 possedit,
1495 1448 1636 1474 servos
1660 1435 1844 1487 privatos
1867 1435 1999 1483 Quin-

203 1507 239 1536 20
253 1496 322 1536 etii
354 1508 439 1535 non
470 1509 614 1535 omnes
647 1496 801 1536 eiectos
834 1510 948 1536 esse:
987 1510 1038 1536 ex
1069 1510 1152 1550 quo
1186 1503 1225 1537 et
1256 1512 1306 1536 ex
1337 1498 1484 1537 ceteris
1516 1498 1659 1545 dictis,
1692 1497 1810 1536 factis
1841 1498 1999 1550 cogita-

253 1559 388 1613 tisque
420 1560 514 1598 Sex.
546 1560 691 1599 Naevii
723 1559 859 1612 quivis
890 1564 1029 1611 potest
1058 1559 1309 1611 intelligere,
1341 1561 1463 1599 istum
1495 1560 1598 1599 nihil
1631 1559 1744 1598 aliud
1773 1559 1906 1611 egisse
1927 1573 1999 1599 ne-

252 1636 333 1675 que
365 1636 473 1661 nunc
505 1635 626 1675 agere
658 1622 739 1661 nisi
770 1621 830 1660 uti
861 1635 935 1674 per
963 1622 1068 1668 vim,
1100 1636 1174 1674 per
1204 1623 1418 1669 iniuriam,
1452 1635 1524 1675 per
1553 1622 1816 1675 iniquitatem
1854 1621 1999 1662 iudicii

252 1689 385 1725 totum
416 1698 579 1738 agrum,
611 1685 683 1738 qui
715 1684 945 1724 communis
978 1689 1061 1731 est,
1095 1698 1214 1723 suum
1245 1684 1379 1724 facere
1410 1686 1553 1738 possit.

362 1787 496 1826 XXX.
538 1783 603 1825 9l.
642 1787 759 1825 Nunc
790 1798 914 1825 causa
944 1791 1138 1837 perorata
1167 1798 1231 1824 res
1262 1785 1353 1837 ipsa
1383 1791 1422 1824 et
1453 1785 1628 1837 periculi
1660 1786 1923 1838 magnitudo,
1956 1786 1997 1826 C.

201 1849 416 1903 25Aquili,
448 1861 595 1901 cogere
627 1849 812 1895 videtur,
858 1853 904 1887 ut
936 1854 974 1887 te
1005 1854 1129 1900 atque
1163 1861 1256 1895 eos,
1291 1848 1361 1900 qui
1394 1847 1467 1886 tibi
1499 1848 1541 1886 in
1573 1848 1748 1887 consilio
1781 1854 1895 1896 sunt,
1928 1849 1999 1888 ob-

251 1916 384 1951 secret
423 1911 735 1965 obtesteturque
774 1912 815 1950 P.
850 1911 1072 1959 Quinctius
1111 1924 1184 1963 per
1216 1916 1471 1949 senectutem
1503 1924 1548 1949 ac
1580 1911 1851 1950 solitudinem
1882 1926 1999 1952 suam

250 1975 354 2014 nihil
397 1974 509 2014 aliud
551 1974 631 2013 nisi
678 1980 723 2013 ut
751 1979 912 2013 vestrae
944 1979 1115 2012 naturae
1144 1973 1406 2026 bonitatique
1439 1973 1748 2026 obsequamini,
1793 1979 1861 2020 ut,
1905 1988 1999 2013 cum

249 2037 401 2076 veritas
433 2050 525 2075 cum
556 2037 636 2076 hoc
667 2036 812 2083 faciat,
843 2036 937 2089 plus
968 2036 1092 2075 huius
1124 2035 1267 2087 inopia
1296 2035 1429 2087 possit
1450 2035 1499 2074 ad
1525 2036 1851 2075 misericordiam
1874 2049 1998 2089 quam

249 2099 361 2139 illius
393 2112 493 2152 opes
524 2100 575 2139 ad
607 2099 908 2139 crudelitatem.
959 2096 1024 2137 92.
1058 2099 1150 2146 Quo
1184 2098 1250 2137 die
1273 2099 1322 2137 ad
1347 2103 1383 2137 te
1407 2098 1586 2136 iudicem
1608 2098 1819 2145 venimus,
1850 2099 1998 2138 eodem

199 2174 235 2203 3ο
250 2162 317 2201 die
347 2162 514 2201 illorum
546 2162 701 2207 minas,
734 2174 836 2213 quas
859 2166 953 2200 ante
975 2161 1267 2207 horrebamus,
1302 2160 1509 2212 negligere
1532 2160 1758 2212 coepimus.
1811 2160 1851 2199 Si
1875 2173 1999 2200 causa

250 2238 342 2264 cum
374 2238 498 2264 causa
529 2224 824 2269 contenderet,
856 2236 931 2262 nos
961 2228 1145 2263 nostram
1177 2223 1372 2275 perfacile
1405 2222 1534 2261 cuivis
1565 2222 1811 2274 probaturos
1843 2228 1998 2262 statue-

248 2288 421 2328 hamus:
467 2287 581 2340 quod
620 2287 730 2326 vitae
770 2286 874 2325 ratio
915 2300 1008 2326 cum
1051 2286 1211 2325 ratione
1242 2285 1351 2324 vitae
1383 2285 1647 2331 decerneret,
1692 2284 1845 2324 idcirco
1877 2286 1997 2326 nobis

251 2350 375 2390 etiam
405 2350 536 2402 magis
566 2354 606 2389 te
638 2349 776 2388 iudice
807 2362 913 2401 opus
945 2362 1034 2388 esse
1065 2348 1253 2388 arbitrati
1285 2361 1439 2386 sumus.
1498 2347 1556 2388 Ea
1587 2361 1653 2387 res
1684 2361 1794 2387 nunc
1825 2348 1996 2388 enimin

250 2412 490 2452 discrimine
519 2416 729 2458 versatur,
759 2415 899 2450 utrum
930 2411 1118 2464 possitne
1149 2423 1192 2449 se
1224 2415 1368 2449 contra
1396 2410 1603 2449 luxuriem
1630 2423 1676 2450 ac
1698 2410 1908 2450 licentiam
1929 2424 1998 2450 ru-

200 2485 236 2515 35
250 2474 409 2514 sticana
440 2473 513 2514 illa
542 2478 666 2528 atque
696 2473 855 2514 inculta
884 2473 1140 2527 parsimonia
1170 2472 1414 2520 defendere,
1445 2486 1497 2512 an
1522 2472 1751 2513 deformata
1776 2478 1900 2527 atque
1931 2486 1997 2513 or·-

336 2668 366 2700 3.
392 2667 524 2706 iudicio]
549 2666 674 2706 neqotio
698 2666 729 2696 k.
759 2684 794 2688 —-
820 2667 850 2697 5.
876 2666 1026 2697 virorum
1048 2665 1081 2697 k.
1110 2683 1145 2687 —-
1171 2666 1201 2696 7.
1228 2665 1295 2706 aut]
1319 2668 1354 2696 ut
1376 2665 1407 2696 k.
1438 2682 1472 2687 -
1499 2664 1529 2695 9.
1556 2665 1603 2696 uti
1625 2666 1693 2696 eius
1713 2666 1738 2696 B
1757 2667 1781 2697 G
1798 2675 1816 2696 a
1833 2665 1856 2697 b
1874 2674 1893 2698 c
1909 2666 1931 2697 d
1947 2665 1994 2706 fg

249 2716 351 2750 hiln
376 2719 410 2748 et
432 2718 481 2753 A,
510 2719 545 2747 ut
569 2717 596 2747 ei
614 2717 647 2747 L.
671 2733 705 2738 —-
733 2716 782 2747 Ι10.
810 2715 1186 2748 edictuni--Naevium
1204 2724 1272 2747 om.
1295 2716 1326 2746 k.
1349 2733 1384 2737 —
1411 2714 1472 2745 «al.
1497 2718 1603 2745 vetat»
1627 2723 1695 2755 mg.
1722 2713 1754 2748 ἓ.
1777 2733 1811 2737 »-
1838 2716 1889 2746 Μ.
1915 2725 1994 2747 con-

248 2768 329 2798 sistit
353 2776 383 2798 e.
412 2784 447 2787 ——
475 2766 526 2797 42.
555 2766 741 2805 Quinctium
763 2774 806 2796 ea:
825 2766 963 2804 praedio
985 2767 1018 2796 ci
1041 2767 1206 2796 detrusum
1229 2775 1292 2797 esse
1309 2767 1343 2797 L.
1366 2783 1399 2787 —
1426 2766 1562 2795 Omnino
1585 2774 1665 2796 cuin
1690 2765 1882 2796 Hotomano
1907 2766 1991 2797 LO:

252 2818 370 2849 Omnia
403 2825 484 2848 cum
515 2815 694 2847 codicibus
728 2817 753 2846 Α
769 2814 802 2848 Ω.
842 2833 877 2838 -—
914 2815 964 2847 tt.
1002 2818 1031 2846 ct
1066 2816 1088 2846 Β
1104 2818 1128 2845 G
1147 2816 1168 2846 t)
1187 2826 1204 2846 c
1222 2816 1267 2855 fg
1284 2815 1305 2846 h
1322 2816 1330 2846 i
1347 2814 1355 2846 l
1373 2824 1407 2846 m
1426 2824 1445 2845 n
1463 2824 1468 2844 :
1506 2823 1545 2845 ac
1569 2824 1586 2844 a
1605 2814 1625 2844 d
1644 2823 1661 2845 e
1680 2814 1698 2845 k
1724 2816 1757 2845 ct
1780 2816 1806 2845 A
1820 2815 1843 2846 L
1858 2814 1877 2848 9
1893 2815 1929 2846 Ο.
1958 2833 1992 2838 -

244 2869 381 2907 possunt
397 2867 427 2897 k.
457 2883 491 2888 —
518 2867 648 2898 domum
671 2868 790 2897 Romae
811 2867 835 2897 B
850 2868 875 2897 G
892 2875 908 2896 a
928 2865 949 2896 b
969 2875 987 2897 e
1004 2866 1023 2896 d
1043 2866 1088 2906 fg
1105 2867 1125 2897 li
1144 2868 1151 2897 i
1170 2868 1188 2897 k
1206 2866 1215 2898 l
1233 2875 1267 2898 m
1284 2875 1304 2897 n
1322 2875 1327 2896 :
1365 2866 1484 2896 Romae
1507 2866 1637 2895 (tomum
1661 2874 1679 2896 e
1704 2866 1737 2895 et
1760 2866 1786 2896 A
1801 2865 1823 2895 L
1837 2863 1856 2898 ἓ
1872 2865 1908 2895 Ο.
1943 2864 1992 2896 Cf.

252 2918 281 2955 g.
300 2917 352 2947 85.
380 2916 490 2955 Frgm.
518 2917 668 2947 tertium.
692 2934 724 2937 μ
753 2915 1005 2955 45.a‹1spiravit
1029 2925 1058 2947 e.
1089 2932 1122 2938 —
1150 2917 1202 2947 116.
1224 2916 1400 2955 possideret
1424 2924 1454 2945 e.
1476 2932 1510 2936 —
1538 2915 1587 2945 ⁴7.
1612 2914 1708 2954 fuisse
1731 2917 1759 2945 et
1783 2914 1938 2952 quievisse
1960 2914 1991 2945 k.

254 2984 289 2988 —
317 2966 367 2997 48.
392 2966 451 2997 hoc
474 2974 542 2997 om.
569 2966 601 2999 (ἐ.
631 2983 665 2986 —
704 2966 754 2996 ΞΟ.
780 2975 845 2997 ηοη
868 2975 937 2997 om.
963 2967 1066 2997 ΒΗΚ
1091 2968 1122 2997 et
1148 2967 1186 2997 A.
1223 2965 1335 2997 Habet
1363 2965 1430 2995 iam
1461 2963 1592 2995 Aldina.
1634 2982 1668 2985 —
1706 2972 1770 2994 esse
1801 2972 1869 2994 om.
1895 2964 1927 2994 k.
1955 2980 1991 2985 —

251 3017 303 3047 ⁶25.
328 3016 412 3055 sunl]
437 3018 547 3046 assunt
571 3016 595 3046 L
618 3015 731 3046 invitis
756 3014 945 3046 codicibus.
980 3015 1030 3046 Cf.
1057 3016 1086 3055 ξ.
1107 3015 1137 3047 li.
1169 3033 1205 3038 --
1232 3016 1283 3046 ⁶26.
1311 3016 1347 3054 Q.
1374 3016 1417 3045 ad
1439 3017 1628 3045 senectutem
1651 3022 1689 3044 ac
1711 3013 1913 3044 solitudinem
1935 3012 1958 3043 b
1976 3021 1995 3044 o

254 3074 274 3105 g
291 3066 312 3096 h
331 3065 357 3102 i,
391 3066 427 3103 Q.
460 3066 504 3095 ml
533 3068 723 3096 senectutem
746 3066 790 3095 ad
812 3065 1016 3095 solitudinem
1039 3073 1077 3103 n,
1105 3067 1141 3103 0.
1168 3074 1207 3096 ac.
1229 3067 1418 3096 senectutem
1441 3073 1480 3095 ae
1502 3064 1705 3094 solitudinem
1727 3062 1788 3100 df,
1823 3063 1859 3101 Q.
1882 3071 1943 3102 per
1963 3071 1995 3094 se

253 3125 293 3146 ac
315 3118 504 3146 senectutem
527 3119 556 3146 et
578 3115 781 3146 solitudinem
805 3125 822 3146 e
836 3116 903 3146 kin
921 3117 955 3146 et
971 3118 1008 3146 A.
1032 3132 1069 3137 —
1098 3115 1148 3145 28.
1167 3124 1240 3146 cum
1262 3116 1339 3155 post
1362 3123 1394 3144 v,
1419 3114 1540 3144 ceritas
1563 3122 1631 3144 om.
1659 3114 1683 3143 G
1701 3122 1717 3143 a
1736 3112 1757 3143 b
1775 3121 1794 3143 c
1810 3111 1831 3142 d
1849 3121 1867 3143 e
1886 3111 1931 3151 fg
1946 3111 1967 3142 h
1985 3112 1993 3142 i

254 3164 299 3196 kl
318 3174 350 3196 m
369 3174 401 3196 n.
423 3183 457 3187 —
479 3164 548 3205 hoc]
567 3165 644 3196 hacc
661 3166 685 3195 G
699 3174 717 3195 a
731 3165 752 3195 b
768 3165 874 3203 eff-(h
891 3164 919 3196 il
935 3174 1003 3196 mn
1021 3166 1055 3195 et
1071 3167 1108 3196 A.
1130 3183 1165 3187 —-
1185 3165 1236 3196 30.
1257 3168 1353 3195 antea
1370 3163 1401 3193 k.
1423 3181 1457 3185 m
1485 3164 1536 3194 31.
1562 3162 1673 3202 cuivis]
1698 3162 1823 3201 quotvis
1842 3163 1876 3192 P.
1897 3162 1995 3191 «For-

255 3217 348 3246 tasse
374 3217 445 3245 erat
469 3215 626 3254 quoivis.»
651 3216 747 3246 Peru.
776 3232 810 3236 —
841 3218 1054 3246 statueremus
1077 3214 1108 3244 k.
1138 3232 1172 3236 —-
1199 3213 1250 3245 33.
1276 3222 1361 3243 nunc
1382 3213 1466 3243 enini
1484 3214 1524 3243 P:
1551 3213 1635 3243 enim
1659 3221 1742 3242 nune
1766 3219 1846 3242 cum
1869 3211 1993 3242 ceteris

256 3264 433 3297 codicibus
450 3267 473 3297 Α
490 3264 546 3298 Le
561 3266 597 3296 O.
619 3282 653 3286 —
680 3265 731 3297 34.
759 3265 789 3295 in
807 3265 978 3296 discrimen
1001 3272 1037 3295 m
1060 3264 1093 3295 et
1116 3263 1148 3297 ξ’».
1169 3281 1203 3286 -
1230 3266 1381 3295 utrumne
1398 3263 1499 3302 possit
1522 3261 1599 3302 Lss,
1630 3262 1773 3301 possitne
1796 3261 1934 3301 (omisso
1957 3268 1990 3291 v.

254 3314 379 3357 utrum)
402 3316 433 3347 k.
463 3331 498 3338 —
525 3315 696 3348 tenariam
717 3314 739 3347 k
762 3316 796 3347 et
818 3316 842 3346 L
860 3313 891 3349 ἓ.
