2127 3708
563 233 762 276 ORATIO
792 232 894 274 PRO
924 233 978 274 M.
1009 231 1203 274 TULLIO
1243 229 1316 285 §§.
1349 229 1485 273 4—4.
1842 228 1895 269 89

147 354 420 404 posteaquam
450 361 534 388 non
563 346 688 386 modo
720 344 935 386 consessus
967 350 1029 385 est
1058 344 1121 384 vir
1149 343 1393 398 primarius,
1437 343 1482 382 L.
1515 343 1730 392 Quinctius
1760 374 1769 384 .
1801 373 1810 384 .
1843 372 1852 384 .

148 435 1841 453 00000000000000000000000000000000000000000

149 497 1844 515 ·········································

148 562 946 577 ....................
987 531 1250 578 laborabam,
1296 534 1362 578 ut,
1406 529 1521 583 quod
1563 530 1807 582 arguebam,
1853 529 1896 569 id

145 598 301 641 factum
330 610 421 637 esse
450 595 736 644 ostenderem3
768 609 879 635 nunc
909 595 951 634 in
983 607 1032 633 eo
1063 592 1348 633 consumenda
1378 596 1440 632 est
1471 591 1628 639 oratio,
1668 598 1715 632 ut
1744 606 1795 632 ne
1826 592 1897 633 ad-
1928 603 1946 633 5

147 660 340 708 versarii,
381 659 494 713 quod
535 656 702 698 infitiari
738 657 854 698 nullo
886 657 1010 696 modo
1041 660 1291 709 potuerunt,
1337 668 1430 695 cum
1462 655 1641 695 maxime
1674 657 1896 706 cuperent,

147 723 189 764 id
220 736 313 762 cum
344 720 523 761 confessi
555 725 670 767 sunt,
703 720 874 759 meliore
905 719 999 759 loco
1031 731 1121 758 esse
1153 718 1383 757 videantur.

256 782 295 824 2.
325 784 471 837 Itaque
501 787 588 822 tum
617 787 799 822 vestrum
831 779 1044 821 difficilius
1075 780 1299 826 iudicium,
1330 791 1423 818 mea
1441 777 1575 819 facilis
1598 777 1788 818 defensio
1808 776 1897 817 fore

147 847 375 889 videbatur.
432 846 520 898 Ego
553 845 663 885 enim
695 844 835 885 omnia
865 844 908 884 in
939 843 1103 884 testibus
1138 870 1896 882 ...................

1887 914 1946 944 ‚io

147 932 1845 951 οοοοοοοοοοοοοοοοοοοοοοοοοοοοοοοοοοοοοοοοο

147 994 1843 1014 ·········································

147 1061 950 1076 ....................
983 1031 1085 1085 quid
1125 1035 1187 1071 est
1227 1030 1414 1078 facilius,
1462 1042 1586 1083 quam
1625 1029 1675 1069 de
1707 1041 1779 1075 eo,
1825 1027 1898 1080 qui

147 1095 388 1145 confitetur,
421 1096 636 1136 iudicare?
683 1095 784 1136 Mihi
816 1100 953 1135 autem
985 1092 1153 1134 difficile
1185 1098 1248 1134 est
1278 1093 1376 1133 satis
1408 1093 1580 1146 copiose
1602 1092 1653 1132 de
1675 1104 1724 1131 eo
1747 1090 1898 1136 dicere,

147 1159 261 1214 quod
291 1173 367 1199 nec
398 1158 580 1199 atrocius
611 1158 747 1198 verbis
780 1156 1055 1197 demonstrari
1086 1161 1243 1209 potest,
1285 1168 1409 1209 quam
1439 1169 1483 1195 re
1514 1155 1607 1208 ipsa
1637 1157 1721 1201 est,
1761 1164 1898 1205 neque

145 1222 332 1276 apertius
364 1221 551 1261 oratione
582 1234 674 1262 mea
702 1218 816 1267 fieri,
849 1233 974 1274 quam
1004 1219 1191 1272 ipsorum
1224 1217 1488 1258 confessione
1517 1216 1672 1257 factum
1702 1221 1776 1256 est.
1913 1227 1948 1255 15

257 1283 295 1324 3.
331 1282 432 1324 Cum
464 1283 509 1323 in
537 1283 616 1324 hac
646 1297 712 1330 re,
745 1295 869 1336 quam
899 1281 1240 1328 commemoravi,
1272 1280 1374 1320 mihi
1404 1280 1602 1320 mutanda
1627 1279 1734 1319 ratio
1757 1276 1899 1319 defen-

146 1346 276 1388 sionis
298 1369 1896 1386 ........................................

147 1431 1893 1450 ···········································

145 1534 282 1575 minus
313 1534 534 1586 diligenter
562 1534 674 1574 illius
706 1533 1080 1580 existimationem,
1123 1544 1248 1585 quam
1278 1544 1364 1571 rem
1393 1531 1446 1571 M.
1478 1529 1604 1569 Tullii
1633 1529 1798 1570 viderer
1828 1528 1899 1568 de-
1911 1540 1946 1570 20

145 1596 329 1638 tendere.
378 1596 496 1635 Nunc
527 1596 726 1650 quoniam
759 1596 982 1645 Quinctius
1012 1595 1063 1634 ad
1096 1607 1263 1634 causam
1292 1594 1503 1648 pertinere
1530 1593 1714 1646 putavit,
1745 1605 1810 1632 res
1841 1592 1898 1633 ita

148 1657 319 1704 multas,
349 1656 474 1697 falsas
504 1659 750 1712 praesertim
781 1664 820 1698 et
849 1658 994 1712 inique
1017 1655 1235 1705 confictas,
1266 1657 1453 1710 proferre
1475 1657 1526 1695 de
1546 1656 1632 1696 vita
1651 1660 1691 1695 et
1711 1654 1897 1694 moribus

148 1725 189 1761 et
218 1719 526 1760 existimatione
555 1722 610 1761 M.
643 1721 791 1768 Tullii,
838 1720 978 1760 multis
1019 1720 1069 1759 de
1100 1720 1237 1760 causis
1268 1719 1370 1759 mihi
1400 1719 1552 1759 Fabius
1584 1718 1751 1758 debebit
1779 1717 1899 1770 igno-

149 1795 282 1829 scere,
315 1782 348 1821 si
377 1782 516 1822 minus
538 1783 627 1824 eius
648 1783 781 1823 famae
812 1796 982 1836 parcere
1003 1782 1200 1829 videbor,
1232 1795 1356 1835 quam
1380 1786 1502 1822 antea
1522 1780 1728 1822 consului.
1771 1777 1809 1820 4.
1830 1779 1897 1819 Pri

1886 1872 1895 1882 .
1910 1852 1947 1882 25

152 1934 1896 1948 oooooooooooooooooooooooooooooooooooooooooooooooooooooo

235 2059 265 2090 1.
293 2058 472 2099 Quinctius]
505 2060 584 2090 Post
608 2059 709 2090 huius
733 2061 830 2092 vocis
854 2061 1003 2101 primam
1027 2059 1197 2100 syllabam
1222 2061 1347 2092 desunt
1372 2070 1494 2093 versus
1519 2070 1578 2093 sex
1603 2062 1808 2093 octonarum
1833 2060 1898 2092 de-

146 2116 269 2139 narum
294 2107 365 2138 sere
389 2107 593 2139 litterarum.
632 2111 712 2141 Pars
737 2111 829 2141 enim
853 2112 955 2151 primi
978 2109 1300 2148 foliiTaurinensis,
1327 2111 1421 2151 quod
1446 2112 1610 2152 quattuor
1626 2110 1795 2143 columnis
1812 2120 1898 2142 con-

147 2160 230 2195 stat,
265 2156 375 2189 cultro
402 2157 543 2189 desecta
576 2160 644 2198 est,
681 2160 773 2191 unde
805 2161 893 2192 haee
918 2162 952 2192 et
974 2162 1045 2201 tres
1069 2161 1258 2199 sequentes
1282 2158 1427 2192 lacunae
1452 2162 1548 2192 ort-ae
1574 2162 1664 2191 sunt.
1703 2159 1894 2201 Quin[ctius‚

144 2216 258 2239 verum
280 2207 378 2238 eliam
400 2209 468 2239 eius
491 2212 581 2239 testes
600 2211 796 2250 profitentur
819 2210 1040 2250 apertissime,
1072 2209 1162 2239 video
1194 2209 1295 2239 aliani
1324 2210 1401 2240 milii
1432 2210 1623 2249 defensionis
1644 2210 1734 2240 viam
1757 2219 1821 2241 esse
1845 2210 1898 2241 in-

145 2258 296 2289 eundam.
332 2257 435 2289 Antea
458 2259 544 2290 enim
565 2259 600 2290 in
623 2269 658 2291 eo
682 2260 886 2301 Ia]borabam
910 2261 946 2298 P,
973 2258 1154 2299 Quin[ctius
1176 2258 1359 2298 (Quinctius
1375 2259 1399 2289 T
1417 2257 1447 2298 {-
1467 2258 1497 2289 3.
1517 2258 1569 2289 37.
1598 2259 1748 2298 Quintius
1762 2261 1788 2292 A
1814 2260 1844 2301 S.
1864 2260 1895 2292 G.

138 2309 169 2353 ¹T
194 2307 224 2348 g.
243 2307 294 2338 35.
320 2308 354 2338 et
377 2307 402 2337 Ο
420 2307 588 2348 ubique),
614 2310 668 2340 secl
692 2310 758 2349 ipse
772 2311 807 2342 Ρ.
826 2310 944 2342 Fabius
962 2318 1025 2340 non
1042 2308 1202 2339 dubitat-it
1217 2308 1291 2346 hoc,
1319 2309 1404 2348 quod
1420 2309 1590 2349 arquitur,
1617 2310 1778 2350 confiteri,
1804 2309 1898 2350 longye

145 2357 214 2389 alia
236 2357 364 2388 ratione
380 2357 424 2388 acl
446 2359 609 2398 aqenclam
631 2368 766 2391 causam
787 2361 898 2399 venio,
924 2363 1021 2399 atque
1045 2359 1136 2389 initio
1157 2367 1322 2389 veneram.
1365 2359 1443 2390 Tum
1466 2359 1550 2390 enini
1574 2360 1611 2391 de
1634 2369 1669 2391 eo
1693 2359 1898 2401 la]borabam

143 2407 223 2444 ΒΟ,
251 2406 449 2447 Quin[clius,
474 2409 529 2439 scd
552 2411 581 2439 et
606 2409 714 2440 iuvari
737 2410 798 2441 hac
821 2410 1016 2449 confessione
1039 2417 1175 2439 causam
1197 2417 1292 2439 suani
1313 2409 1462 2447 putavit,
1498 2408 1590 2440 video
1613 2409 1715 2439 aliam
1738 2409 1816 2439 mihi
1839 2409 1897 2439 de·

143 2456 296 2498 sensionis
316 2456 405 2487 viam
428 2465 493 2488 esse
515 2458 702 2491 ineundam.
739 2460 842 2491 Antea
864 2461 949 2491 enim
972 2459 1006 2489 in
1029 2467 1064 2490 eo
1087 2458 1293 2498 lower-ubam
1317 2459 1346 2489 H
1370 2458 1403 2489 in
1420 2457 1642 2490 adnotatione
1660 2457 1736 2490 coll.
1754 2468 1788 2500 p.
1809 2459 1898 2490 Cae—-

145 2506 221 2538 cina
245 2506 276 2544 2,
302 2504 332 2537 4.
360 2506 476 2538 «Cons.
502 2507 597 2539 Plinii
622 2509 682 2549 Ep.
704 2509 756 2541 [V.
776 2509 817 2540 9:
842 2511 919 2541 Rem
941 2508 1150 2549 manifestam
1172 2508 1311 2549 infitiari
1334 2509 1482 2549 auqentis
1505 2512 1577 2539 erat
1599 2509 1737 2546 crimen,
1762 2518 1827 2539 non
1851 2509 1898 2539 di-

143 2556 290 2587 lzoenlis.»
309 2556 407 2586 KELL.
427 2573 460 2579 -
492 2557 521 2588 7.
541 2566 701 2590 com'Essu
717 2560 755 2590 T:
774 2577 808 2581 —
835 2560 865 2591 8.
883 2567 1027 2590 nffFIclt
1048 2560 1052 2595 Ι
1074 2566 1317 2590 111·51111ὐισιι·1[
1332 2558 1367 2588 T.
1391 2575 1425 2580 -—-
1445 2557 1475 2588 9.
1494 2557 1745 2590 Desiderantur
1759 2560 1896 2599 septem

144 2613 278 2643 versus,
305 2613 323 2636 e
340 2614 488 2646 quorum
514 2608 625 2647 primo
643 2607 777 2648 syllaba
800 2617 859 2641 ηις
883 2611 1019 2640 servata
1037 2609 1100 2640 est.
1126 2608 1202 2639 Yid.
1222 2608 1265 2639 ad
1282 2617 1314 2639 v.
1335 2609 1366 2639 1.
1393 2607 1534 2648 resumas
1552 2608 1730 2646 ponebam,
1757 2617 1896 2647 quorum

143 2655 208 2694 ipse
237 2663 408 2686 consensus
436 2657 530 2695 quasi
560 2659 719 2698 conflatus
749 2659 915 2689 iudicandi
946 2667 1075 2690 moram
1096 2658 1185 2689 vobis
1207 2657 1382 2689 iniiciebat.
1417 2658 1457 2689 At
1479 2657 1633 2698 confessio
1656 2658 1839 2688 adversarii
1862 2658 1896 2689 in

142 2713 193 2735 me
214 2704 262 2735 rei
285 2703 507 2744 difficultatem
530 2707 708 2738 transtulit.
733 2708 860 2738 Etenim
884 2708 962 2747 quid
984 2709 1020 2745 P,
1046 2707 1188 2748 tes[tibus
1206 2707 1367 2747 ponebam
1391 2711 1506 2746 antea,
1535 2716 1621 2738 nunc
1643 2707 1677 2738 in
1700 2707 1896 2747 confessione

143 2753 352 2784 adversarii:
375 2754 468 2785 cuius
490 2755 524 2786 in
545 2756 578 2786 vi
602 2757 781 2795 audaciae,
808 2758 841 2787 in
866 2757 983 2789 iudicio
1006 2758 1226 2797 impudentiae
1249 2757 1399 2789 obsistere
1421 2767 1486 2788 non<
1510 2757 1612 2789 nostri
1634 2757 1772 2798 ingenii,
1797 2757 1895 2788 vestri

143 2803 262 2834 amitii
285 2805 339 2834 est.
375 2804 472 2845 Nam]
498 2806 576 2844 quid
597 2807 622 2837 B
637 2807 681 2844 Ο,
708 2806 848 2847 tespicus
871 2816 944 2838 cuni
962 2816 1134 2847 ponerem,
1159 2808 1258 2848 facile
1279 2811 1395 2839 contra
1418 2808 1611 2848 infitiantem
1627 2807 1773 2838 dicturus
1789 2815 1892 2845 eram,

140 2861 197 2883 vos
218 2853 253 2883 in
275 2852 347 2891 ipsa
368 2853 561 2894 infitiatione
584 2856 768 2887 adversarii
792 2857 919 2897 aliquid
940 2858 1085 2898 scrupuli
1108 2858 1272 2889 inventuri
1295 2858 1419 2888 eratis:
1446 2867 1533 2888 ⁴nunc
1555 2860 1672 2888 contra
1693 2855 1791 2897 vobis]
1817 2857 1895 2896 quid

142 2901 275 2941 Kayser
302 2901 336 2932 in
365 2902 504 2934 Heidetb.
529 2905 661 2937 Jahrbb.
696 2906 790 2938 1851.
826 2915 859 2947 p.
887 2907 961 2938 678.
990 2925 1024 2929 —
1057 2906 1108 2938 16.
1135 2908 1269 2939 Desunt
1296 2909 1434 2948 septem
1457 2915 1593 2939 versus.
1633 2905 1708 2937 Vid.
1735 2906 1778 2937 ad
1801 2915 1834 2937 v.
1862 2907 1891 2937 1.

141 2950 348 2990 defensioniS,
374 2950 454 2991 [tum
477 2962 557 2994 crya
577 2955 612 2985 P.
638 2955 776 2986 Fabium
795 2956 897 2995 paulo
920 2956 1147 2987 remittendum
1170 2959 1215 2987 est
1237 2956 1276 2987 de
1298 2956 1356 2987 illa
1373 2956 1521 2995 lenitate,
1547 2964 1614 2994 qua
1631 2956 1746 2995 priore
1768 2956 1895 2987 actione

141 3000 252 3031 omnia
274 3008 336 3030 sua
358 3003 451 3033 tanto
474 3003 578 3034 studio
600 3004 651 3035 vel
673 3005 956 3036 dissimulaveram
978 3005 1028 3036 vel
1051 3014 1303 3044 excusaveram,
1334 3009 1370 3036 ut
1397 3005 1473 3046 non]
1497 3006 1605 3036 minus
1627 3007 1668 3044 P,
1705 3005 1895 3045 defensionis

141 3049 215 3090 [est,
242 3053 309 3081 tum
332 3050 580 3084 obliviscendum
599 3062 782 3094 parumper
804 3055 837 3086 in
861 3056 893 3086 P.
921 3054 1019 3086 Fabio
1043 3055 1129 3085 illius
1152 3055 1293 3086 lenitatis
1314 3063 1424 3094 meae,
1451 3064 1517 3094 qua
1535 3063 1612 3085 usus
1632 3055 1744 3094 priore
1767 3054 1895 3086 actione

140 3100 287 3132 animum
315 3110 337 3132 a
367 3101 522 3133 laedendo
544 3111 740 3135 revocarant
761 3105 828 3144 ipse
851 3108 880 3136 et
901 3105 1117 3145 reflexemm,
1152 3108 1188 3135 ut
1212 3105 1286 3143 non]
1317 3104 1426 3135 minus
1447 3105 1472 3135 B
1487 3104 1530 3141 Ο,
1567 3103 1774 3143 defensionis,
1812 3105 1893 3144 [tum

139 3159 220 3191 crya
241 3152 274 3183 P.
293 3151 430 3183 Fabium
448 3153 550 3191 paulo
573 3156 785 3194 temperanda
809 3159 853 3186 est
877 3154 980 3185 nimia
1002 3154 1061 3185 illa
1083 3153 1218 3192 lenitas,
1245 3162 1311 3192 qua
1333 3157 1432 3185 antea
1453 3154 1582 3194 famam
1607 3153 1691 3183 illius
1712 3155 1802 3184 tanto
1818 3162 1892 3185 cum

139 3200 242 3231 studio
264 3200 315 3231 rel
337 3201 568 3233 dissimulando
590 3203 641 3234 vel
662 3205 848 3235 excusando
870 3203 1037 3243 foveram,
1072 3206 1108 3233 ut
1129 3202 1206 3243 non]
1229 3203 1337 3234 minus
1359 3203 1387 3234 H
1412 3203 1537 3234 eadem
1562 3211 1629 3243 qua
1655 3203 1679 3233 P
1703 3204 1888 3243 sententia,

139 3257 227 3289 quae
251 3250 333 3281 satis
359 3252 453 3282 certa
478 3253 547 3288 est.
574 3252 637 3283 sed
661 3262 824 3285 sermone
849 3253 958 3293 magis
982 3251 1097 3284 latino.
1119 3271 1154 3275 —
1181 3252 1234 3283 ⁶20.
1261 3261 1361 3292 quam
1384 3262 1490 3294 supra
1513 3260 1658 3284 versum
1675 3252 1782 3284 habet
1797 3254 1833 3284 T.
1853 3271 1887 3276 —

137 3298 190 3330 20.
207 3298 260 3330 ⁶23.
288 3299 368 3330 Tulli
391 3300 488 3331 TPB
503 3301 582 3332 HK.
604 3320 639 3324 —
664 3302 717 3335 ⁶24.
745 3304 898 3335 «Desunt
920 3311 1042 3334 versus
1066 3311 1127 3334 sex
1153 3302 1232 3342 (vid.
1251 3303 1295 3334 ad
1317 3313 1352 3334 v.
1371 3304 1414 3343 1.)
1441 3312 1521 3335 cum
1549 3301 1610 3333 108
1636 3302 1775 3334 circiter
1797 3301 1890 3334 litte-

138 3347 202 3387 ris,
226 3349 408 3390 praeterea
431 3352 562 3392 quanto
585 3351 620 3383 in
643 3351 784 3393 singulis
807 3351 1028 3385 Ambrosiam
1052 3351 1183 3385 codicis
1214 3350 1301 3385 foliis
1324 3352 1519 3386 litterarum
1543 3360 1712 3386 numerus
1737 3352 1888 3394 (circiter
