2127 3708
572 201 667 244 cn».
696 199 835 242 xxw
848 219 903 231 -
919 199 1091 241 xxvn.
1128 195 1202 252 §§.
1233 195 1286 240 79
1301 220 1356 230 -
1369 197 1435 241 84.
1825 192 1880 238 23

133 320 308 368 sarium,
339 322 380 359 et
408 321 502 358 ante
530 314 612 355 hoc
640 317 805 366 tempus
824 317 1049 365 utrumque
1072 310 1320 351 inauditum.
1359 310 1631 364 Septingenta
1651 311 1766 352 milia
1785 324 1881 365 pas-

135 396 256 423 suum
286 381 347 421 vis
378 391 467 419 esse
501 376 677 417 decursa
705 374 864 414 biduo?
894 374 983 413 Dic.
1004 394 1058 402 —
1087 374 1251 426 Negas?
1282 377 1377 412 ante
1399 372 1526 425 igitur
1544 373 1716 414 misisti:
1753 374 1877 414 malo.

135 445 179 485 Si
210 443 320 484 enim
350 440 453 482 illud
484 439 663 484 diceres,
694 436 883 489 improbe
912 435 1078 476 mentiri
1109 435 1321 482 viderere3
1353 447 1446 473 cum
1470 433 1550 473 1100
1572 433 1803 483 confiteris,
1835 435 1879 475 id

134 512 173 547 te
212 503 426 546 admisisse
457 498 674 546 concedis,
719 498 832 551 quod
872 510 922 537 ne
958 496 1176 537 mendacio
1208 496 1379 551 quidem
1409 501 1549 550 tegere
1578 498 1730 550 possis.
1788 497 1878 538 Hoc

133 567 353 609 consilium
380 561 550 616 Aquilio
582 565 622 600 et
653 560 805 599 talibus
833 559 933 599 viris
964 565 1048 599 tam
1079 559 1299 612 cupidum,
1331 563 1414 599 tam
1445 558 1606 605 audax,
1637 562 1720 598 tam
1749 563 1879 599 teme·
1909 568 1929 597 5

133 629 288 670 rarium
316 624 588 679 probabitur?
637 620 704 661 8⁵2.
735 622 847 670 Quid
876 623 980 662 haec
1011 622 1212 669 amentia,
1245 620 1348 675 quid
1378 621 1482 662 haec
1510 620 1744 667 festinatio,
1776 621 1879 674 quid

131 693 233 732 haec
262 687 534 729 immaturitas
565 690 678 725 tanta
708 683 946 737 significat?
991 697 1076 724 non
1114 684 1226 723 vim?
1266 696 1353 723 11011
1384 683 1548 723 scelus?
1587 694 1674 721 11011
1711 681 1879 722 latroci-

131 752 274 794 nium?
305 763 389 790 non
421 748 603 801 denique
636 747 775 787 omnia
804 747 945 800 potius
978 759 1102 800 quam
1134 747 1220 794 ius,
1252 758 1377 800 quam
1409 742 1615 792 officium,
1647 757 1772 798 quam
1802 757 1879 797 pu-

130 815 302 856 dorem?
344 811 473 853 Mittis
494 810 656 849 iniussu
676 810 894 863 praetoris.
936 809 1030 858 Quo
1053 809 1259 849 consilio?
1290 809 1507 848 Iussurum
1528 807 1702 847 sciebas.
1736 806 1877 855 Quid?

131 890 223 917 011111
252 875 461 920 iussisset,
492 878 580 912 tum
611 873 773 912 mittere
803 885 941 912 nonne
972 874 1171 924 poteras?
1212 871 1500 911 Postulaturus
1523 883 1627 910 eras.
1669 869 1927 918 Quando?⁴o

128 941 227 980 Post
256 938 344 978 dies
374 950 474 977 xxx.
514 937 684 988 Nempe,
716 935 750 974 si
780 940 819 974 te
851 934 955 974 nihil
976 934 1210 987 impediret,
1241 934 1275 973 si
1296 933 1489 973 voluntas
1511 931 1657 972 eadem
1678 936 1878 980 maneret,

130 1002 163 1042 si
195 1001 376 1048 valeres,
408 998 589 1051 denique
620 998 654 1037 si
684 998 858 1037 viveres.
916 998 1088 1037 Praetor
1116 997 1321 1037 iussisset.
1379 995 1562 1049 Opinor,
1595 994 1630 1034 si
1660 994 1809 1042 vellet,
1841 994 1876 1034 si

128 1063 306 1111 valeret,
338 1063 373 1103 si
403 1063 469 1102 ius
501 1061 680 1108 diceret,
712 1061 746 1100 si
776 1074 898 1100 nemo
930 1064 1160 1106 recusaret,
1193 1058 1266 1113 qui
1297 1058 1503 1112 exipsius
1525 1057 1693 1098 decreto
1716 1061 1757 1097 et
1777 1057 1877 1097 satis

127 1127 244 1167 daret
282 1130 322 1165 et
359 1123 560 1164 iudicium
599 1123 788 1176 accipere
828 1123 967 1163 vellet.
1022 1120 1088 1161 83.
1119 1123 1244 1170 Nam,
1284 1135 1359 1175 per
1390 1121 1491 1162 deos
1522 1119 1802 1168 immortales,
1841 1119 1877 1160 si

127 1189 322 1237 Alfenus,
351 1190 597 1241 procurator
625 1186 668 1225 P.
692 1185 900 1234 Quinctii,
932 1185 1006 1225 tibi
1028 1190 1115 1225 tum
1136 1185 1236 1225 satis
1258 1185 1376 1225 daret
1402 1190 1443 1224 et
1463 1183 1667 1224 iudicium
1687 1183 1876 1236 accipere
1890 1192 1927 1222 45

127 1252 271 1299 vellet,
303 1250 484 1304 denique
515 1248 674 1297 omnia,
722 1262 829 1302 quae
859 1249 1113 1302 postulares,
1143 1248 1280 1288 facere
1311 1248 1535 1295 voluisset,
1569 1246 1674 1301 quid
1703 1248 1875 1300 ageres?

125 1326 342 1355 revocares
373 1326 488 1359 eum,
523 1325 648 1365 quem
678 1312 722 1351 in
752 1311 928 1352 Galliam
957 1311 1161 1351 miseras?
1201 1311 1255 1351 At
1282 1310 1351 1351 hic
1374 1310 1546 1364 quidem
1565 1309 1649 1349 iam
1672 1309 1723 1349 de
1743 1309 1875 1349 fundo

126 1377 346 1431 expulsus,
375 1375 458 1415 iam
488 1387 511 1414 a
542 1375 628 1415 suis
650 1374 714 1414 dis
740 1375 962 1428 penatibus
983 1387 1183 1428 praeceps
1207 1374 1386 1422 eiectus,
1416 1373 1499 1413 iam
1522 1370 1650 1426 (quod
1670 1371 1877 1425 indignis-

125 1440 275 1480 simum
306 1436 380 1491 est)
411 1450 583 1477 suorum
614 1450 828 1478 servorum
858 1437 1050 1477 manibus
1081 1438 1228 1477 nuntio
1250 1441 1376 1491 atque
1401 1436 1579 1490 imperio
1601 1441 1673 1476 tuo
1695 1435 1876 1476 violatus

126 1506 246 1542 esset.
292 1501 528 1553 Corrigeres
567 1500 670 1540 haec
701 1501 861 1541 scilicet
889 1507 934 1541 tu
965 1505 1126 1554 postea.
1169 1501 1230 1540 De
1262 1500 1511 1553 cuiusquam
1530 1499 1616 1539 vita
1637 1498 1775 1538 dicere
1804 1511 1876 1538 au·
1889 1506 1926 1538 20

127 1564 220 1612 des,
252 1563 325 1618 qui
352 1563 432 1603 hoc
463 1563 667 1603 concedas
697 1576 868 1603 necesse
901 1569 983 1611 est,
1014 1564 1071 1604 ita
1100 1569 1140 1603 te
1172 1576 1343 1603 caecum
1374 1562 1603 1615 cupiditate
1633 1566 1675 1601 et
1703 1560 1878 1601 avaritia
1913 1616 1922 1625 ἣ

125 1627 275 1673 fuisse,
316 1629 383 1673 ut,
427 1638 520 1665 011111
559 1631 706 1679 postea
738 1626 839 1679 quid
879 1626 1066 1667 futurum
1099 1631 1211 1666 esset
1239 1625 1474 1678 ignorares,
1518 1623 1706 1665 accidere
1736 1628 1876 1664 autem

124 1688 253 1729 multa
295 1692 489 1742 possent,
531 1702 648 1741 spem
690 1687 884 1729 maleficii
927 1689 1160 1743 praesentis
1201 1688 1246 1728 in
1282 1688 1442 1728 incerto
1478 1687 1635 1741 reliqui
1673 1686 1876 1741 temporis

124 1755 276 1791 eventu
305 1751 565 1791 collocares?
609 1753 747 1805 Atque
777 1751 879 1791 11300
908 1753 1082 1806 perinde
1113 1751 1287 1806 loquor,
1322 1752 1442 1806 quasi
1463 1751 1556 1805 ipso
1577 1750 1651 1791 illo
1673 1754 1875 1804 tempore,

123 1828 216 1853 cum
245 1818 285 1853 te
315 1818 482 1866 praetor
509 1813 701 1853 iussisset
730 1827 782 1854 ex
813 1814 949 1854 edicto
980 1815 1221 1868 possidere,
1256 1815 1291 1854 si
1320 1815 1363 1854 in
1392 1813 1707 1868 possessionem
1735 1812 1873 1853 1111515-
1888 1819 1926 1851 25

124 1890 211 1924 ses,
243 1875 435 1916 debueris
465 1880 535 1914 aut
562 1877 747 1928 potueris
777 1878 819 1916 P.
843 1877 1085 1926 Quinctium
1116 1878 1165 1917 de
1195 1879 1462 1930 possessione
1494 1877 1731 1918 deturbare.

233 1937 402 1976 XXVII.
440 1935 506 1977 84.
539 1937 689 1979 Omnia
719 1944 837 1987 sunt,
872 1939 912 1978 C.
934 1939 1099 1992 Aquili,
1131 1939 1358 1987 eiusmodi,
1392 1940 1530 1993 quivis
1559 1944 1607 1980 ut
1635 1938 1875 1993 perspicere

123 2000 276 2054 possit,
317 2000 361 2038 in
401 1999 478 2039 hac
524 2013 649 2040 causa
688 2000 996 2054 improbitatem
1036 2006 1076 2041 et
1117 2002 1295 2054 gratiam
1330 2016 1424 2042 cum
1453 2002 1600 2056 inopia
1630 2006 1671 2041 et
1699 2001 1874 2042 veritate

125 2062 389 2103 contendere.
446 2063 617 2108 Praetor
660 2068 700 2103 te
740 2064 1091 2117 quemadmodum
1130 2065 1348 2118 possidere
1379 2065 1531 2105 iussit?
1592 2063 1774 2117 Opinor,
1822 2077 1875 2103 ex

124 2126 273 2167 edicto.
319 2126 499 2179 Sponsio
531 2138 637 2179 quae
668 2127 711 2165 in
741 2126 867 2166 verba
895 2126 1003 2166 facta
1025 2128 1116 2166 est?
1159 2127 1205 2167 St
1235 2141 1292 2167 Ex
1321 2139 1475 2168 nmero
1506 2140 1734 2168 PRAETORIS
1764 2134 1922 2168 BONA30

119 2189 162 2229 P.
184 2188 375 2237 vacru
403 2201 598 2228 1105511551
628 2201 707 2228 Nox
738 2200 852 2228 SUNT.
898 2189 1131 2229 Redeamus
1155 2189 1207 2230 ad
1229 2191 1424 2230 edictum.
1464 2191 1510 2230 Id
1533 2190 1705 2244 quidem
1728 2203 1874 2244 quem-

120 2250 346 2291 admodum
385 2250 501 2291 iubet
530 2251 778 2304 possidere?
824 2251 1037 2305 Numquid
1069 2256 1131 2291 est
1161 2265 1330 2301 causae,
1378 2252 1420 2292 C.
1451 2253 1618 2307 Aquili,
1663 2253 1788 2306 quin,
1836 2252 1872 2292 si

119 2313 241 2367 longe
271 2313 392 2353 aliter
419 2314 629 2367 possedit,
661 2327 786 2368 quam
815 2318 983 2368 praetor
1013 2314 1164 2363 edixit,
1196 2315 1276 2355 iste
1307 2329 1360 2355 ex
1390 2315 1528 2356 edicto
1561 2329 1648 2356 non
1670 2314 1872 2370 possede-

202 2426 234 2458 4.
253 2434 413 2466 passuum
435 2435 504 2458 om.
529 2425 594 2458 Md
609 2435 640 2467 g.
669 2445 705 2449 —
729 2426 761 2457 ⁶2.
785 2426 844 2467 vis]
868 2427 930 2458 uia:
952 2427 1016 2458 ak.
1038 2445 1074 2449 —
1100 2427 1130 2459 6.
1155 2427 1332 2468 festinatio]
1355 2427 1528 2459 animatio
1549 2428 1575 2459 B
1590 2428 1616 2459 G
1632 2436 1652 2459 a
1668 2427 1691 2459 b
1709 2436 1728 2459 c
1745 2427 1768 2459 d
1785 2427 1832 2469 fg
1847 2427 1871 2460 h

118 2477 179 2509 im
194 2486 235 2516 n,
259 2476 419 2508 estimatio
435 2476 490 2508 Ml
514 2477 548 2508 et
562 2478 600 2508 A.
624 2494 655 2501 —-
684 2476 715 2508 9.
741 2475 890 2508 sciebas?
912 2475 984 2511 Lss.
1006 2494 1041 2499 —
1067 2477 1118 2509 40.
1146 2479 1225 2518 tum]
1250 2481 1285 2509 tu
1301 2479 1328 2509 G
1343 2486 1361 2509 3
1378 2477 1427 2509 sk
1442 2476 1464 2509 l.
1487 2496 1523 2501 —
1547 2477 1665 2519 nonne]
1689 2487 1754 2510 non
1770 2479 1809 2510 A.
1831 2496 1868 2501 —

117 2528 169 2559 44.
185 2528 258 2559 Post
271 2527 337 2558 dies
349 2526 436 2558 ‚XXX
448 2527 604 2567 ineptum
620 2525 793 2567 glossema
810 2535 889 2558 esse
905 2528 1064 2568 opinatur
1079 2528 1140 2560 Th.
1158 2529 1354 2561 Mommsen
1369 2527 1392 2560 l.
1411 2528 1445 2560 d.
1463 2536 1499 2569 p.
1518 2529 1553 2560 44
1564 2529 1614 2560 40.
1645 2528 1714 2561 Sed
1730 2530 1781 2561 tot
1795 2528 1869 2561 fere

118 2577 192 2609 dies
207 2578 286 2609 ante
301 2577 571 2618 postulationem
587 2578 736 2621 Naevius
753 2578 911 2609 nuntium
927 2578 962 2610 in
972 2577 1115 2610 Galliam
1130 2579 1268 2611 misisse
1285 2578 1477 2610 videtur.—
1492 2578 1540 2609 -nil
1558 2578 1646 2610 M.-
1664 2579 1717 2610 42.
1733 2582 1872 2618 praetor

116 2627 144 2658 si
166 2627 305 2658 iussisset
320 2628 352 2659 M
369 2629 403 2660 et
419 2629 462 2666 A,
485 2630 622 2667 praetor
636 2628 662 2659 si
686 2627 820 2659 uirisset
839 2627 863 2658 B
878 2628 903 2658 G
914 2627 938 2658 b
952 2636 970 2659 0
984 2627 1006 2659 (1
1019 2628 1033 2659 f
1042 2637 1063 2669 g
1076 2628 1191 2661 hilm
1204 2638 1243 2668 11,
1263 2630 1402 2661 Praetor
1415 2629 1535 2660 scilicet
1550 2628 1690 2660 iussisset
1703 2627 1866 2661 Klotzius.

119 2694 155 2699 —-
179 2675 232 2708 43.
257 2677 314 2715 qui
335 2676 399 2711 ΑΕ
422 2685 502 2709 011111
526 2677 705 2709 codicibus
739 2678 889 2718 (praeter
914 2678 945 2714 k)
978 2678 1163 2711 omnibus:
1201 2679 1279 2719 quin
1301 2680 1323 2711 k
1348 2680 1381 2711 et
1404 2679 1479 2711 LO.
1507 2697 1544 2701 —
1577 2678 1738 2710 satisdare
1763 2678 1871 2710 Erne-

116 2726 213 2758 stius.
242 2743 277 2747 —
304 2725 356 2758 44.
382 2728 528 2768 accipere
550 2728 652 2770 vellet]
679 2729 840 2768 acciperet
862 2729 898 2759 L.
927 2747 962 2751 —
994 2729 1046 2761 45.
1072 2728 1151 2769 tum]
1181 2738 1256 2760 cum
1287 2730 1347 2761 Ge
1365 2730 1386 2760 i.
1415 2747 1451 2752 —-
1475 2729 1636 2760 satisdare
1658 2729 1683 2760 L
1708 2729 1742 2760 et
1764 2729 1869 2769 typo-

115 2775 236 2816 graphi
259 2784 376 2808 errore
402 2777 426 2808 O
451 2786 531 2809 cum
546 2779 579 2809 k.
608 2796 644 2801 —
671 2778 723 2809 46.
751 2779 861 2809 «Fort.
881 2778 1029 2810 voluisset
1044 2778 1236 2810 tollendum
1254 2781 1323 2818 est,
1350 2779 1444 2820 quod
1462 2788 1482 2811 a
1496 2778 1640 2820 reliquis
1657 2778 1867 2820 discrepat.»

115 2827 194 2858 GAR.
219 2826 251 2857 ⁶3.
278 2825 328 2857 Cf.
353 2827 471 2859 tamen
494 2829 607 2869 Reisig
629 2828 701 2860 Lat.
727 2827 897 2868 Spraclzw.
922 2838 956 2870 p.
983 2829 1045 2860 522
1069 2838 1121 2870 sq.
1151 2848 1186 2852 —
1221 2830 1272 2861 47.
1299 2830 1439 2872 quidem]
1464 2830 1610 2870 equidem
1632 2829 1664 2860 k.
1694 2846 1730 2851 -
1756 2828 1808 2860 48.
1833 2828 1868 2871 α]

115 2875 156 2907 ab
179 2876 222 2907 M.
253 2893 287 2898 -
313 2876 365 2907 ΞΟ.
390 2877 481 2918 haec]
505 2878 563 2909 hoc
586 2879 618 2910 k.
640 2896 677 2901 —
703 2879 755 2909 21.
781 2878 924 2919 caecum]
949 2882 1053 2911 tecum
1069 2879 1129 2911 Gb
1145 2879 1255 2920 degi
1280 2882 1314 2912 et
1331 2882 1369 2912 A.
1392 2897 1428 2903 ·—
1454 2880 1506 2911 22.
1527 2882 1643 2919 postea
1659 2878 1748 2919 quid]
1766 2877 1864 2911 «fort.

115 2925 193 2965 quid
209 2929 344 2966 postea»
369 2935 438 2967 mg.
465 2926 499 2961 2.
521 2945 554 2951 —
582 2927 635 2960 24.
661 2927 847 2969 collocares]
874 2929 954 2960 Post
976 2929 1043 2960 hoc
1066 2929 1216 2961 verbum
1240 2930 1263 2962 L
1288 2930 1434 2962 inseruit
1455 2938 1511 2961 vv.
1532 2929 1649 2960 Omnia
1664 2946 1683 2952 -
1698 2947 1717 2952 -
1732 2931 1866 2960 conten-

114 2971 270 3016 dere.'(g.
289 2976 354 3016 84.)
383 2994 415 2999 —
443 2977 532 3019 haec]
550 2978 609 3009 hoc
624 2978 656 3009 k.
678 2996 713 3001 —
734 2978 874 3017 proinde
897 2977 1012 3017 loquor
1035 2980 1129 3018 quasi
1150 2980 1177 3010 si
1200 2980 1269 3020 ipso
1285 2981 1321 3012 L.
1344 2997 1380 3001 —
1406 2980 1459 3011 25.
1484 2980 1512 3011 si
1529 2988 1597 3011 om.
1616 2979 1653 3011 L.
1674 2996 1710 3000 —-
1735 2978 1788 3010 26.
1807 2982 1867 3010 aut

109 3025 256 3064 potueris
278 3034 346 3058 om.
372 3027 405 3058 k.
434 3045 469 3049 —-
506 3028 559 3059 ⁶29.
584 3030 672 3060 Ante
696 3028 845 3060 verbum
867 3029 1004 3060 Praetor
1026 3029 1184 3061 defectus
1208 3030 1306 3070 signa
1329 3028 1461 3061 habent
1483 3028 1560 3068 Lss,
1594 3028 1674 3070 post
1693 3036 1727 3059 v.
1753 3028 1866 3059 detur-

113 3074 192 3107 bare
213 3077 257 3115 L,
292 3079 372 3117 post
393 3085 427 3108 v.
452 3078 642 3109 contendere
665 3077 698 3112 (3.
739 3097 774 3101 —
813 3078 864 3109 30.
895 3078 950 3119 est]
977 3081 1053 3110 sunt
1076 3087 1106 3110 e.
1136 3097 1171 3101 —
1203 3080 1239 3110 Si
1261 3098 1279 3103 -
1301 3097 1319 3102 -
1338 3088 1487 3119 possessa
1508 3088 1574 3111 non
1596 3081 1670 3109 sunt
1691 3078 1716 3109 B
1731 3078 1861 3110 GKM:

111 3124 174 3155 nisi
189 3134 394 3165 ——possessa
416 3137 481 3159 non
504 3131 578 3159 sunt
600 3129 646 3167 Α,
672 3129 707 3159 ni
722 3136 932 3168 --possessa
954 3138 1020 3160 non
1041 3129 1105 3161 sint
1128 3129 1322 3161 Hotomano
1346 3131 1490 3161 auctore
1514 3128 1590 3169 Lss,
1615 3129 1643 3159 si
1657 3136 1866 3168 --possessa

110 3174 175 3205 sint
196 3183 278 3207 cum
299 3177 434 3208 Iuntina
458 3179 492 3209 et
517 3177 744 3210 Cratandrina
770 3178 844 3217 (nisi
869 3177 964 3219 quod
986 3178 1051 3210 hae
1076 3187 1217 3220 quoque
1243 3179 1408 3212 exhibent
1430 3179 1517 3221 sunt)
1541 3180 1578 3210 Ο.
1610 3178 1659 3211 Cf.
1687 3178 1717 3219 g.
1743 3178 1796 3210 30.
1824 3196 1861 3201 -—-

112 3223 167 3256 34.
189 3225 224 3256 Ρ.
251 3234 320 3258 0111.
345 3228 379 3259 k.
409 3246 443 3250 —
468 3229 506 3259 Id
529 3229 657 3268 quidem
681 3229 953 3269 quemadmodum
974 3229 1008 3261 M
1022 3237 1040 3260 e
1054 3229 1124 3260 km
1148 3230 1182 3260 et
1203 3231 1252 3261 A:
1278 3230 1313 3261 id
1335 3230 1413 3270 quid
1435 3233 1480 3262 est
1503 3229 1776 3269 quemadmodum
1797 3229 1822 3261 B
1837 3230 1864 3260 G

109 3281 128 3304 a
144 3272 167 3304 b
186 3282 204 3306 0
221 3274 243 3306 d
258 3275 306 3316 fg
321 3276 345 3308 h
360 3277 371 3309 i
386 3276 397 3310 l
412 3287 452 3318 n,
477 3279 514 3311 Id
537 3280 809 3320 quemadmodum
832 3280 856 3311 L
869 3277 891 3314 ἓ
905 3279 942 3311 Ο.
963 3295 998 3302 —·
1025 3279 1078 3312 32.
1103 3279 1281 3321 Numquid]
1306 3289 1392 3312 nunc
1415 3280 1494 3320 quid
1508 3280 1532 3312 B
1547 3280 1619 3313 ΚΜ
1635 3280 1670 3312 et
1685 3280 1724 3312 A.
1745 3296 1782 3302 -
1806 3278 1858 3311 33.

102 3324 244 3363 possidet
264 3325 298 3358 k.
