2143 3713
254 209 335 251 324
742 212 797 252 IN
825 212 1044 253 VERREM
1072 211 1233 253 ACTIO
1265 212 1505 253 SECUNDA

253 322 365 353 Turici
382 320 482 360 4836,
509 321 607 354 cuius
631 330 817 354 censuram
841 331 859 354 a
884 322 1012 354 Klotzio
1037 323 1269 363 conscriptam
1293 323 1325 354 in
1349 322 1457 354 Iahnii
1481 319 1611 353 Annall.
1629 320 1703 352 Vol.
1722 321 1821 354 XXII.
1839 323 1936 355 Fasc.
1954 324 1994 355 11.

252 379 286 412 p.
313 370 368 402 434
399 378 477 411 sqq.
504 370 685 412 aliquoties
710 371 1080 409 commemorabimus,
1108 372 1260 413 itemque
1278 380 1462 404 censuram
1479 369 1650 412 Epistolae
1667 371 1804 404 criticae
1824 372 1994 413 Madvigii,

253 428 360 461 quam
382 421 520 462 scripsit
542 421 665 454 Bakius
689 422 723 454 in
746 421 957 454 Bibliotheca
982 422 1098 453 critica
1123 429 1212 452 nova
1235 421 1275 460 V,
1301 423 1331 454 4.
1357 431 1390 463 p.
1418 421 1533 453 4-56.

339 563 558 604 Quamquam
593 563 731 596 codices
764 563 942 602 meliores,
980 573 1066 605 quos
1096 572 1201 604 supra
1226 564 1595 599 commemoravimus,
1632 563 1771 604 praeter
1792 562 1998 595 Vaticanum

252 619 374 643 omnes
399 612 558 644 eiusdem
581 612 727 645 familiae
752 615 830 645 sunt
854 613 971 653 [immo
997 613 1097 645 codd.
1125 614 1166 644 Gt
1188 613 1207 643 ⁵3
1234 611 1291 644 Ld.
1318 614 1351 644 et
1375 611 1413 651 λ,
1447 615 1485 644 ut
1513 612 1594 644 mihi
1619 611 1760 652 quidem
1792 620 1999 653 persuasum

253 663 322 702 est,
349 670 389 693 ex
414 660 505 693 nullo
529 661 593 693 alio
619 663 738 694 codice
764 663 826 694 nisi
852 672 893 693 ex
916 663 992 703 ipso
1017 664 1120 700 Recio
1145 663 1313 701 originem
1338 663 1521 694 duxerunt.
1554 662 1694 703 IIAL)¹.],
1727 663 1851 703 Regius
1883 664 1999 694 tamen

252 711 297 742 ita
332 712 456 743 ceteris
490 714 659 753 praestat,
696 714 733 743 ut
763 713 836 743 eius
865 714 1057 745 auctoritati
1089 712 1160 744 iere
1193 711 1323 752 ubique
1354 711 1669 753 obtemperandum
1700 713 1753 744 sit.
1802 713 1896 751 Quae
1920 720 2001 744 cum

251 761 354 792 huius
378 761 507 793 codicis
531 762 575 792 sit
598 762 825 802 praestantia,
852 770 974 793 omnes
1000 763 1071 794 sere
1088 761 1201 792 varias
1219 760 1397 799 lectiones,
1424 770 1508 802 quas
1526 771 1566 793 ex
1585 771 1626 793 eo
1644 763 1800 794 enotatas
1817 761 1999 799 habemus,

252 809 286 841 in
311 810 550 842 annotationes
575 811 709 842 criticas
735 809 989 849 transtulimus,
1017 810 1161 852 paucula
1188 810 1360 850 quaedam
1378 810 1522 848 menda,
1549 820 1698 851 quorum
1717 810 2001 843 commemoratio

252 859 295 891 ad
320 859 448 892 nullam
472 869 548 891 rem
572 859 662 891 utilis
688 868 764 891 esse
789 859 989 899 videbatur,
1017 861 1209 892 omisimus.
1259 860 1295 890 ln
1319 859 1425 892 rebus
1449 863 1565 892 autem
1590 860 1792 898 levioribus,
1819 861 1852 892 in
1876 859 2002 900 quihus

254 910 482 942 diiudicandis
516 909 592 950 plus
624 909 739 941 valere
771 909 878 941 debet
907 910 1074 942 librorum
1107 910 1195 941 MSS.
1223 909 1428 947 auctoritas,
1466 918 1570 950 quam
1595 911 1681 942 ratio
1706 912 1740 942 ct
1763 909 1927 941 iudicium
1953 907 2001 948 (id

254 958 347 999 quod
371 960 574 1000 saepissime
599 968 664 990 usu
687 960 781 991 venit
804 961 836 991 in
860 960 1050 992 verborum
1075 958 1332 998 collocatione),
1359 958 1487 991 codicis
1511 960 1603 999 Regii
1628 961 1758 1001 potius.
1786 967 1890 1000 quam
1907 958 2002 989 Vati-

254 1009 329 1041 cani
353 1009 458 1041 fidem
482 1009 591 1041 secuti
616 1018 748 1041 sumus.
797 1011 883 1041 Nam
908 1011 971 1041 etsi
995 1009 1180 1040 Vaticanus
1205 1008 1355 1048 optimae
1381 1010 1481 1040 notae
1507 1011 1578 1047 est,
1613 1012 1728 1041 tamen
1752 1018 1821 1041 non
1846 1009 1914 1047 est,
1941 1016 2003 1039 cur

252 1058 356 1097 Regio
380 1060 631 1100 praeponatur;
659 1060 692 1090 et
716 1067 796 1091 cum
820 1068 932 1099 pauca
957 1060 1089 1090 tantum
1115 1059 1145 1089 in
1172 1058 1224 1088 his
1248 1057 1385 1089 duobus
1402 1057 1496 1090 libris
1513 1060 1688 1100 supersint
1705 1060 1777 1090 eius
1796 1058 1999 1098 fragmenta,

250 1107 376 1146 Regius
409 1109 557 1148 (praeter
580 1107 740 1140 lacunam
764 1109 797 1139 in
821 1107 909 1139 libro
934 1108 986 1147 V.)
1013 1109 1146 1145 integer
1171 1108 1212 1138 sit
1236 1109 1413 1145 servatus,
1447 1107 1548 1140 huius
1572 1109 1813 1140 auctoritatem
1837 1109 1868 1139 in
1893 1107 2001 1139 rebus

251 1155 438 1189 levioribus
462 1157 687 1198 ambiguique
711 1158 826 1190 iudicii
851 1159 1021 1199 potiorem
1046 1157 1177 1189 habere
1202 1159 1477 1189 consentaneum
1495 1160 1578 1189 erat.
1616 1159 1760 1199 Propter
1784 1157 1914 1190 codicis
1938 1166 2002 1188 au-

251 1207 323 1237 tem
347 1207 441 1247 Regii
471 1208 721 1249 praestantiam
750 1216 808 1240 eas
838 1216 978 1249 quoque
1002 1208 1113 1240 varias
1138 1206 1324 1246 lectiones,
1358 1216 1447 1248 quae
1473 1206 1516 1239 ad
1540 1207 1806 1248 orthographiae
1831 1207 2001 1239 rationem

251 1255 442 1296 pertinent,
469 1257 540 1289 suis
564 1255 648 1289 locis
672 1256 869 1289 afferendas
894 1257 1105 1298 putavimus.

364 1450 394 1490 Ι.
427 1445 464 1489 ll.
494 1449 629 1490 Venio
661 1463 772 1489 nunc
797 1450 848 1490 ad
870 1449 1011 1499 istius,
1044 1464 1169 1504 quem
1191 1451 1242 1491 ad
1265 1450 1434 1491 modum
1456 1450 1545 1503 ipse
1567 1450 1771 1503 appellat,
1803 1451 2000 1499 studium,

251 1517 298 1554 ut
327 1512 448 1553 amici
480 1512 593 1561 eius,
623 1512 814 1552 morbum
836 1517 877 1552 et
907 1514 1124 1561 insaniam,
1155 1519 1201 1554 ut
1223 1514 1375 1561 Siculi,
1407 1513 1687 1553 latrocinium:
1721 1526 1798 1567 ego
1821 1527 1905 1567 quo
1927 1526 2002 1553 no-

251 1576 363 1616 mine
393 1575 621 1628 appellem,
663 1575 817 1615 nescio.
867 1577 968 1615 Rem
998 1576 1118 1616 vobis
1148 1589 1403 1645 proponam:
1447 1589 1521 1616 vos
1552 1589 1641 1616 eam
1672 1590 1769 1623 suo,
1811 1590 1897 1616 non
1927 1589 2002 1616 no-

251 1637 374 1677 minis
404 1636 588 1690 pondere
609 1636 839 1690 penditote.
885 1638 1057 1678 Genus
1046 1652 1183 1691 ipsum
1204 1639 1320 1707 plius
1342 1638 1604 1691 cognoscite,
1636 1638 1818 1688 iudices;
1851 1638 2001 1679 deinde

220 1699 426 1739 5fortasse
456 1712 540 1738 non
571 1711 722 1752 magno
752 1712 877 1753 opere
898 1701 1120 1753 quaeretis,
1152 1713 1235 1754 quo
1231 1683 1301 1740 id
1323 1700 1494 1740 nomine
1514 1699 1810 1769 appellandum
1832 1700 2001 1754 putetis.

249 1761 396 1815 Nego'
386 1775 429 1801 ln
451 1760 595 1800 Sicilia
615 1766 720 1809 tota,
756 1768 838 1802 tam
860 1762 1072 1816 locupleti,
1104 1768 1186 1802 tam
1207 1767 1346 1802 vetere
1372 1761 1608 1815 provincia,
1639 1766 1702 1801 tot
1721 1762 1910 1815 oppidis,
1940 1765 2002 1800 tot

248 1823 418 1864 familiis
438 1828 522 1863 tam
543 1823 740 1876 copiosis,
763 1824 894 1863 ullum
910 1829 1151 1877 argenteum
1168 1838 1253 1872 vas,
1274 1824 1406 1864 ullum
1421 1823 1680 1863 Corinthium
1702 1829 1774 1864 aut
1788 1824 2003 1864 Deliacum

247 1884 392 1934 fuisse,
418 1886 547 1925 ullam
577 1899 782 1938 gemmam
812 1891 884 1926 aut
912 1887 1198 1939 margaritam,
1230 1886 1459 1940 quidquam
1482 1899 1534 1925 ex
1563 1899 1664 1926 auro
1695 1890 1768 1926 aut
1798 1885 1922 1925 ebore
1942 1883 2002 1924 fa-

249 1952 374 1997 ctum,
397 1949 560 2001 signum
572 1948 704 1988 ullum
721 1962 910 1996 aeneum,
932 1962 1223 1997 marmoreum,
1246 1949 1497 1989 eburneum:
1520 1961 1627 2001 nego
1648 1948 1777 1988 ullam
1798 1947 2002 2001 picturam

201 2017 387 2065 ¹0neque
417 2011 462 2051 in
493 2010 634 2051 tabula
663 2024 800 2065 neque
831 2011 875 2050 in
910 2012 1070 2060 textili,
1116 2012 1219 2065 quin
1249 2011 1549 2064 conquisierit,
1592 2011 1846 2064 inspexerit,
1892 2008 2004 2063 quod

248 2073 447 2127 placitum
478 2072 532 2112 sit
560 2073 789 2114 abstulerit.
835 2071 872 2112 2.
902 2075 1098 2127 Magnum
1122 2075 1267 2114 videor
1287 2073 1448 2112 dicere:
1480 2072 1681 2112 attendite
1703 2073 1847 2120 etiam,
1880 2084 2004 2126 quem

250 2136 302 2176 ad
331 2136 503 2175 modum
533 2134 681 2175 dicam.
739 2137 832 2175 Non
864 2136 975 2175 enim
1006 2136 1119 2176 verbi
1151 2150 1289 2190 neque
1320 2135 1505 2174 criminis
1535 2135 1716 2187 augendi
1740 2147 1865 2174 causa
1895 2146 2005 2173 com-

250 2197 409 2250 plector
439 2196 600 2236 omnia:
632 2211 726 2237 cum
757 2198 850 2237 dico
882 2198 987 2238 nihil
1019 2199 1145 2239 istum
1176 2199 1263 2238 eius
1287 2196 1401 2236 modi
1431 2211 1568 2237 rerum
1600 2197 1643 2236 in
1674 2201 1760 2237 tota
1789 2195 2004 2250 provincia

250 2258 494 2312 reliquisse,
525 2260 671 2300 Latine
699 2274 763 2300 me
785 2261 954 2308 scitote,
985 2274 1070 2300 non
1091 2259 1350 2300 accusatorie
1371 2258 1509 2311 loqui:
1541 2258 1663 2298 etiam
1683 2258 1870 2311 planius:
1900 2257 2004 2297 nihil

202 2321 295 2361 ⁴5in
325 2320 498 2362 aedibus
530 2321 800 2375 cuiusquam,
839 2335 891 2362 nc
922 2323 964 2361 in
997 2323 1164 2376 oppidis
1196 2322 1387 2376 quidem3
1428 2321 1533 2360 nihil
1564 2321 1607 2360 in
1639 2321 1744 2361 locis
1775 2320 2004 2361 communi-

250 2383 353 2433 bus,
383 2397 436 2425 ne
465 2384 509 2423 in
539 2383 646 2424 fanis
678 2385 869 2438 quidem3
899 2384 1005 2425 nihil
1035 2385 1145 2438 apud
1178 2383 1385 2431 Siculum,
1417 2382 1521 2423 nihil
1552 2382 1663 2437 apud
1693 2383 1826 2424 civem
1855 2383 2005 2424 Roma-

337 2575 376 2607 ῙΝ
401 2574 448 2607 ,0.
478 2574 613 2607 VERREM
635 2575 739 2606 me
762 2575 832 2605 IIII.
859 2575 903 2613 V;
931 2575 1107 2607 CICERONIS
1129 2583 1301 2607 mv'Ecrmi
1323 2583 1361 2607 m·
1386 2576 1521 2607 VERREM
1543 2583 1677 2608 mczmr.
1703 2576 1740 2608 R.

341 2631 371 2662 4.
396 2630 430 2662 id
452 2630 520 2670 ipse
542 2631 579 2662 E.
609 2648 643 2653 -
670 2630 701 2662 3.
726 2639 792 2662 non
815 2639 885 2662 om.
912 2631 996 2662 dett.
1026 2649 1060 2653 —-
1087 2632 1118 2662 5.
1144 2640 1265 2672 υιαφιο
1289 2640 1384 2671 opere
1406 2632 1453 2663 R:
1483 2641 1680 2672 maynopere
1703 2631 1750 2663 G3
1774 2630 1816 2664 al.
1845 2648 1881 2655 —-
1906 2640 2006 2672 quae-

251 2679 325 2710 ritis
347 2680 385 2711 R.
408 2697 444 2704 -
469 2680 503 2711 id
526 2679 572 2711 R3
590 2680 613 2711 E
630 2680 719 2720 Lg29
736 2689 742 2711 z
769 2688 838 2711 om.
859 2680 943 2712 dett.
963 2682 999 2712 O.
1022 2698 1056 2702 -
1084 2680 1113 2711 6.
1132 2680 1281 2720 locupleti
1304 2681 1350 2712 R3
1364 2679 1383 2711 λ
1401 2681 1425 2712 E
1441 2681 1530 2721 Lg29
1554 2683 1591 2712 ut
1607 2680 1636 2721 S.
1656 2679 1723 2712 46.:
1749 2681 1903 2722 locuplete
1918 2681 2002 2713 dett.

253 2730 291 2761 ut
314 2729 345 2770 S.
371 2730 425 2761 29.
454 2747 490 2752 —
515 2732 614 2761 veteri
639 2731 685 2762 G2
708 2729 768 2761 Ld.
789 2747 825 2752 —
852 2730 882 2762 8.
908 2739 989 2770 ¹nepo
1012 2731 1114 2761 ullam
1136 2740 1298 2771 yemmam
1322 2734 1380 2762 aut
1396 2740 1501 2771 marg).
1519 2731 1618 2771 fuisse
1633 2734 1691 2762 auc
1706 2731 1885 2771 quicquam
1898 2731 2002 2771 Lagg.

257 2797 291 2801 —
316 2779 444 2811 nullam
474 2788 637 2820 geminam
661 2783 718 2811 aul
748 2780 969 2820 mmyarilam
994 2789 1035 2811 cx
1069 2781 1102 2811 h.
1129 2779 1150 2811 l.
1178 2781 1330 2812 enotavit
1353 2781 1449 2812 Serv.
1476 2780 1519 2811 ad
1543 2783 1628 2812 Aen.
1653 2781 1677 2812 1.
1704 2781 1797 2820 653.;
1832 2780 1874 2813 cf.
1901 2780 2005 2812 etiam

254 2827 366 2860 Schol.
403 2828 448 2860 ad
479 2829 561 2861 Stat.
594 2830 702 2862 Theb.
728 2831 783 2862 VI.
810 2831 861 2862 63,
901 2849 934 2852 —
972 2831 1147 2870 quicquam
1171 2832 1194 2862 R
1220 2832 1253 2862 et
1276 2830 1326 2862 sic
1350 2838 1502 2870 semper.
1533 2848 1566 2851 —
1604 2830 1633 2861 9.
1659 2830 1751 2872 nego]
1775 2837 1878 2869 neque
1899 2829 2002 2869 Lagg.

253 2880 395 2919 praeter
416 2878 469 2910 29.
500 2897 534 2901 —
562 2880 613 2912 40.
639 2881 673 2912 in
695 2880 813 2911 tabulis
836 2880 919 2912 dett.
949 2898 983 2903 —
1016 2881 1051 2912 in
1074 2881 1179 2912 [emili
1203 2881 1242 2911 (34
1273 2879 1355 2911 Ld.:
1389 2879 1493 2910 [emili
1516 2880 1541 2911 R
1559 2877 1579 2910 λ
1594 2880 1618 2911 Ε
1637 2880 1701 2917 G&
1737 2880 1881 2912 textilem
1903 2878 2003 2918 dett.,

255 2929 313 2968 qui
335 2929 433 2968 fuisse
449 2927 593 2968 addunt,
620 2929 714 2970 quod
732 2939 800 2961 om.
821 2930 1026 2969 might-2¹2.
1055 2930 1104 2962 Cf.
1123 2929 1273 2961 Turneb.
1299 2929 1385 2961 Adv.
1403 2929 1501 2960 XXV.
1520 2930 1551 2961 5.
1577 2930 1653 2961 Otto
1670 2929 1714 2961 ad
1730 2931 1799 2962 Fin.
1818 2938 1851 2971 p.
1870 2928 1945 2960 403.
1967 2945 2002 2950 -

254 2979 464 3018 conquisierit
486 2978 574 3010 R3E
600 2979 654 3019 (cs
680 2979 832 3011 Turneb.
859 2980 902 3011 ad
937 2982 1022 3011 orat.
1048 2981 1082 3011 in
1106 2978 1191 3011 Rull.
1216 2980 1256 3011 Π.
1284 2979 1335 3010 35.
1363 2977 1437 3010 coll.
1464 2979 1604 3019 infrag.
1630 2980 1683 3010 50.
1709 2978 1797 3065 733.):
1831 2977 2006 3018 quaesierit

256 3026 341 3058 dett.
370 3045 404 3050 -
432 3027 482 3060 42.
508 3028 655 3059 criminis
676 3037 779 3060 causa
801 3030 942 3070 auyendi
965 3030 1034 3069 ng
1039 3031 1210 3071 praeter
1233 3029 1285 3060 29.
1315 3046 1349 3049 —
1377 3028 1427 3058 43.
1455 3037 1551 3067 quom
1575 3029 1649 3070 Rp.
1668 3036 1714 3060 m.
1760 3035 1834 3058 cum
1849 3035 1925 3068 sup
1944 3025 2002 3059 lin.

257 3076 318 3115 (sic
342 3076 426 3108 item
449 3084 483 3108 V.
509 3077 575 3116 ⁶23.)
604 3096 638 3100 —
671 3079 840 3117 ptiuincia
863 3080 887 3110 R
911 3088 945 3120 p.
973 3088 1018 3111 m.
1054 3097 1090 3102 —
1128 3079 1178 3111 44.
1200 3079 1335 3119 planius
1357 3078 1498 3117 atriplius
1521 3079 1579 3109 Gt.
1608 3095 1643 3101 —
1678 3077 1731 3108 45.
1756 3084 1796 3107 ne
1817 3076 1852 3107 in
1873 3075 2006 3116 hospitis

257 3126 387 3163 quidem
418 3125 507 3157 coni.
534 3127 614 3167 Ieep
648 3127 748 3168 prob.
775 3126 885 3159 Halm.
930 3130 971 3159 At
1001 3129 1088 3160 haec
1119 3128 1316 3160 coniectura
1348 3127 1456 3167 magis
1480 3128 1659 3168 speciosa,
1696 3133 1803 3166 quam
1826 3133 1909 3157 vera
1932 3126 2001 3163 est;

258 3183 339 3206 nam
364 3176 527 3215 quattuor
550 3175 638 3206 haec
662 3176 822 3208 membra
846 3177 1062 3218 respondent
1076 3178 1236 3208 accurate
1262 3177 1316 3214 iis,
1343 3184 1431 3216 quae
1449 3176 1534 3208 infra
1551 3176 1747 3218 ponuntur:
1772 3175 1807 3206 in
1822 3173 1955 3206 aedibus
1970 3188 2003 3201 =

257 3224 338 3254 nihil
354 3225 500 3264 privati;
526 3225 561 3255 in
584 3225 710 3264 oppidis
734 3244 766 3255 =
787 3226 926 3266 publici:
954 3227 987 3258 in
1010 3227 1087 3258 locis
1108 3226 1330 3259 communibus
1354 3243 1385 3253 =
1406 3227 1558 3266 profani;
1584 3227 1618 3257 in
1639 3225 1727 3267 fanis
1750 3241 1783 3252 z
1807 3225 1908 3257 sacri.
1942 3224 2005 3256 At-

259 3280 327 3312 que
360 3273 486 3305 eadem
518 3273 607 3304 haec
641 3276 803 3314 quattuor
834 3275 993 3308 membra
1017 3277 1110 3308 initio
1132 3275 1209 3308 libri
1233 3275 1271 3307 V.
1299 3276 1329 3316 g.
1356 3276 1400 3315 4.,
1430 3275 1491 3307 ubi
1514 3276 1557 3308 ad
1580 3275 1657 3307 libri
1680 3274 1734 3306 lV.
1760 3274 2003 3315 argumentum

258 3322 417 3363 respicit,
443 3324 560 3365 ponit:
588 3323 725 3357 «Verres
746 3325 780 3356 in
795 3325 910 3358 Sicilia
923 3334 1019 3358 sacra
1038 3326 1246 3367 profanaque
1261 3325 1371 3358 omnia
1393 3329 1423 3359 el
1442 3326 1601 3367 privatim
1622 3328 1652 3359 el
1668 3323 1797 3367 publice
1817 3321 2001 3365 spoliarit.»
