2143 3713
436 252 522 291 Lm.
554 251 622 290 111.
654 249 749 289 cst.
779 248 1188 290 XLVII—xima.
1227 248 1299 302 §§.
1332 241 1590 291 tio—415.
1788 249 1868 291 275

126 368 170 402 ut
200 367 362 414 agatur:
402 377 565 409 verum,
594 366 639 401 ut
669 374 812 400 omnes
843 360 881 399 di
913 360 1128 408 adiuvent,
1161 375 1249 401 cum
1273 361 1458 401 decumo.
1505 362 1623 410 Quod
1649 364 1680 403 si
1703 365 1871 417 quando

128 424 290 471 accidit,
323 431 407 465 tum
438 423 500 470 fit,
541 429 584 463 ut
614 427 772 462 tantum
805 422 999 462 decumae
1032 423 1104 470 sit,
1145 428 1342 476 quantum
1375 424 1552 471 severis,
1583 424 1662 463 hoc
1695 434 1775 474 est,
1808 434 1867 475 ut,

128 492 230 538 quot
260 488 401 539 iugera
439 487 519 526 sint
548 489 653 530 sata,
693 484 862 524 totidem
896 485 1103 524 medimna
1133 485 1331 524 decumae
1364 485 1603 525 debeantur.
1666 485 1755 528 113.
1787 491 1873 531 Hoc

129 562 218 588 cum
251 550 307 589 ita
338 554 465 594 esset,
506 546 682 600 primum
714 546 818 585 illud
851 546 965 594 dico,
1008 547 1197 600 pluribus
1228 547 1395 586 milibus
1427 547 1681 588 medimnum
1712 553 1875 598 venisse

129 612 323 651 decumas
363 610 448 663 agri
478 607 696 653 Leontini,
741 622 863 661 quam
910 614 1013 662 quot
1053 608 1168 648 milia
1198 609 1387 661 iugerum
1420 615 1508 648 sata
1539 616 1676 650 essent
1706 612 1748 651 in
1780 626 1909 665 agros

129 674 348 713 Leontino.
399 669 519 718 Quod
551 670 582 709 si
613 670 700 708 fieri
734 684 817 709 non
850 676 1024 724 poterat,
1056 676 1102 710 ut
1131 671 1224 723 plus
1257 684 1378 724 quam
1412 670 1553 711 decem
1588 673 1797 713 medimna
1829 688 1880 714 ex

128 736 271 788 iugero
302 737 538 778 exararent,
571 733 824 771 medimnum
855 739 992 773 autem
1024 747 1075 773 ex
1105 733 1249 785 iugero
1277 733 1506 773 decumano
1539 733 1626 773 dari
1649 737 1881 788 oportebat,

129 812 220 837 cum
252 809 366 850 ager,
403 794 445 832 id
477 793 588 846 quod
620 807 786 846 perraro
821 797 977 842 evenit,
1019 809 1110 835 cum
1152 796 1326 835 decumo
1368 795 1607 835 extulisset:
1655 811 1761 850 quae
1794 806 1882 840 erat

128 860 231 899 ratio
263 855 521 902 decumanis,
565 856 597 895 si
638 856 808 909 quidem
851 858 1050 897 decumae
1089 871 1134 896 ac
1175 871 1258 897 non
1290 858 1398 897 bona
1429 858 1629 898 venibant
1659 865 1881 909 aratorum,

129 926 174 961 ut
202 919 384 974 pluribus
414 917 628 970 aliquanto
665 919 886 959 medimnis
927 920 1122 960 decumas
1164 926 1368 967 emerent,
1415 934 1539 974 quam
1581 920 1725 973 iugera
1766 929 1883 964 erant
1900 938 1932 965 10

129 983 241 1023 sata?
297 980 341 1018 In
371 979 574 1019 Leontino
608 980 797 1033 iugerum
830 982 1080 1034 subscriptio
1117 995 1164 1022 ac
1195 982 1400 1035 professio
1431 996 1515 1023 non
1556 988 1619 1022 est
1649 983 1743 1035 plus
1783 988 1882 1031 ᾖ

128 1042 304 1083 XLVIII.
343 1041 553 1081 Decumae
583 1054 714 1085 xxxvi
747 1043 1001 1083 medimnum
1041 1044 1274 1084 venierunt.
1332 1044 1496 1084 Erravit
1536 1049 1608 1084 aut
1647 1048 1784 1098 potius
1822 1049 1885 1089 in-

128 1103 273 1145 sanivit
300 1103 537 1157 Apronius?
568 1105 692 1144 immo
726 1110 810 1144 tum
841 1106 1077 1152 insanisset,
1109 1107 1143 1145 si
1175 1107 1407 1146 aratoribus
1439 1107 1494 1154 id,
1527 1107 1640 1161 quod
1673 1108 1884 1161 deberent,

127 1165 279 1205 licitum
311 1170 420 1205 esset
460 1171 499 1205 et
529 1179 636 1213 non,
681 1168 791 1220 quod
824 1168 1033 1220 Apronius
1074 1168 1340 1221 imperasset,
1379 1183 1552 1209 necesse
1589 1169 1736 1211 fuisset
1774 1173 1885 1215 dare.

128 1224 215 1266 114.
247 1227 289 1266 Si
322 1228 537 1268 ostendam
570 1229 706 1269 minus
739 1230 866 1269 tribus
899 1230 1120 1270 medimnis
1161 1231 1204 1270 in
1243 1232 1433 1284 iugerum
1473 1231 1683 1272 neminem
1721 1235 1938 1278 dedissem

124 1290 341 1337 decumae,
382 1292 611 1338 concedes,
643 1292 811 1345 opinor,
843 1298 888 1331 ut
919 1306 1011 1331 cum
1043 1292 1218 1333 decumo
1248 1293 1407 1333 fructus
1439 1293 1636 1334 arationis
1667 1305 1886 1352 perceptus

125 1351 188 1398 sit,
220 1352 431 1392 neminem
463 1353 601 1393 minus
632 1354 762 1394 tribus
795 1354 979 1394 decumis
1012 1354 1191 1395 dedisse.
1237 1357 1374 1409 Atque
1404 1356 1483 1395 hoc
1514 1356 1556 1395 in
1581 1356 1772 1399 beneficii
1794 1361 1887 1403 loco

120 1414 294 1467 petitum
325 1420 389 1454 est
418 1415 467 1454 ab
497 1416 709 1468 Apronio,
752 1422 797 1456 ut
827 1417 870 1456 in
900 1417 1044 1469 iugera
1084 1417 1249 1470 singula
1278 1419 1407 1458 ternis
1438 1418 1661 1459 medimnis
1693 1421 1888 1464 decidere

121 1476 275 1517 liceret.
335 1478 437 1516 Nam
469 1491 563 1517 cum
595 1492 618 1518 a
649 1479 789 1519 multis
822 1484 1044 1533 quaterna,
1086 1481 1209 1519 etiam
1247 1480 1377 1533 quina
1418 1481 1706 1534 exigerentur,
1748 1486 1887 1527 multis

121 1544 259 1579 autem
289 1552 375 1578 non
405 1540 530 1580 modo
561 1553 735 1593 granum
766 1542 940 1589 nullum,
972 1542 1046 1581 sed
1077 1555 1129 1581 ne
1160 1542 1308 1595 paleae
1341 1543 1510 1597 quidem
1538 1557 1590 1583 ex
1619 1545 1732 1584 omni
1752 1546 1888 1588 fructu
1903 1561 1938 1589 20

120 1606 245 1654 atque
291 1616 344 1641 ex
384 1615 523 1642 annuo
564 1603 706 1643 labore
743 1604 1100 1657 relinquerentur,
1142 1609 1229 1644 tum
1269 1611 1453 1646 aratores
1493 1606 1774 1661 Centuripini,
1817 1611 1887 1664 qui

121 1678 320 1704 numerus
352 1665 395 1704 in
427 1679 525 1718 agro
557 1666 764 1705 Leontino
796 1667 1003 1706 maximus
1045 1672 1127 1714 est,
1165 1681 1293 1707 unum
1333 1668 1375 1706 in
1415 1668 1552 1709 locum
1583 1678 1888 1712 convenerunt:

119 1726 330 1767 hominem
362 1741 461 1767 suae
493 1728 672 1768 civitatis
703 1729 746 1767 in
778 1729 924 1781 primis
954 1729 1176 1769 honestum
1207 1743 1254 1770 ac
1285 1730 1481 1780 nobilem,
1511 1733 1753 1773 Andronem
1786 1734 1889 1775 Cen-

120 1790 370 1843 turipinum,
403 1790 596 1843 legarunt
626 1791 676 1830 ad
708 1791 964 1844 Apronium,
997 1791 1198 1839 eundem,
1241 1806 1365 1846 quem
1397 1794 1477 1834 hoc
1508 1800 1695 1849 tempore
1727 1795 1777 1835 ad
1807 1796 1888 1837 hoc

120 1851 321 1892 iudicium
354 1851 535 1905 legatum
568 1859 607 1893 et
639 1858 787 1893 testem
820 1853 1091 1906 Centuripina
1132 1854 1273 1894 civitas
1313 1855 1447 1903 misit,
1491 1863 1537 1896 ut
1574 1858 1610 1897 is
1647 1858 1755 1911 apud
1792 1872 1887 1899 eum
1902 1872 1938 1901 25

121 1927 286 1954 causam
318 1919 526 1955 aratorum
559 1921 699 1968 ageret
729 1916 779 1955 ab
812 1930 945 1969 eoque
977 1921 1150 1968 peteret,
1182 1922 1229 1956 ut
1258 1918 1308 1957 ab
1340 1918 1570 1958 aratoribus
1604 1920 1887 1975 Centuripinis

119 1989 172 2015 ne
205 1976 384 2029 amplius
416 1977 459 2016 in
490 1977 634 2030 iugera
672 1978 835 2030 singula
872 1991 997 2031 quam
1028 1984 1145 2018 terna
1174 1980 1385 2019 medimna
1417 1980 1615 2033 exigeret.
1678 1980 1767 2023 115.
1799 1985 1887 2025 Hoc

119 2038 191 2078 vix
220 2038 271 2078 ab
302 2039 489 2092 Apronio
521 2040 564 2079 in
596 2054 756 2080 summo
787 2038 992 2079 beneficio
1033 2054 1107 2094 pro
1138 2041 1210 2089 iis,
1252 2042 1323 2095 qui
1365 2043 1488 2082 etiam
1528 2049 1614 2083 tum
1654 2046 1886 2088 incolumes

121 2105 250 2148 erant,
282 2101 548 2154 impetratum
580 2108 654 2142 est.
701 2102 745 2141 Id
778 2116 870 2142 cum
901 2102 1210 2156 impetrabatur,
1239 2104 1319 2144 hoc
1350 2105 1546 2146 videlicet
1575 2108 1885 2161 impetrabatur‚

120 2169 164 2202 ut
194 2176 268 2217 pro
301 2163 476 2216 singulis
508 2165 693 2204 decumis
732 2171 868 2204 ternas
913 2165 1108 2205 decumas
1152 2165 1249 2205 dare
1281 2166 1439 2206 liceret.
1500 2168 1622 2216 Quod
1654 2170 1687 2209 si
1719 2175 1789 2210 tua
1818 2185 1885 2211 res
1898 2181 1934 2212 3ο

119 2238 204 2265 non
235 2231 441 2279 ageretur,
480 2240 503 2266 a
533 2232 572 2266 te
603 2227 742 2281 potius
773 2227 1044 2280 postularent,
1075 2241 1127 2267 ne
1158 2228 1338 2281 amplius
1372 2242 1497 2283 quam
1527 2231 1727 2285 singulas,
1759 2247 1885 2286 quam

119 2287 168 2327 ab
209 2287 419 2341 Apronio,
458 2294 508 2328 ut»
542 2303 594 2329 ne
635 2289 727 2343 plus
765 2303 888 2343 quam
930 2294 1068 2329 ternas
1100 2290 1295 2330 decumas
1327 2291 1484 2332 darent.
1542 2295 1683 2342 Nunc,
1728 2300 1776 2335 ut
1803 2296 1885 2336 hoc

118 2354 306 2404 tempore
338 2364 400 2399 ea,
432 2364 539 2404 quae
570 2352 683 2405 regie
715 2365 790 2392 seu
820 2352 960 2405 potius
991 2353 1206 2406 tyrannice
1232 2355 1376 2393 statuit
1395 2354 1438 2393 in
1459 2361 1640 2396 aratores
1661 2358 1884 2411 Apronius,

119 2414 446 2465 praetermittam
476 2427 614 2467 neque
646 2427 717 2454 eos
749 2415 970 2468 appellem,
1001 2428 1025 2454 a
1055 2415 1208 2468 quibus
1239 2430 1361 2456 omne
1390 2416 1643 2458 frumentum
1675 2421 1825 2475 eripuit
1845 2428 1885 2462 et

121 2475 271 2529 quibus
302 2475 409 2516 nihil
438 2489 525 2516 non
555 2477 681 2516 modo
713 2477 764 2516 de
794 2477 952 2524 fructu,
993 2477 1065 2517 sed
1096 2491 1148 2517 ne
1179 2477 1230 2518 de
1259 2478 1382 2519 honis
1413 2479 1583 2533 quidem
1614 2482 1699 2522 suis
1729 2483 1933 2537 reliquias

207 2660 237 2691 1.
266 2660 399 2692 decumo
423 2659 454 2699 4,
481 2660 522 2692 F:
549 2661 670 2693 decimo
694 2660 779 2693 dett.
801 2679 836 2685 —
856 2662 886 2693 2.
913 2664 1022 2693 tamen
1043 2663 1080 2702 fit
1103 2662 1211 2703 [342;
1237 2666 1306 2695 tum
1327 2664 1390 2704 fuit
1413 2664 1502 2705 [329
1528 2666 1562 2697 et
1585 2666 1604 2697 5
1629 2665 1695 2697 alii.
1717 2684 1752 2688 —
1772 2666 1802 2698 3.
1820 2667 1884 2698 sint

121 2709 210 2750 [329
227 2708 331 2743 42Ατ
367 2713 441 2741 sunt
463 2709 537 2741 rell.
565 2711 601 2742 O.
631 2729 665 2733 —-
693 2711 724 2743 4.
750 2712 836 2742 mille
868 2710 969 2751 [342.
999 2727 1034 2734 -
1061 2714 1206 2744 modium
1228 2713 1320 2754 [342
1338 2715 1376 2746 N.
1406 2732 1441 2736 —
1468 2716 1499 2746 5.
1525 2718 1626 2746 essent
1650 2715 1755 2756 [342;
1788 2720 1885 2748 erant

120 2757 193 2790 rell.
220 2759 257 2791 Ο.
286 2777 322 2782 -
348 2759 379 2791 7.
405 2760 520 2800 iuqero
542 2761 583 2798 N,
609 2761 671 2800 [31
695 2760 735 2793 14
752 2762 792 2793 29
811 2760 850 2793 42
868 2759 926 2798 48,
954 2760 1027 2799 alii,
1062 2764 1162 2794 Arus.
1189 2764 1232 2795 M.
1258 2773 1293 2805 p.
1320 2764 1400 2796 23οε
1434 2765 1547 2805 iugero
1570 2766 1607 2797 Ο.
1635 2782 1671 2788 -
1704 2770 1886 2798 exararent

121 2807 210 2848 [342
228 2818 270 2848 φ,
296 2809 398 2841 Arus.
418 2810 482 2841 M.:
509 2813 647 2841 ararent
670 2811 709 2850 N,
736 2810 810 2842 rell.
837 2810 874 2841 Ο.
894 2828 928 2832 —-
947 2810 1058 2851 iuyere
1074 2812 1111 2843 O.
1134 2830 1169 2835 —
1188 2813 1355 2852 oportebat
1371 2812 1481 2854 [342;
1501 2815 1624 2854 poterit
1639 2814 1731 2853 rell.;
1752 2820 1886 2855 poterat

122 2856 159 2888 Ο.
186 2875 221 2880 -
247 2858 279 2891 8.
306 2859 495 2891 extulissent
518 2859 620 2899 [342.
649 2878 684 2883 -
711 2861 743 2892 9.
770 2860 958 2892 decumanis
981 2860 1091 2900 [342ῑ
1123 2862 1294 2894 decumani
1319 2865 1377 2895 ctt.
1404 2864 1442 2895 Ο.
1472 2882 1507 2887 -
1532 2864 1684 2896 venibant
1707 2865 1749 2896 L:
1775 2866 1885 2897 venie-

121 2904 200 2940 bant
222 2908 325 2940 codd.
353 2925 390 2931 —-
420 2909 473 2940 40.
498 2910 680 2941 medimnus
710 2911 813 2950 Lagg.
847 2911 990 2951 praeter
1014 2909 1065 2941 42.
1095 2928 1130 2932 -
1155 2916 1296 2944 emerent
1326 2911 1434 2953 [342;
1470 2918 1589 2945 emeret
1618 2916 1675 2945 ctt.
1703 2914 1738 2945 O.
1768 2932 1802 2936 —
1831 2916 1882 2947 Η.

117 2964 315 3004 proscriptio
339 2964 441 3004 [329.
470 2982 505 2986 -
532 2973 572 2995 ac
602 2973 670 2996 om.
698 2964 799 3005 [342.
828 2983 862 2987 —
889 2967 977 2997 XXX
1004 2966 1106 2997 codd.
1143 2967 1217 3006 (sed
1247 2977 1288 2999 ex
1319 2969 1420 3008 Lagg.
1455 2968 1550 3000 solus
1581 2969 1622 3001 42
1653 2978 1733 3002 cum
1762 2969 1882 3010 linea):

121 3010 208 3044 XXX
225 3014 354 3046 milium
377 3015 414 3045 O.
441 3030 478 3036 —
503 3015 555 3045 12.
581 3014 711 3046 XXYVI
733 3016 818 3055 (sine
842 3014 976 3055 lineola)
1003 3016 1040 3047 O.
1062 3033 1097 3038 ——
1115 3018 1201 3048 mod.
1228 3017 1336 3058 [342;
1363 3018 1535 3049 medimnis
1549 3017 1622 3050 rell.
1645 3035 1679 3041 —
1700 3022 1757 3049 aut
1773 3019 1883 3059 [342;

124 3069 168 3092 an
188 3061 262 3095 rell.
289 3063 327 3095 Ο.
354 3080 392 3086 -
419 3062 470 3094 13.
496 3063 598 3095 nimio
621 3073 695 3096 cum
718 3065 778 3096 ins.
806 3064 908 3105 [342.
930 3082 964 3087 —-
991 3065 1024 3095 id
1055 3064 1162 3105 [342;
1195 3075 1265 3098 om.
1293 3068 1351 3098 ctt.
1378 3067 1415 3098 Ο.
1444 3085 1478 3089 -
1506 3068 1558 3099 15.
1585 3069 1751 3100 ostendam
1775 3067 1883 3108 Lg42:

125 3112 252 3143 ostendo
268 3111 342 3145 rell.
362 3114 400 3145 Ο.
422 3129 456 3134 —-
477 3113 530 3144 ⁴6.
556 3114 689 3145 decumo
713 3114 803 3155 [342
827 3125 875 3154 cp:
902 3115 1081 3146 decumano
1104 3114 1178 3147 rell.
1200 3135 1235 3139 —
1254 3117 1306 3148 47.
1332 3117 1425 3156 atqui
1448 3117 1526 3149 cod.
1553 3118 1630 3149 Hot.
1660 3136 1694 3140 —-
1722 3117 1774 3148 49.
1801 3126 1888 3156 qua-

126 3162 219 3192 terna
234 3163 408 3194 —-mulcis
431 3171 500 3195 om.
527 3163 629 3204 [342.
658 3182 693 3188 —-
719 3165 772 3197 20.
797 3175 864 3197 non
886 3165 981 3196 modo
1005 3164 1036 3202 4,
1063 3174 1112 3203 φῖ
1145 3175 1211 3197 non
1233 3165 1337 3197 solum
1362 3165 1446 3198 dett.
1475 3185 1510 3189 —
1536 3167 1662 3198 nullum
1686 3166 1775 3207 [342
1793 3169 1819 3198 Α
1836 3176 1885 3206 cp:

126 3216 228 3240 unum
250 3211 355 3252 [327;
387 3211 491 3243 ullum
516 3211 590 3244 rell.
619 3230 654 3236 —
679 3213 733 3245 24.
765 3215 887 3254 annuo]
919 3214 1007 3246 omni
1030 3213 1132 3254 [342.
1162 3231 1196 3237 -
1225 3215 1304 3256 tum]
1329 3219 1438 3248 tamen
1462 3215 1563 3257 [342.
1591 3233 1628 3240 -
1655 3215 1708 3247 24.
1735 3216 1889 3256 legarunt

128 3256 173 3287 ad
193 3257 272 3297 Apr.
297 3267 366 3292 om.
392 3262 482 3302 [329
502 3264 527 3295 A
546 3263 583 3294 B.
613 3281 648 3286 -
673 3265 819 3303 eundem,
847 3274 941 3305 quem
963 3267 1007 3296 A:
1035 3265 1234 3304 eundemque
1255 3264 1328 3296 rell.
1359 3283 1391 3289 -
1419 3266 1473 3297 25.
1500 3269 1529 3297 et
1552 3275 1607 3298 om
1633 3265 1767 3306 [329Α
1783 3265 1820 3297 B.
1849 3283 1884 3287 —

128 3305 182 3336 26.
198 3306 287 3338 abeo
299 3310 354 3348 qui
366 3310 467 3351 [342.
481 3313 584 3344 -27,
602 3313 636 3344 in
652 3321 721 3345 om.
740 3314 843 3354 [342.
858 3314 956 3346 -28,
972 3314 1020 3345 his
1042 3314 1080 3351 B,
1107 3314 1208 3354 [342.
1224 3314 1324 3346 -29.
1338 3314 1397 3346 hoc
1418 3315 1485 3347 vid.
1512 3314 1613 3355 [342.
1635 3331 1670 3336 -
1691 3312 1743 3346 34.
1770 3315 1890 3354 eripuit

130 3362 199 3388 om.
225 3356 325 3398 [329.
352 3358 433 3400 [non
455 3370 478 3394 a
500 3364 580 3395 ante
604 3363 730 3404 quibus,
755 3366 794 3396 ut
817 3365 864 3396 ait
886 3365 936 3403 Z.,
963 3363 1057 3404 quod
1082 3364 1117 3395 L.
1137 3364 1258 3404 (1566.)
1283 3373 1367 3405 om.‚
1393 3366 1432 3398 ut
1446 3364 1545 3398 Nieb.
1571 3365 1669 3397 recte
1685 3362 1888 3406 adnotavit]
