2143 3713
243 191 324 233 500
784 191 982 233 ORATIO
1014 192 1116 233 PRO
1147 194 1194 233 A.
1226 192 1452 234 CAECINA

241 310 336 345 tuus
369 303 538 350 vilicus,
570 316 656 342 non
703 304 738 343 si
768 305 826 344 tui
861 305 967 344 servi
1009 317 1133 358 quam
1175 305 1209 344 si
1250 304 1375 344 alieni
1416 318 1462 343 ac
1501 303 1797 351 mercennarii,
1828 318 1913 344 non
1952 305 1986 345 si

241 371 336 405 tuus
372 370 618 418 procurator
650 379 774 419 quam
813 367 847 405 si
885 366 1045 405 vicinus
1076 370 1148 404 aut
1177 365 1349 406 libertus
1375 372 1494 414 tuus,
1534 379 1618 405 non
1657 366 1690 405 si
1730 367 1882 406 coactis
1911 367 1988 407 ho-

238 427 418 467 minibus
459 441 583 479 quam
623 429 656 468 si
698 428 944 468 voluntariis
983 433 1053 467 aut
1084 428 1206 466 etiam
1236 430 1412 469 assiduis
1443 443 1491 468 ac
1522 427 1785 475 domesticis,
1828 441 1913 467 non
1952 428 1985 467 si

238 491 405 529 armatis
437 502 561 542 quam
592 490 626 530 si
657 491 906 537 inermibus,
938 491 1010 543 qui
1034 491 1114 529 vim
1148 495 1398 530 armatorum
1428 491 1628 529 haberent
1657 489 1708 528 ad
1739 489 1986 536 nocendum,

206 559 322 591 5non
364 552 398 592 si
437 552 625 604 pluribus
665 566 789 606 quam
832 554 865 592 si
911 567 994 592 uno
1036 556 1205 590 armato.
1254 550 1415 598 Quibus
1447 552 1556 591 enim
1589 551 1710 590 rebus
1742 550 1986 604 plerumque

235 614 297 654 vis
327 612 373 654 fit
402 614 491 654 eius
522 615 654 662 modi,
688 629 760 655 eae
792 629 856 654 res
888 614 1150 667 appellantur
1181 613 1222 651 in
1252 614 1485 653 interdicto.
1533 616 1573 653 si
1606 627 1680 666 per
1710 613 1810 652 alias
1834 626 1897 652 res
1920 625 1987 652 ea-

236 678 330 717 dem
358 676 466 717 faeta
494 677 556 717 vis
587 682 667 724 est,
700 691 747 717 ea
778 677 940 716 tametsi
962 676 1098 715 verbis
1122 675 1329 715 interdicti
1358 690 1443 715 non
1465 676 1749 722 concluditur,
1782 674 1987 715 sententia

234 745 371 779 tamen
402 739 501 779 iuris
531 744 656 792 atque
688 740 932 778 auctoritate
968 739 1180 777 retinetur.

348 802 501 841 XXIII.
533 800 597 840 64.
631 801 760 841 Venio
792 815 902 840 nunc
933 801 984 840 ad
1015 799 1116 839 illud
1149 807 1287 838 tuum:
1322 802 1438 839 «Non
1470 800 1624 847 deieci,
1655 813 1739 839 non
1767 799 1876 838 enim
1910 798 1985 838 sivi

186 864 472 904 ioaccedere.»
519 864 623 902 Puto
664 869 701 902 te
744 863 900 916 ipsum,
940 863 1056 907 Piso,
1097 862 1354 914 perspicere,
1395 868 1550 914 quanto
1584 863 1661 901 ista
1692 863 1744 901 sit
1773 861 1988 913 angustior

183 1187 219 1216 45

181 1498 218 1528 20

181 1810 217 1839 25

234 926 503 979 iniquiorque
534 924 720 963 defensio
774 938 898 976 quam
937 925 971 963 si
1011 924 1080 962 illa
1114 930 1295 963 uterere:
1338 927 1453 964 «Non
1484 924 1652 964 fuerunt
1681 925 1849 970 armati,
1893 937 1987 962 cum

233 987 410 1027 fustibus
443 993 482 1026 et
513 1000 605 1026 cum
637 985 747 1025 saxis
770 985 974 1025 fuerunt.»
1026 985 1068 1024 Si
1100 985 1334 1025 mehercule
1366 987 1487 1033 mihi,
1519 1000 1602 1026 non
1634 987 1804 1039 copioso
1826 985 1985 1025 homini

232 1049 283 1088 ad
315 1049 558 1095 dicendum,
591 1047 706 1100 optio
738 1047 881 1094 detur,
919 1053 1059 1087 utrum
1091 1048 1230 1087 malim
1264 1049 1509 1095 defendere,
1542 1062 1625 1087 non
1657 1062 1747 1087 esse
1780 1048 1986 1087 deiectum

233 1125 350 1158 eum,
394 1111 458 1149 cui
499 1110 539 1150 vi
579 1114 620 1149 et
649 1109 773 1148 armis
804 1109 1053 1161 ingredienti
1085 1111 1138 1149 sit
1170 1124 1410 1158 occursum,
1451 1124 1502 1149 an
1534 1116 1711 1150 armatos
1742 1124 1826 1149 non
1856 1109 1985 1149 fuisse

233 1186 326 1220 eos,
359 1172 429 1225 qui
460 1172 549 1212 sine
580 1172 706 1211 scutis
736 1172 912 1224 sineque
940 1172 1048 1211 ferro
1075 1171 1252 1218 fuerint,
1285 1173 1453 1212 omnino
1476 1173 1527 1211 ad
1550 1171 1809 1224 probandum
1835 1177 1987 1211 utram-

233 1249 314 1288 que
353 1248 439 1273 rem
483 1234 646 1274 videam
677 1233 881 1287 infirmam
912 1233 1256 1287 nugatoriamque
1289 1248 1400 1280 esse,
1440 1234 1491 1273 ad
1522 1234 1744 1273 (licendum
1775 1239 1911 1273 antem
1944 1235 1985 1273 in

231 1297 360 1337 altera
388 1296 531 1336 videar
560 1296 661 1336 mihi
694 1296 854 1350 aliquid
886 1297 1068 1350 reperire
1104 1310 1251 1349 posse,
1293 1310 1375 1335 non
1406 1296 1535 1335 fuisse
1568 1301 1745 1335 armatos
1777 1309 1870 1343 eos,
1913 1295 1985 1349 qui

231 1372 367 1412 neque
399 1358 495 1398 ferri
528 1359 757 1412 quidquam
788 1372 926 1411 neque
959 1364 1119 1398 scutum
1147 1359 1277 1398 ullum
1299 1358 1542 1398 habuerint:
1573 1358 1641 1398 hic
1662 1371 1758 1398 vero
1780 1358 1985 1405 haeream,

231 1422 265 1462 si
296 1422 398 1461 mihi
419 1420 726 1461 defendendum
758 1421 828 1467 sit,
861 1434 975 1469 eum,
1008 1422 1078 1474 qui
1108 1422 1254 1474 pulsus
1275 1422 1524 1475 fugatusque
1548 1423 1621 1469 sit,
1653 1435 1738 1461 non
1760 1434 1851 1461 esse
1873 1420 1986 1460 deie-

232 1490 357 1524 ctum.
405 1482 471 1523 δῦ.
502 1484 639 1536 Atque
669 1483 774 1522 illud
805 1483 847 1521 in
878 1489 963 1523 tota
994 1483 1237 1523 defensione
1268 1490 1337 1524 tua
1368 1484 1466 1523 mihi
1498 1484 1678 1523 maxime
1701 1483 1850 1523 mirum
1870 1481 1986 1522 vidc-

229 1547 373 1594 batur,
405 1551 444 1586 te
477 1546 614 1585 dicere
645 1546 747 1585 iuris
779 1546 1062 1585 consultorum
1096 1546 1329 1585 auctoritati
1361 1547 1635 1598 obtemperari
1665 1559 1748 1585 non
1780 1550 1984 1598 oportere.

233 1608 358 1656 Quod
399 1621 475 1661 ego
514 1607 678 1647 tametsi
709 1621 793 1646 non
826 1621 935 1646 nune
971 1609 1149 1661 primum
1181 1622 1317 1662 neque
1350 1609 1390 1647 in
1420 1608 1496 1648 hae
1528 1622 1650 1648 causa
1681 1608 1816 1647 solum
1846 1606 1984 1652 audio,

233 1677 369 1711 tamen
409 1669 634 1710 admodum
674 1670 870 1715 mirabar,
913 1671 985 1710 abs
1028 1676 1066 1710 te
1108 1685 1231 1724 quam
1263 1671 1314 1709 ob
1346 1684 1431 1709 rem
1464 1671 1681 1709 diceretur.
1727 1671 1829 1709 Nam
1860 1668 1984 1708 ceteri

230 1738 317 1773 tum
348 1732 399 1773 ad
431 1734 549 1772 istam
579 1732 810 1772 orationem
843 1731 1089 1780 decurrunt,
1132 1748 1225 1772 rum
1257 1747 1300 1772 se
1332 1733 1375 1771 in
1407 1746 1530 1771 causa
1560 1738 1706 1785 putant
1734 1732 1887 1771 habere
1917 1744 1985 1769 ac-

232 1809 361 1847 quum
392 1800 432 1834 et
460 1795 617 1834 bonum
648 1794 761 1847 quod
793 1794 1031 1834 defendant.
1083 1796 1123 1834 Si
1158 1800 1303 1834 contra
1333 1794 1468 1834 verbis
1501 1799 1541 1833 et
1570 1794 1717 1833 litteris
1746 1798 1806 1841 et,
1837 1798 1883 1832 ut
1903 1793 1983 1833 dici

231 1856 358 1903 solet,
391 1869 550 1895 summo
582 1856 671 1895 iure
704 1856 990 1904 contenditur,
1023 1858 1157 1897 solent
1187 1858 1276 1896 eius
1307 1856 1421 1896 modi
1451 1856 1660 1909 iniquitati
1683 1857 1804 1908 aequi
1827 1860 1867 1895 et
1885 1855 1985 1894 honi

232 1932 383 1958 nomen
414 1918 743 1972 dignitatemque
775 1932 1001 1972 opponere.
1057 1921 1160 1959 Tum
1203 1919 1329 1967 illud,
1371 1919 1481 1973 quod
1513 1919 1684 1966 dicitur,
1726 1932 1837 1966 srvE,
1875 1930 1984 1964 MVE,

319 2112 349 2142 4.
374 2112 489 2142 vilicus
511 2112 556 2142 P:
593 2112 719 2143 villicus
742 2113 764 2142 A
781 2110 890 2144 [ΕΟ.
929 2112 980 2143 Cf.
1006 2112 1037 2152 5.
1063 2112 1115 2143 55.
1154 2129 1188 2134 —-
1222 2111 1442 2142 mercennarii
1467 2111 1490 2141 Ε
1505 2112 1528 2142 Α
1556 2112 1588 2141 ct
1615 2119 1684 2149 mg.
1711 2110 1751 2144 8:
1786 2111 1984 2143 mercenarii

233 2160 289 2194 ΒΕ
305 2162 342 2191 Ο.
368 2161 418 2191 De
442 2161 466 2191 T
492 2160 685 2193 Harlessius
710 2160 797 2193 silet.
825 2161 874 2192 (ᾄῖ.
902 2161 931 2201 5.
951 2162 1004 2193 58.
1034 2180 1068 2184 -
1096 2161 1126 2193 4.
1154 2170 1253 2200 quam
1276 2161 1390 2191 ἄνιθι-ιη.
1420 2162 1499 2199 (om.
1525 2161 1564 2199 si)
1592 2170 1608 2190 a
1624 2161 1675 2191 ek
1694 2161 1786 2201 mgt
1810 2162 1843 2192 et
1866 2162 1903 2192 A.
1932 2161 1984 2200 (In

232 2212 243 2241 t
269 2208 465 2250 suppletum
493 2212 545 2241 est
567 2211 594 2241 si
617 2219 636 2241 a
661 2219 730 2242 sec.
758 2210 817 2248 m.)
846 2228 880 2232 —
917 2211 1049 2241 inermis
1072 2220 1090 2241 a
1107 2219 1159 2250 eq
1176 2212 1197 2242 t.
1237 2209 1285 2241 Cf.
1312 2209 1342 2249 5.
1369 2209 1419 2240 33.
1461 2227 1494 2230 -
1532 2212 1738 2240 armamrum
1760 2209 1913 2241 haberent
1935 2210 1981 2240 P:

231 2259 384 2290 haberent
407 2262 614 2291 armatormn
638 2261 660 2290 11
677 2262 701 2291 Α
718 2261 740 2291 L
755 2259 775 2293 ΣΕ
791 2261 827 2291 Ο.
856 2278 890 2281 —
924 2262 955 2291 5.
981 2270 1046 2291 vno
1070 2269 1138 2291 om.
1167 2262 1200 2290 P.
1230 2278 1264 2281 —-
1302 2260 1332 2290 6.
1358 2268 1415 2290 eae
1440 2260 1461 2289 P
1476 2259 1528 2289 ak
1543 2261 1603 2290 mt
1626 2260 1660 2289 ct.
1683 2259 1726 2290 O:
1758 2259 1818 2291 hae
1841 2259 1983 2292 ETMI)

233 2317 286 2348 ep
301 2317 321 2347 q
337 2306 399 2346 αβ
429 2309 463 2339 et
492 2310 557 2340 AL
574 2308 607 2342 8.
646 2311 791 2341 Comma
816 2311 933 2340 autem
958 2310 1211 2348 Wesenbergio
1237 2311 1378 2340 auctore
1406 2308 1459 2348 (ad
1484 2318 1533 2339 or.
1561 2317 1593 2349 p.
1619 2309 1729 2339 Sestio
1753 2317 1786 2349 p.
1812 2308 1878 2348 27.)
1903 2316 1984 2340 cum

232 2357 378 2389 Iordano
403 2359 480 2389 ante
506 2359 596 2390 lianc
621 2367 745 2389 vocem
770 2359 887 2399 posui,
915 2359 1007 2398 quod
1034 2360 1166 2399 priores
1192 2358 1342 2390 editores
1366 2360 1445 2399 post
1467 2367 1498 2389 v.
1524 2359 1560 2398 fil
1584 2360 1783 2398 posuerant.
1808 2376 1842 2380 —
1869 2358 1985 2398 appel-

232 2407 345 2438 lantur
366 2408 397 2438 in
422 2408 592 2439 interdicto
616 2410 639 2439 P
654 2409 677 2439 1⁴]
691 2409 714 2439 T
733 2411 767 2439 et
783 2411 825 2439 O:
852 2409 1061 2447 appellantur
1085 2409 1253 2440 interdicto
1280 2410 1358 2448 (om.
1378 2408 1422 2446 in)
1442 2409 1464 2438 lt
1480 2409 1505 2438 A
1519 2409 1542 2439 L
1556 2406 1589 2441 ss.
1618 2408 1667 2439 Cf.
1688 2416 1720 2448 p.
1739 2407 1813 2440 499.
1831 2416 1864 2439 v.
1879 2408 1981 2439 26.—

232 2458 360 2489 easdem
383 2466 482 2489 erasa
507 2458 619 2490 littera
642 2467 656 2489 s
673 2459 708 2489 E.
725 2477 759 2480 —
786 2459 816 2488 7.
842 2459 999 2489 sementia
1022 2462 1127 2489 (auten
1147 2460 1189 2490 P:
1217 2462 1325 2490 lanzen
1341 2458 1499 2489 senlenlia
1523 2459 1546 2489 11
1560 2460 1585 2489 Α
1601 2459 1623 2489 L
1638 2457 1657 2491 8
1673 2458 1710 2489 Ο.
1728 2475 1762 2479 -
1789 2458 1820 2489 8.
1845 2458 1986 2490 contine-

232 2510 287 2538 tur
309 2508 346 2538 L.
375 2525 409 2529 »-
437 2508 466 2539 9.
492 2518 557 2539 non
580 2508 666 2539 enim
688 2508 747 2538 siri
772 2510 794 2539 P
808 2508 832 2539 E
846 2509 890 2538 T:
920 2508 947 2538 si
971 2509 1055 2539 enim
1078 2509 1137 2539 siz-i
1161 2510 1208 2540 M:
1240 2509 1266 2539 si
1290 2508 1374 2539 enim
1398 2508 1447 2538 sui
1471 2509 1493 2537 G
1510 2516 1567 2547 pa
1594 2508 1673 2547 (mg.
1700 2507 1747 2546 t)·,
1784 2508 1811 2537 si
1833 2516 1899 2539 non
1921 2507 1985 2539 siui

234 2566 252 2587 a
266 2556 288 2588 b
303 2566 321 2588 e
335 2558 355 2588 k
370 2566 403 2589 m
418 2567 439 2598 q
454 2559 464 2588 t
482 2558 561 2597 (mg.
580 2559 611 2589 M
625 2558 656 2598 p)
683 2559 717 2588 et
740 2559 764 2588 L
778 2558 799 2590 R
815 2559 858 2594 03
884 2566 910 2588 ει
933 2567 997 2589 non
1020 2559 1081 2589 siz-i
1104 2567 1175 2589 eum
1192 2560 1215 2589 Α
1232 2568 1237 2595 3
1264 2559 1317 2589 sed
1340 2567 1403 2588 non
1420 2557 1482 2587 siui
1502 2566 1574 2587 eum
1589 2556 1630 2595 Ao'q
1656 2557 1683 2587 si
1705 2557 1791 2588 enim
1812 2557 1863 2588 sui
1886 2558 1911 2588 G
1925 2565 1945 2598 p
1959 2566 1985 2588 α

234 2607 313 2647 (mg.
334 2607 368 2646 t).
396 2625 430 2628 —-
460 2608 512 2638 Ἠ.
537 2608 565 2638 si
588 2616 657 2638 oin.
676 2609 715 2639 A.
736 2625 770 2628 —
798 2611 928 2638 armato
950 2609 985 2639 T.
1006 2625 1040 2629 —-
1067 2617 1141 2639 eum
1163 2608 1300 2647 fustibus
1323 2611 1351 2637 et
1374 2616 1447 2638 cum
1470 2607 1562 2637 saris
1585 2607 1608 2637 1⁴:
1623 2607 1646 2636 T
1661 2606 1702 2637 O:
1730 2615 1827 2646 quom
1848 2606 1986 2646 fustibus

231 2660 260 2687 et
288 2665 385 2694 quom
413 2657 505 2688 samis
535 2655 647 2688 littera
677 2667 695 2688 o
724 2656 777 2688 bis
808 2659 977 2698 expuncta
1003 2660 1026 2689 P
1057 2658 1109 2695 (cf.
1135 2667 1198 2698 pro
1224 2657 1380 2695 QuInctio
1405 2656 1436 2697 ἓ.
1463 2657 1546 2696 68.);
1583 2665 1656 2686 cum
1683 2655 1820 2695 fustibus
1842 2659 1872 2687 et
1892 2656 1985 2687 saxis

232 2706 256 2736 R
270 2704 382 2739 ALQ.
412 2724 446 2727 —
485 2706 535 2736 4⁹2.
562 2706 608 2744 Si]
633 2707 696 2737 Sed
720 2707 757 2736 Α.
787 2724 820 2728 -
856 2705 906 2736 tt.
933 2706 996 2747 eui]
1022 2708 1077 2746 (sui
1101 2709 1136 2738 P.
1169 2706 1217 2738 tls.
1245 2709 1275 2745 5.
1304 2707 1354 2737 45.
1384 2724 1417 2728 ——
1456 2707 1506 2737 «15.
1533 2706 1662 2745 sineque
1686 2707 1731 2737 P:
1767 2714 1807 2737 ac
1829 2706 1896 2737 sine
1919 2707 1983 2737 ΚΑ

233 2754 343 2787 Leo.
372 2772 407 2776 —
429 2754 638 2792 probandam
661 2756 697 2785 T.
726 2772 761 2776 —
789 2755 839 2786 47.
865 2756 1006 2786 alteram
1030 2758 1064 2787 P.
1094 2774 1128 2778 ἡ
1154 2756 1320 2795 repperire
1345 2755 1379 2786 E.
1407 2755 1456 2786 (Is.
1484 2755 1513 2794 5.
1533 2756 1585 2786 61.
1615 2771 1649 2777 -
1677 2756 1730 2787 118.
1755 2755 1929 2795 quicquam
1945 2756 1980 2786 P.

234 2820 268 2824 ——
287 2803 340 2833 ⁵221.
359 2805 566 2842 optempcra.
585 2829 591 2835 .
613 2805 653 2839 1²2
680 2806 899 2844 optemperare
913 2806 938 2835 T
957 2806 1088 2845 (deerat
1106 2806 1191 2836 haee
1209 2805 1308 2836 lectio
1327 2805 1358 2835 ln
1372 2806 1589 2836 Mommsenii
1608 2806 1764 2843 schedis;
1785 2806 1826 2836 cs.
1846 2805 1876 2845 g.
1893 2804 1979 2844 40.);

230 2851 452 2890 obtemperare
476 2861 494 2882 a
520 2855 553 2883 et
577 2862 646 2893 mg.
673 2853 705 2886 8.
736 2872 769 2875 —
804 2855 856 2885 22.
890 2856 980 2893 Qum!
1003 2855 1071 2895 esso]
1105 2856 1190 2894 quod
1215 2855 1258 2892 E,
1296 2854 1358 2885 sed
1388 2863 1444 2893 eqo
1477 2863 1652 2894 supcrscr.
1679 2856 1715 2885 ut
1741 2854 1979 2886 inserendum.

235 2918 268 2921 -<
297 2901 346 2931 253.
373 2902 560 2933 ammodum
584 2904 619 2933 T.
657 2921 691 2925 —
727 2903 778 2935 24.
805 2905 986 2935 oracionem
1016 2906 1040 2935 T
1054 2906 1073 2935 k
1106 2906 1139 2936 et
1167 2913 1234 2944 mg.
1262 2903 1305 2936 ss:
1343 2904 1557 2934 hortulimzem
1580 2904 1766 2937 RALQO.
1805 2903 1982 2936 «Lambini

230 2950 411 2981 oracionem
435 2951 617 2982 confirmat
641 2951 751 2983 codex
775 2953 961 2985 Bam-icus
986 2955 1142 2994 egregie·7
1169 2961 1283 2993 neque
1301 2953 1392 2983 enim
1410 2951 1524 2983 locum
1542 2953 1596 2984 nic
1613 2953 1719 2985 habet
1734 2954 1891 2991 hortatio7
1919 2954 1982 2985 sed

231 2999 450 3039 disputatio.»
477 3003 555 3031 (hm.
574 3002 604 3032 2.
633 3003 682 3033 tlt'.
710 3012 771 3043 pro
797 3002 902 3034 Tullio
927 3006 957 3043 5.
984 3006 1036 3036 55.
1066 3023 1101 3028 —
1128 3006 1179 3036 26.
1206 3004 1272 3034 iuri
1296 3003 1319 3033 1³.
1334 3003 1368 3033 T.
1389 3018 1425 3023 —
1452 3003 1549 3041 aequi
1573 3006 1601 3034 et
1623 3003 1696 3034 boni
1721 3003 1782 3034 ΕΤ
1796 3004 1838 3034 L:
1864 3007 1894 3034 et
1909 3003 1983 3036 boni

229 3053 258 3080 ct
282 3050 377 3088 aequi
402 3051 463 3081 ΚΑ
481 3050 519 3087 {Q
546 3051 619 3082 boni
641 3056 670 3082 et
694 3054 790 3091 aequi
815 3062 894 3085 eum
920 3063 987 3093 mg.
1008 3053 1027 3087 ξ’
1055 3055 1087 3084 et
1112 3055 1258 3084 Grutero
1275 3052 1311 3083 Ο.
1330 3069 1364 3073 ——
1390 3052 1442 3081 27.
1469 3053 1566 3091 quod]
1590 3061 1652 3091 quo
1675 3053 1778 3092 EMp
1805 3053 1886 3091 (see.
1906 3054 1979 3093 nr).

233 3115 268 3119 ——
296 3099 433 3138 dicitur,
466 3100 579 3139 SIVE,
605 3101 725 3139 MVE,
757 3102 895 3134 irrident
918 3113 997 3135 cum
1023 3101 1201 3134 Gulielmio
1226 3103 1270 3132 O:
1300 3101 1419 3131 dicitur
1442 3102 1509 3132 siue
1531 3101 1602 3133 nibe
1631 3101 1767 3132 irrident
1791 3102 1835 3139 V}
1863 3102 1982 3133 (licitur

229 3147 297 3177 siue
321 3148 431 3179 ›iibene
456 3149 535 3187 (non
558 3149 694 3189 meones)
712 3151 852 3183 inrident
870 3153 912 3188 T;
938 3153 1059 3184 divitem·
1081 3152 1107 3183 si
1122 3154 1198 3182 ueni
1214 3150 1289 3182 bene
1308 3151 1443 3181 irrident
1461 3152 1668 3183 Francianus
1685 3151 1835 3187 Graevii;
1861 3152 1981 3183 dicitur

230 3196 257 3225 si
281 3197 352 3226 ueni
376 3197 412 3228 be
434 3198 571 3229 irrident
587 3200 630 3235 1³3
657 3200 796 3231 dicitur:
826 3202 872 3232 sie
893 3204 1017 3233 uenire.
1042 3202 1179 3232 irrident
1202 3201 1246 3237 A3
1280 3200 1414 3237 dicitur,
1441 3209 1564 3231 summo
1587 3200 1671 3236 iure,
1697 3200 1835 3232 irrident
1857 3202 1979 3233 Manu-

233 3244 313 3281 uus;
347 3247 466 3278 dicitur
488 3248 506 3267 ἦ*
530 3248 667 3279 irrident
691 3257 771 3281 cum
796 3250 919 3282 lacuna
943 3252 987 3289 L3
1019 3251 1153 3288 dicitur,
1183 3249 1232 3280 uti
1254 3249 1367 3289 lingua
1388 3250 1613 3288 nuncupassit,
1642 3249 1781 3282 irrident
1804 3258 1885 3284 cum
1907 3250 1979 3285 HO-

233 3294 371 3327 tomano
395 3297 430 3330 ἕ.
463 3298 513 3330 De
537 3296 657 3331 Iltteris
679 3298 696 3330 b
723 3301 757 3332 et
778 3309 797 3332 v
820 3300 911 3333 inter
933 3308 971 3333 se
995 3300 1200 3342 permutatis
1224 3298 1266 3332 ct‘.
1290 3308 1325 3340 p.
1352 3298 1457 3331 Tullio
1481 3300 1511 3340 S.
1537 3300 1590 3333 24.
1615 3298 1667 3332 32.
1692 3297 1747 3334 42.
