2127 3708
689 218 783 259 οη.
813 218 1069 259 vn—vni.
1104 216 1177 271 ὃς.
1209 215 1397 259 47-22.
1861 223 1913 264 35

175 333 414 380 libertinus,
445 331 573 371 cliens
604 335 644 370 et
671 330 889 370 familiaris
920 331 1039 370 istius
1070 330 1151 370 Titi
1182 330 1344 378 Roscii;
1377 335 1418 370 et
1447 333 1611 372 nuntiat
1637 334 1806 375 domum
1827 349 1912 376 non

174 394 271 443 filii,
311 395 383 435 sed
421 393 501 433 Titi
534 392 767 445 CapitoniS,
809 393 988 432 inimici:
1036 398 1096 439 et,
1143 406 1235 432 cum
1274 398 1370 446 post
1398 392 1544 433 horam
1574 396 1747 447 primam
1778 399 1913 438 noctis

176 458 338 497 occisus
369 460 498 501 esset,
530 455 662 507 primo
694 454 878 493 diluculo
908 456 1079 494 nuntius
1109 455 1176 494 hic
1203 456 1411 495 Ameriam
1442 457 1567 496 venit.
1617 459 1770 499 Decem
1797 460 1913 500 horis

175 518 388 559 nocturnis
418 530 492 556 sex
524 521 564 556 et
590 516 894 569 quinquaginta
915 517 1028 556 milia
1049 531 1246 570 passuum
1270 518 1382 558 cisiis
1403 519 1652 571 pervolavit,
1683 534 1768 561 non
1789 524 1913 563 modo

174 587 220 621 ut
249 583 490 632 exoptatum
521 578 690 617 inimico
722 578 912 617 nuntium
944 579 1101 631 primus
1132 580 1319 626 afferret,
1359 580 1431 620 sed
1463 580 1586 620 etiam
1617 595 1805 623 cruorem
1836 586 1915 625 ini·
1947 594 1964 622 5

175 643 270 683 mici
315 654 438 695 quam
479 640 811 680 recentissimum
850 640 1062 694 telumque
1110 642 1234 694 paulo
1274 647 1369 681 ante
1410 654 1431 681 e
1471 655 1645 695 corpore
1685 651 1914 687 extractum

175 704 424 745 ostenderet.
481 701 547 742 ⁶20.
581 703 846 751 Quadriduo,
878 716 961 756 quo
992 703 1096 743 haec
1127 709 1242 756 gesta
1272 708 1390 750 sunt,
1421 717 1487 743 res
1518 705 1570 744 ad
1602 704 1917 760 Chrysogonum

173 768 218 807 in
248 772 381 807 castra
409 767 454 805 L.
478 765 619 805 Sullae
650 764 884 804 Volaterras
916 764 1120 812 desertum
1152 766 1392 819 magnitudo
1425 768 1628 819 pecuniae
1660 768 1917 810 demonstra-

173 835 260 877 tur3
289 829 454 869 bonitas
484 826 751 880 praediorum
780 848 833 854 —
860 839 954 865 nam
974 826 1126 866 fundos
1150 827 1294 867 decem
1316 832 1357 868 et
1377 832 1460 867 tres
1481 828 1669 882 reliquit,
1702 831 1774 884 qui
1797 832 1919 872 Tibe-

172 893 249 931 rim
285 891 372 932 fere
408 903 552 931 omnes
592 894 767 941 tangunt
796 911 867 936 —,
905 888 1030 928 huius
1071 889 1214 941 inopia
1255 895 1296 929 et
1334 890 1517 930 solitudo
1550 900 1968 942 commemoratur34o

173 954 480 1000 demonstrant,
512 966 606 992 cum
635 956 752 1004 pater
780 951 954 990 huiusce
986 952 1081 990 Sex.
1104 952 1301 999 Roscius,
1331 952 1458 992 homo
1490 958 1574 993 tam
1603 955 1848 1007 splendidus
1879 961 1920 995 et

173 1016 400 1069 gratiosus,
439 1014 555 1054 nullo
587 1014 754 1066 negotio
787 1013 840 1052 sit
870 1013 1054 1060 occisus,
1093 1013 1290 1066 perfacile
1320 1014 1433 1054 hunc
1463 1014 1676 1056 hominem
1706 1017 1919 1057 incautum

174 1083 215 1118 et
243 1078 443 1118 rusticum
475 1082 516 1116 et
544 1077 698 1116 Romae
730 1075 918 1127 ignotum
950 1076 999 1114 de
1030 1076 1168 1115 medio
1200 1075 1290 1114 tolli
1321 1089 1458 1129 posse.
1498 1078 1561 1117 Ad
1593 1091 1683 1118 eam
1713 1093 1801 1119 rem
1822 1093 1921 1133 ope-

174 1153 260 1180 ram
290 1153 406 1180 suam
435 1138 699 1192 pollicentur.
758 1139 816 1177 Ne
848 1137 1004 1177 diutius
1035 1143 1224 1184 teneam,
1254 1138 1434 1185 iudices,
1466 1140 1644 1180 societas
1676 1142 1823 1182 coitur.

283 1202 391 1242 VIII.
421 1198 488 1241 21.
532 1200 633 1240 Cum
669 1200 784 1240 nulla
826 1200 907 1240 iam
937 1200 1260 1253 proscriptionis
1291 1201 1448 1241 mentio
1479 1199 1617 1251 fieret,
1659 1217 1753 1244 cum
1784 1205 1972 1253 etiam,45

175 1266 248 1320 qui
284 1270 405 1304 antea
445 1267 697 1310 metuerant,
737 1263 921 1302 redirent
957 1275 1005 1302 ac
1035 1262 1117 1302 iam
1148 1262 1367 1303 defunctos
1399 1277 1490 1304 sese
1520 1266 1720 1318 periculis
1751 1267 1923 1308 arbitra-

173 1331 338 1374 rentur,
377 1339 529 1365 nomen
565 1325 742 1365 refertur
777 1325 820 1364 in
859 1325 1020 1365 tabulas
1062 1325 1178 1364 Sexti
1208 1326 1372 1373 Roscii,
1411 1326 1593 1367 hominis
1625 1329 1921 1370 studiosissimi

172 1388 423 1436 nohilitatis;
454 1400 650 1440 manceps
682 1385 726 1426 fit
758 1386 1074 1440 Chrysogonum
1106 1388 1183 1427 tria
1213 1388 1384 1441 praedia
1413 1389 1480 1428 vel
1509 1389 1773 1432 nobilissima
1803 1392 1925 1446 Capi-

173 1452 262 1492 toni
291 1451 461 1504 propria
491 1450 732 1496 traduntur,
765 1462 873 1503 quae
903 1450 1029 1489 hodie
1058 1450 1268 1502 possidet3
1299 1451 1343 1490 in
1363 1451 1548 1505 reliquas
1571 1466 1715 1494 omnes
1735 1454 1923 1495 fortunas

173 1513 253 1553 iste
283 1513 399 1553 Titus
429 1512 604 1552 Roscius
634 1512 802 1552 nomine
835 1511 1115 1566 Chrysogoni,
1148 1513 1501 1566 quemadmodum
1530 1515 1620 1568 ipse
1642 1517 1762 1566 dicit,
1793 1518 1925 1571 impe·
1937 1526 1973 1556 20

174 1581 262 1615 tum
297 1575 407 1616 facit.
459 1576 574 1615 Haec
609 1575 721 1614 bona
751 1580 944 1614 emuntur
973 1576 1136 1615 duobus
1166 1575 1335 1616 milibus
1366 1589 1595 1618 nummum.
1637 1578 1749 1620 Haec
1771 1581 1924 1628 omnia,

175 1638 360 1685 iudices,
391 1638 654 1691 imprudente
685 1638 730 1676 L.
754 1637 869 1676 Sulla
897 1637 1006 1677 facta
1037 1650 1127 1677 esse
1159 1643 1271 1678 certo
1303 1639 1404 1679 scio.
1454 1638 1520 1680 22.
1551 1642 1696 1695 Neque
1718 1643 1829 1683 enim
1849 1643 1926 1682 mi-

176 1713 289 1747 rum,
322 1713 415 1739 cum
447 1700 595 1740 eodem
626 1704 811 1752 tempore
842 1704 883 1738 et
912 1712 977 1747 ea,
1019 1713 1125 1753 quae
1154 1702 1380 1753 praeterita
1411 1708 1526 1750 sunt,
1558 1709 1598 1744 et
1629 1717 1696 1752 ea,
1729 1718 1836 1759 quae
1865 1706 1927 1745 vi-

178 1762 327 1802 dentur
355 1762 533 1809 instare,
565 1766 803 1814 praeparet,
835 1775 928 1801 cum
959 1765 999 1801 et
1028 1762 1144 1815 pacis
1175 1764 1492 1805 constituendae
1521 1766 1727 1807 rationem
1759 1771 1799 1807 et
1825 1767 1925 1807 belli

264 1890 296 1921 2.
326 1889 486 1929 captionis
513 1890 577 1921 m.
606 1905 641 1911 —
677 1892 706 1920 et
734 1898 802 1921 om.
829 1899 861 1920 v.
891 1907 925 1911 —
961 1889 991 1921 3.
1017 1890 1148 1922 diliculo
1172 1892 1213 1927 G;
1248 1892 1378 1924 diuculo
1400 1894 1466 1925 Ml.
1496 1910 1531 1916 -
1558 1893 1590 1926 4.
1616 1895 1703 1927 cisiis
1725 1896 1819 1936 Sch.,
1846 1905 1865 1928 a
1882 1906 1923 1929 c:

179 1939 268 1970 cissis
290 1939 408 1977 GMv,
434 1938 453 1970 6
477 1938 559 1969 Oxx.
585 1940 620 1970 et
643 1939 742 1979 Lagg.
765 1942 906 1980 praeter
922 1940 989 1977 ³26.,
1016 1941 1074 1979 qui
1098 1941 1183 1972 cissii
1207 1940 1324 1972 habet.
1354 1960 1390 1965 —
1414 1943 1537 1975 volavit
1552 1953 1584 1975 v.
1605 1961 1641 1967 —
1668 1946 1699 1977 5.
1726 1947 1870 1987 adferret
1886 1949 1924 1980 G.

184 2006 218 2010 —
245 1988 274 2020 6.
300 1991 474 2020 estractum
497 1989 561 2019 Ml.
590 2006 620 2010 -—
657 1989 687 2019 7.
715 1989 899 2027 quadriduo
924 1991 970 2020 G:
1006 1991 1181 2028 quatriduo
1203 1989 1318 2031 vulgo.
1348 2009 1382 2013 —
1409 1992 1439 2024 8.
1468 1993 1658 2026 Volaterras
1680 1994 1804 2026 codd:
1834 1997 1927 2028 Vola·

181 2041 317 2069 ter-rana
339 2037 562 2069 Buechnerus
587 2047 628 2069 ex
652 2037 786 2075 Schol.;
813 2040 847 2069 at
870 2048 949 2070 cum
974 2038 1132 2070 Scholion
1157 2040 1206 2071 sic
1230 2041 1391 2081 incipiat:
1418 2054 1434 2070 «
1449 2042 1677 2085 Volaterrana]
1700 2043 1926 2078 Volaterrana

181 2089 299 2120 civitas
322 2089 424 2127 cet»,
450 2087 577 2118 erroris
601 2087 695 2127 origo
720 2088 902 2119 manifesta
920 2090 982 2120 est.
1005 2106 1039 2109 —
1067 2088 1118 2119 «13.
1137 2092 1167 2120 et
1182 2090 1340 2121 rusticam
1357 2099 1376 2122 c
1393 2092 1427 2122 et
1442 2090 1573 2132 aliquot
1589 2091 1686 2132 Pali,
1706 2095 1744 2125 ut
1760 2096 1927 2128 Gruterus

180 2136 349 2168 affirmat:
386 2140 415 2168 et
436 2137 595 2168 rusticam
619 2139 647 2167 et
668 2145 747 2168 rure
769 2146 809 2173 v;
848 2141 877 2168 et
900 2146 979 2168 rure
1003 2146 1077 2174 ax3
1115 2140 1144 2168 et
1169 2147 1227 2169 rus
1250 2139 1351 2170 codd.
1379 2141 1449 2171 mei
1473 2143 1508 2172 et
1531 2142 1633 2182 Lagg.
1662 2161 1697 2166 —
1724 2143 1776 2175 ⁴4.
1802 2147 1928 2177 teneam

179 2185 280 2218 codd.
314 2186 384 2218 noti
416 2194 560 2218 omnes:
596 2195 652 2217 vos
675 2189 800 2218 teneam
823 2195 842 2216 v
861 2188 917 2218 cL
935 2187 979 2221 O:
1013 2186 1054 2218 cf.
1080 2187 1192 2219 Madv.
1222 2189 1348 2229 Opusc.
1373 2190 1398 2220 Ι.
1434 2199 1468 2230 p.
1496 2191 1569 2222 ⁴1¹9.
1605 2209 1639 2214 —-
1677 2193 1806 2234 cogitur
1827 2204 1860 2227 v.
1890 2214 1924 2219 —-

179 2236 231 2267 45.
256 2244 331 2267 cum
352 2235 444 2267 nulla
466 2236 534 2266 iam
556 2253 574 2258 -
597 2252 615 2258 -
635 2236 736 2277 fieret]
761 2236 811 2268 sic
834 2237 957 2277 scripsi
981 2245 1023 2267 ex
1047 2237 1202 2269 Charisio
1225 2247 1259 2279 p.
1287 2240 1359 2271 456.
1386 2240 1499 2279 Lind.,
1525 2241 1560 2272 in
1584 2250 1654 2282 quo
1678 2245 1732 2274 est
1747 2253 1822 2275 cum
1836 2245 1929 2276 nulla

179 2285 277 2317 etiam
294 2293 423 2325 proscr.
448 2285 640 2317 >memoratio
661 2287 769 2326 fieret,
797 2288 831 2317 et
854 2294 896 2317 ex
920 2286 1087 2318 Diomede
1112 2295 1145 2327 p.
1173 2287 1235 2320 384
1258 2290 1310 2327 P.‚
1335 2290 1369 2321 in
1393 2298 1462 2330 quo
1488 2292 1565 2322 est:
1591 2300 1665 2322 cum
1687 2293 1779 2325 nulla
1798 2304 1925 2334 proscr.

178 2335 297 2367 mentio
318 2334 364 2375 f.;
389 2343 463 2366 cum
485 2335 553 2366 iam
573 2332 844 2375 proscr.‘mentio
867 2336 960 2367 nulla
982 2336 1005 2376 f.
1033 2336 1135 2368 codd.
1163 2338 1327 2371 orationis
1353 2341 1387 2371 et
1411 2340 1448 2371 O.
1478 2358 1513 2362 —
1540 2349 1614 2372 cam
1638 2342 1738 2374 etiam
1762 2345 1789 2375 G
1804 2345 1837 2377 M
1852 2355 1876 2383 χ
1892 2354 1926 2384 v,

179 2385 256 2416 Par.
283 2384 328 2423 4.,
352 2385 432 2425 Lag.
457 2385 510 2416 26.
537 2386 572 2416 et
595 2393 655 2416 sex
679 2384 750 2424 alii,
777 2386 972 2417 Charisius:
997 2395 1071 2417 cum
1093 2388 1192 2418 etiam
1208 2397 1316 2420 omnes
1331 2388 1538 2427 Diomedes;
1565 2393 1594 2422 et
1616 2400 1691 2423 cum
1709 2394 1808 2425 etiam
1824 2395 1848 2426 O
1864 2403 1927 2434 ac,

180 2432 282 2466 codd.
308 2432 373 2465 alii.
401 2452 437 2457 —
464 2434 515 2466 46.
540 2437 739 2474 metuerant,
765 2435 909 2466 redirent
932 2435 1034 2468 codd.
1054 2439 1087 2468 et
1103 2438 1315 2470 Diomedes:
1337 2440 1516 2479 proscripti
1541 2444 1651 2479 erant,
1677 2443 1822 2474 sederent
1838 2444 1930 2476 Cha-

179 2483 293 2516 risius.
321 2500 356 2508 —
391 2484 556 2524 defunctos
583 2493 615 2516 se
638 2484 715 2516 cod.
741 2485 832 2517 Mon.
858 2485 1035 2518 Diomedis
1059 2495 1152 2519 saec.
1178 2488 1254 2525 IX.;
1285 2497 1350 2520 sese
1373 2489 1539 2529 defunctos
1561 2491 1674 2523 Diom.
1701 2492 1863 2524 Putschii.
1893 2511 1928 2516 —

179 2533 232 2564 47.
256 2541 373 2565 nomen
393 2534 536 2574 refertur
557 2533 591 2565 in
613 2533 742 2565 tabulas
764 2534 857 2566 Sexti
879 2535 995 2574 Roscii]
1021 2536 1130 2572 Haec,
1158 2545 1247 2577 quae
1272 2537 1400 2570 desunt
1423 2540 1456 2570 in
1480 2539 1581 2571 codd.
1601 2540 1764 2574 omnibus
1785 2551 1827 2573 ex
1844 2543 1933 2574 Cha-

178 2581 260 2614 risio
285 2584 320 2615 et
341 2583 510 2615 Diomede
546 2583 589 2623 (in
620 2584 718 2616 cuius
742 2584 820 2616 cod.
846 2585 935 2616 Mon.
964 2586 997 2616 et
1020 2586 1095 2616 Par.
1122 2586 1217 2618 7494.
1243 2587 1362 2619 tabulis
1385 2589 1553 2629 scriptum
1578 2589 1641 2630 est)
1670 2591 1856 2630 Graevius,
1893 2594 1931 2624 ut

179 2632 249 2664 iam
271 2632 486 2666 Hotomanus
509 2634 545 2665 in
568 2633 761 2666 Observatt.
787 2635 847 2673 IX,
875 2643 904 2665 c.
932 2635 984 2666 Μ.
1011 2636 1045 2666 et
1067 2636 1201 2676 Lipsius
1226 2637 1260 2669 in
1287 2637 1416 2669 Varior.
1442 2639 1503 2676 ΙΙΙ,
1530 2647 1560 2669 c.
1579 2638 1609 2670 6.
1636 2638 1832 2679 voluerant,
1858 2642 1931 2682 pri-

179 2689 259 2714 mus
282 2682 435 2716 inseruit.
474 2684 518 2716 «Ε
544 2683 645 2715 codd.
673 2684 836 2716 omnibus
861 2693 902 2716 ea
927 2684 1096 2717 excidisse
1121 2686 1248 2718 mirum
1272 2696 1341 2719 non
1366 2689 1436 2726 est,
1464 2696 1543 2719 cum
1569 2696 1691 2720 omnes
1714 2698 1783 2721 uno
1808 2698 1850 2721 ex
1873 2699 1931 2722 ar-

182 2732 332 2774 chetypo
356 2733 499 2767 deducti
521 2735 605 2768 sint:
630 2744 755 2768 verum
780 2744 861 2767 cum
885 2735 949 2776 ipsi
973 2734 1128 2768 latInitati
1151 2739 1324 2778 repugnet
1347 2736 1497 2769 formula
1511 2739 1695 2778 mancipem
1710 2739 1847 2771 hominis
1859 2741 1932 2781 fieri

179 2789 243 2822 pro
262 2784 479 2822 praediorum
500 2785 586 2824 eius,
613 2793 653 2817 ea
677 2794 820 2826 prorsus
845 2786 1043 2817 necessaria
1068 2795 1146 2818 esse
1174 2788 1354 2827 apparet.»
1380 2788 1500 2819 ORELm
1519 2788 1797 2827 (⁶2).-Hotomano
1813 2791 1932 2822 tamen

182 2830 275 2863 aliud
297 2834 481 2874 praeterea
505 2834 631 2866 deesse
654 2836 769 2867 visum
794 2837 846 2867 est
869 2835 903 2866 in
926 2835 1016 2867 hanc
1040 2835 1112 2867 fere
1129 2838 1360 2869 sententiam:
1387 2837 1472 2869 bona
1495 2838 1562 2869 eius
1580 2839 1849 2879 proscribuntur,
1873 2840 1934 2872 ho-

181 2881 279 2912 minis
301 2883 367 2915 cet.
397 2901 432 2905 -—
460 2883 511 2915 ⁴9.
534 2884 685 2926 propria]
715 2885 868 2924 praemia
892 2884 969 2916 cod.
994 2886 1089 2917 Iann.
1119 2904 1153 2908 —
1180 2888 1284 2918 omnis
1306 2888 1339 2919 M
1353 2896 1385 2918 v.
1416 2905 1447 2911 -
1476 2887 1530 2918 ΞΟ.
1555 2897 1642 2919 nom.
1667 2888 1778 2928 Chrys.
1805 2890 1934 2922 «Latini

184 2932 356 2964 sermonis
384 2941 468 2971 usus
494 2933 667 2974 postulat:
700 2935 900 2976 Chrysoyoni
930 2936 1092 2967 nomine.»
1126 2937 1246 2967 GARAT.
1264 2937 1295 2967 2.
1325 2953 1359 2957 —
1386 2936 1472 2967 discit
1494 2937 1531 2968 G.
1560 2954 1596 2960 —-
1621 2937 1674 2968 211.
1700 2936 1785 2969 bona
1808 2938 1931 2970 codd:

183 2979 270 3012 bona
291 2983 441 3023 seaeaqies
461 2983 516 3015 HS
538 2983 619 3016 edd.
644 2983 736 3024 vulg.
763 2986 798 3016 et
821 2985 864 3023 Ο;
891 2985 975 3017 bona
996 2986 1054 3018 LX
1071 2986 1125 3018 HS
1147 2995 1176 3018 c.
1213 2987 1320 3018 Deest
1343 2987 1493 3027 seaeayies
1506 2987 1562 3018 HS
1585 2988 1689 3019 etiam
1713 2987 1746 3019 in
1771 2987 1934 3020 omnibus

184 3029 285 3070 Lagg.
315 3046 351 3053 —
377 3031 501 3064 duobus
523 3033 658 3074 Madvig
683 3034 817 3075 (Opusc.
842 3036 866 3066 Ι.
892 3044 926 3076 p.
947 3036 1053 3076 4794:
1079 3036 1299 3068 sestertiorum
1323 3036 1446 3068 duobus
1461 3036 1568 3068 codd.
1592 3037 1672 3077 (om.
1693 3037 1799 3068 Oxou.
1818 3037 1936 3069 Thaec

184 3079 270 3112 bona
290 3097 310 3105 -
331 3098 350 3106 -
371 3090 560 3122 nummum,
593 3082 688 3123 quod
718 3084 775 3115 Or.
802 3084 833 3116 2.
864 3084 1002 3116 videtur
1028 3085 1195 3126 probari.)
1233 3103 1268 3107 —
1302 3085 1354 3117 22.
1389 3089 1476 3118 certo
1506 3087 1541 3118 M
1569 3087 1604 3118 et
1626 3087 1706 3126 Lag.
1732 3085 1762 3117 3.
1791 3085 1868 3128 (soli
1893 3096 1936 3119 ex

183 3130 306 3171 notis),
333 3139 385 3164 ac
406 3133 454 3164 L:
480 3135 565 3164 certe
588 3131 689 3164 codd.
715 3132 850 3174 reliqui.
870 3149 905 3156 —
931 3134 984 3165 23.
1009 3137 1039 3166 et
1062 3135 1140 3166 ante
1164 3143 1204 3166 ea
1227 3143 1295 3166 om.
1322 3135 1402 3175 Lag.
1421 3136 1474 3167 26.
1503 3153 1539 3157 -
1559 3135 1745 3176 praeterita
1766 3135 1851 3177 sunt]
1877 3135 1937 3167 ad-

187 3179 236 3213 dit
257 3181 282 3212 L
309 3185 460 3222 νθρανει,
493 3182 587 3224 quod
615 3191 652 3215 se
682 3191 725 3215 ex
753 3192 824 3215 uno
856 3182 944 3215 libro
968 3192 1034 3216 ms.
1058 3183 1159 3225 longe
1184 3184 1315 3225 optimo
1338 3185 1533 3217 restituisse
1556 3187 1719 3223 testatum
1757 3185 1934 3217 Ernestius

187 3230 308 3261 autem
329 3233 420 3263 curet
442 3230 574 3264 addere
597 3231 732 3273 maluit,
764 3233 918 3274 itemque
949 3233 1073 3265 Ravius
1096 3235 1178 3266 Var.
1203 3235 1312 3265 Lectt.
1337 3235 1377 3266 ΙΙ.
1402 3243 1436 3276 p.
1464 3235 1520 3274 46,
1555 3235 1613 3276 qui
1634 3238 1725 3267 curet
1755 3237 1836 3277 post
1858 3239 1938 3268 tem-

183 3286 265 3317 pore
287 3278 448 3312 inseruit.
463 3298 499 3304 -
525 3280 578 3313 24.
602 3281 728 3314 instare
750 3290 819 3314 om.
838 3283 917 3322 Lag.
937 3282 989 3314 ⁶26.
1011 3300 1047 3306 —
1066 3286 1291 3324 praepararet
1305 3284 1372 3325 Mi,
1395 3293 1429 3317 v.
1449 3283 1660 3326 (praecaveat
1675 3285 1765 3318 coni.
1782 3286 1935 3326 Ravius.)

187 3345 222 3354 —
242 3329 338 3371 pacis
359 3331 563 3368 custodiendo
586 3332 624 3366 G.
651 3349 687 3356 —
712 3331 923 3374 belliyerandi
944 3332 1010 3366 Ma.
