2143 3713
601 227 695 269 CAP.
725 226 1048 266 XXI—XXIII.
1087 224 1160 279 §§.
1191 222 1386 265 58—63.
1789 222 1869 263 559

131 345 360 387 mnassent‚
398 345 533 380 tamen
571 339 613 378 in
653 337 880 391 Oppianico
923 338 1000 377 sibi
1031 342 1218 377 constare
1250 342 1291 377 et
1320 336 1604 389 superioribus
1636 336 1868 376 consentire

132 403 292 442 iudiciis
314 402 556 442 debuerunt.
586 402 649 440 An
670 413 766 439 vero
798 399 856 438 illi
889 413 961 439 sua
994 398 1082 452 [per
1103 396 1162 451 se]
1187 399 1263 451 ipsi
1290 398 1441 438 iudicia
1461 399 1757 445 rescinderent,
1778 412 1868 437 curn

130 465 256 504 ceteri
287 465 447 505 soleant
476 465 517 502 in
548 461 790 508 iudicando,
822 474 872 501 ne
893 462 943 500 ab
965 462 1137 501 aliorum
1159 460 1323 500 iudiciis
1345 460 1593 513 discrepent,
1624 461 1870 514 providere?

131 532 171 567 ct
201 528 246 574 ii,
278 528 349 580 qui
379 524 551 566 Fabricii
583 523 794 569 libertum,
828 523 923 576 quia
955 524 1141 563 minister
1170 524 1209 561 in
1230 522 1430 561 maleficio
1454 522 1608 569 fuerat,
1640 528 1870 574 patronum,

131 590 227 642 quia
259 589 468 633 conscius,
499 585 868 631 condemnassent,
909 585 1042 637 ipsum
1074 584 1301 637 principem
1332 588 1457 636 atque
1489 584 1753 624 architectum
1785 591 1903 623 sce—³¹1

132 651 227 690 loris
256 650 542 690 absolverent?
583 651 625 686 ct
664 647 734 699 qui
773 652 930 686 ceteros
962 647 1074 686 nullo
1107 645 1361 698 praeiudicio
1391 645 1499 685 facto
1532 651 1669 686 tamen
1701 659 1752 685 ex
1784 646 1873 698 ipsa

130 726 251 752 causa
290 711 652 755 condemnassent,
697 707 831 755 hunc,
878 722 1001 762 quem
1038 708 1101 747 bis
1142 708 1222 747 iam
1263 708 1578 747 condemnatum
1617 712 1872 760 acceperant,

130 775 382 814 liberarent?
440 767 506 810 61.
544 771 649 810 Tum
689 784 786 809 vcro
818 770 887 809 illa
919 770 1069 810 iudicia
1100 770 1307 809 senatoria
1337 782 1419 808 non
1450 769 1551 809 salsa
1583 768 1759 816 invidia,
1799 767 1871 807 sed

130 849 226 875 vera
263 839 386 887 atque
423 832 575 884 insigni
613 832 867 885 turpitudine
899 837 1040 872 notata
1071 838 1195 884 atque
1227 836 1370 884 operta
1401 830 1606 871 dedecore
1639 836 1679 871 et
1707 830 1873 870 infamia

130 896 359 936 defensioni
400 894 534 934 locum
579 894 738 933 nullum
784 894 1061 947 reliquissent.
1121 893 1233 941 Quid
1275 894 1382 933 enim
1422 893 1588 933 tandem
1626 894 1685 933 illi
1715 893 1873 933 iudices
1889 899 1923 927 r¹0

129 957 446 1011 responderent,
490 956 523 995 si
568 956 637 1009 qui
687 956 736 995 ab
794 956 843 995 iis
886 961 1126 1008 quaereret:
1174 956 1515 995 «Condemnastis
1554 956 1873 1002 Scamandrum3

129 1033 210 1072 quo
249 1018 451 1058 crimine?
497 1030 645 1071 nempe
682 1017 792 1071 quod
830 1018 1026 1057 Habitum
1056 1032 1131 1070 per
1160 1031 1325 1058 servum
1356 1018 1502 1058 medici
1533 1031 1694 1058 veneno
1724 1031 1874 1058 necare

127 1079 335 1121 voluisset.
403 1079 512 1127 Quid
556 1080 694 1120 Habiti
745 1085 873 1119 morto
923 1081 1173 1120 Scamander
1216 1080 1581 1133 consequebatur?
1629 1080 1757 1128 nihil,
1802 1080 1874 1120 sed

126 1141 364 1180 administer
408 1147 495 1182 erat
537 1142 767 1194 Oppianici.
825 1143 877 1182 Et
915 1142 1220 1182 condemnastis
1263 1142 1304 1182 C.
1344 1142 1588 1182 Fabricium.
1635 1142 1744 1190 Quid
1783 1143 1874 1182 ita?

127 1204 244 1256 quia,
284 1218 376 1243 cum
414 1205 501 1257 ipse
539 1204 858 1244 familiarissime
898 1204 1127 1257 Oppianico
1170 1218 1289 1251 usus,
1329 1205 1499 1245 libertus
1538 1210 1677 1245 autem
1714 1205 1802 1244 eius
1834 1204 1874 1243 in
1890 1213 1926 1241 215

126 1264 327 1305 maleficio
361 1266 642 1319 deprehensus
674 1272 801 1314 esset,
833 1267 948 1306 illum
970 1272 1183 1319 expertem
1206 1266 1293 1306 eius
1324 1267 1485 1306 consilii
1514 1267 1642 1306 fuisse
1667 1280 1751 1307 non
1780 1279 1876 1320 pro-

125 1327 334 1366 babatur.»
383 1328 426 1368 Si
455 1328 580 1381 igitur
609 1329 745 1381 ipsum
775 1329 1050 1381 Oppianicum
1080 1330 1141 1369 bis
1167 1329 1251 1368 suis
1282 1328 1444 1368 iudiciis
1466 1329 1785 1369 condemnatum
1807 1329 1877 1369 ab·

125 1389 366 1437 solvissent,
398 1390 489 1442 quis
519 1394 674 1429 tantam
704 1390 1003 1443 turpitudinem
1033 1391 1301 1438 iudiciorum,
1332 1392 1423 1443 quis
1454 1395 1608 1431 tantam
1638 1393 1877 1431 inconstan-

126 1451 222 1490 tiam
252 1465 386 1491 rerum
417 1452 714 1498 iudicatarum,
746 1453 842 1505 quis
875 1458 1028 1493 tantam
1058 1453 1272 1493 libidinem
1297 1454 1484 1493 iudicum
1503 1453 1611 1494 ferre
1641 1454 1876 1507 potuisset?

236 1511 302 1553 62.
334 1514 457 1561 Quod
499 1515 533 1553 si
571 1514 649 1554 hoc
689 1514 858 1563 videtis,
901 1515 1012 1568 quod
1050 1516 1132 1555 iam
1161 1516 1239 1555 hac
1270 1516 1380 1555 omni
1412 1516 1598 1556 oratione
1629 1516 1926 1570 patefactumszo

126 1580 208 1622 est,
249 1576 319 1616 illo
360 1576 512 1617 iudicio
548 1590 663 1616 reum
694 1577 980 1624 condemnari,
1020 1578 1261 1630 praesertim
1292 1578 1342 1616 ab
1373 1577 1505 1618 isdem
1535 1579 1766 1627 iudicibus,
1806 1579 1877 1633 qui

126 1638 208 1677 duo
248 1638 502 1690 praeiudicia
539 1639 755 1686 fecissent,
796 1653 966 1679 necesse
1008 1640 1156 1686 fuisse,
1199 1639 1321 1679 simul
1359 1639 1461 1679 illud
1501 1640 1675 1680 videatis
1705 1654 1877 1681 necesse

127 1705 209 1746 est,
241 1700 396 1740 nullam
427 1701 655 1741 accusatori
686 1715 776 1741 esse
808 1715 971 1742 causam
1002 1703 1208 1755 potuisse,
1241 1715 1314 1740 cur
1334 1702 1533 1742 iudicium
1552 1703 1677 1743 vellet
1697 1717 1878 1743 corrum-

128 1776 239 1814 pere.
296 1762 448 1802 XXIII.
472 1762 635 1810 Quaero
667 1763 774 1803 enim
806 1763 856 1802 de
886 1769 948 1810 te,
980 1765 1025 1803 T.
1046 1765 1151 1812 Atti,
1182 1764 1333 1804 relictis
1354 1765 1437 1804 iam'
1457 1766 1604 1805 ceteris
1625 1766 1878 1819 argumentis

127 1823 334 1870 omnibus,
366 1838 465 1863 num
496 1825 709 1864 Fabricios
740 1839 908 1878 quoque
936 1826 1178 1867 innocentes
1200 1827 1494 1867 condemnatos
1517 1828 1748 1877 existimes,
1779 1843 1878 1869 num
1891 1836 1928 1866 25

128 1887 253 1925 etiam
283 1886 353 1925 illa
382 1887 535 1927 iudicia
565 1887 741 1939 pecunia
772 1893 962 1941 corrupta
993 1902 1084 1928 esse
1116 1890 1250 1936 dicas,
1283 1890 1431 1942 quibus
1462 1890 1505 1928 in
1535 1890 1699 1930 iudiciis
1729 1891 1832 1931 alter
1856 1905 1879 1931 a

129 1949 298 1989 Staieno
339 1949 428 1988 solo
466 1949 679 1989 absolutus
718 1955 800 1997 cst,
844 1950 948 1989 alter
988 1951 1111 1991 etiam
1142 1952 1231 2003 ipse
1263 1965 1307 1991 se
1339 1952 1641 1992 condemnavit.
1699 1954 1805 2006 Age,
1844 1955 1878 1994 si

127 2016 344 2059 nocentes,
385 2011 502 2051 cuius
543 2010 767 2051 maleficii?
808 2013 1010 2066 numquid
1047 2020 1212 2067 praeter
1250 2027 1458 2054 venenum
1489 2015 1749 2068 quaesitum,
1794 2030 1877 2070 quo

128 2074 304 2113 Habitus
335 2079 574 2122 necaretur,
607 2074 815 2114 obiectum
848 2077 942 2114 cst?
982 2076 1184 2129 numquid
1214 2076 1327 2116 aliud
1357 2077 1400 2115 in
1430 2076 1513 2116 illis
1544 2076 1709 2118 iudiciis
1739 2092 1879 2119 versa-

131 2142 214 2176 tum
245 2141 308 2176 est
337 2141 501 2189 praeter
528 2136 652 2176 hasce
682 2137 855 2176 insidias
876 2137 1027 2177 Habito
1050 2138 1100 2177 ab
1123 2138 1354 2191 Oppianico
1383 2152 1456 2192 per
1481 2138 1693 2180 Fabricios
1722 2140 1927 2181 factas‘230

127 2199 264 2247 Nihil,
294 2199 424 2246 nihil,
454 2199 648 2251 inquam,
679 2198 816 2246 aliud,
848 2199 1029 2247 iudices,
1060 2201 1290 2254 reperietis.
1348 2202 1496 2241 Exstat
1525 2201 1747 2252 memoria;
1784 2209 1879 2244 sunt

129 2262 294 2301 tabulae
324 2261 538 2315 publicae:
577 2261 778 2313 redargue
809 2275 893 2309 me,
925 2262 959 2301 si
990 2263 1190 2310 mentior;
1230 2263 1399 2303 testium
1436 2263 1547 2303 dicta
1584 2264 1733 2313 recita3
1777 2265 1878 2306 doce

128 2323 171 2363 in
212 2324 377 2363 illorum
413 2322 577 2362 iudiciis
619 2323 719 2376 quid
759 2328 923 2376 praeter
960 2324 1040 2363 hoc
1069 2338 1277 2365 venenum
1309 2324 1530 2378 Oppianici
1569 2339 1653 2366 non
1682 2328 1806 2367 modo
1836 2328 1880 2367 in

129 2384 338 2433 criminis,
379 2385 451 2425 sed
491 2385 534 2424 in
573 2385 779 2425 maledicti
818 2386 911 2425 loco
952 2387 1006 2426 sit.
1041 2387 1261 2427 obiectum.
1322 2386 1387 2426 63.
1418 2387 1548 2427 Multa
1580 2387 1661 2428 dici
1690 2395 1879 2442 possunt,

131 2460 258 2500 quare
289 2447 346 2486 ita
375 2460 546 2487 necesse
575 2446 700 2487 fuerit
728 2447 922 2495 iudicari,
954 2448 1026 2488 sed
1049 2461 1126 2501 ego
1148 2462 1361 2489 occurram
1384 2451 1685 2503 exspectationi
1705 2457 1879 2500 vestrae,
1892 2463 1929 2492 35

129 2508 298 2549 iudices.
344 2510 447 2548 Nam
479 2510 555 2549 etsi
585 2523 608 2549 a
638 2509 755 2549 vobis
786 2509 844 2549 sic
875 2509 1044 2558 audior,
1074 2515 1120 2550 ut
1149 2525 1377 2565 numquam
1402 2512 1623 2565 benignius
1654 2528 1790 2568 neque
1821 2519 1881 2554 at·-

130 2571 283 2611 tentius
306 2584 557 2625 quemquam
578 2571 766 2612 auditum
791 2576 956 2624 putem,
986 2578 1125 2614 tamen
1145 2578 1268 2615 vocat
1287 2588 1352 2614 me
1373 2574 1454 2615 alio
1475 2575 1556 2615 iam
1579 2574 1736 2616 dudum
1757 2576 1879 2616 tacita

219 2787 250 2819 4.
275 2788 464 2827 consentire]
489 2788 660 2820 consistere
682 2789 731 2826 M;
757 2792 906 2821 constare
930 2788 962 2821 F.
992 2807 1025 2811 —
1053 2790 1084 2822 2.
1105 2799 1168 2830 per
1189 2799 1222 2822 se
1245 2789 1373 2822 delevit
1396 2791 1432 2822 L.
1461 2809 1495 2814 -
1520 2791 1583 2831 ipsi
1605 2799 1675 2822 om.
1694 2790 1726 2823 ἓ.
1749 2808 1784 2813 -
1805 2799 1881 2830 per=

130 2836 316 2868 scinderunt
338 2838 378 2875 S?
407 2838 649 2877 perscinderent
671 2838 707 2869 T.
738 2855 772 2859 —
804 2838 835 2870 li.
862 2839 885 2869 ic·
908 2840 983 2871 ST:
1017 2840 1049 2870 Ιιὶ
1072 2841 1095 2871 F
1106 2849 1112 2876 ;
1138 2840 1186 2871 illl
1209 2841 1317 2872 MAL
1332 2838 1351 2872 >2
1366 2841 1402 2872 O.
1432 2858 1467 2863 —
1499 2842 1530 2872 5.
1556 2840 1713 2881 conscius]
1737 2841 1882 2871 conscius

131 2890 208 2918 esset
231 2887 300 2918 ST.
322 2903 357 2907 —
383 2887 414 2918 7.
439 2887 507 2918 -z'am
530 2888 778 2919 condemnatum
795 2889 871 2919 ST:
897 2890 1146 2921 condemnatum
1167 2891 1236 2921 iam
1259 2891 1283 2922 R
1298 2892 1323 2921 A
1337 2891 1361 2921 L
1375 2888 1394 2922 ⁵3
1409 2892 1446 2922 O.
1467 2908 1502 2912 -
1529 2890 1560 2922 9.
1585 2893 1719 2930 operata
1736 2890 1785 2927 M;
1810 2898 1882 2920 coo-

130 2939 226 2974 perta
248 2944 317 2976 mg.
344 2934 375 2967 93.
405 2953 437 2959 -
473 2937 524 2967 Μ.
551 2938 786 2976 responderunt
809 2939 841 2969 S.
877 2956 911 2961 —
943 2939 970 2969 si
993 2939 1048 2978 qut
1072 2939 1190 2971 STM:
1224 2940 1251 2970 st
1277 2940 1348 2979 quis
1371 2939 1554 2972 FALQO.
1584 2959 1619 2962 —
1646 2939 1686 2970 ab
1709 2939 1757 2970 his
1779 2940 1812 2970 S.
1842 2956 1876 2961 -

134 2986 186 3017 12.
210 2993 335 3017 servom
358 2986 393 3016 T.
422 3004 456 3008 —
484 2986 535 3017 1¹3.
562 2986 649 3027 quid]
675 2988 760 3026 quod
783 2988 825 3019 M.
855 3005 888 3009 -.-
916 2988 927 3019 11
938 2987 967 3019 4,
993 2991 1023 3019 et
1045 2989 1121 3019 ST:
1147 2997 1216 3020 om.
1243 2990 1265 3020 F
1278 2988 1472 3021 MALQO.
1501 3008 1536 3012 —
1563 2990 1616 3021 46.
1642 2990 1816 3028 deprensus
1841 2988 1877 3019 T.

139 3051 172 3056 -
198 3035 285 3076 esset]
309 3038 381 3066 erat
404 3036 426 3066 F
440 3036 479 3067 A.
507 3053 543 3058 —
567 3036 665 3075 fuisse
688 3045 756 3069 om.
783 3038 818 3068 T.
847 3056 882 3060 —-
911 3038 1074 3077 probatur
1096 3038 1132 3068 T.
1160 3056 1195 3060 —
1223 3039 1275 3070 48.
1300 3038 1456 3069 iudicium
1478 3039 1514 3070 T.
1542 3056 1576 3060 —
1603 3038 1656 3070 23.
1683 3038 1883 3069 accusatoris

136 3084 206 3115 ST.
226 3101 261 3106 —-
287 3093 351 3117 csse
371 3094 507 3117 causam
530 3086 607 3117 ST:
632 3095 767 3118 causam
790 3096 854 3119 essc
877 3090 900 3120 R
915 3090 941 3119 A
955 3089 978 3119 L
992 3087 1064 3122 ΕΟ.
1086 3105 1121 3110 -
1146 3087 1199 3119 24.
1219 3088 1257 3118 (10
1280 3088 1318 3118 S:
1345 3087 1402 3118 abs
1424 3089 1545 3120 ceteri.
1566 3106 1602 3110 —-
1629 3087 1675 3128 T.]
1696 3086 1760 3118 Tib.
1778 3087 1821 3118 M.
1842 3103 1877 3108 —-

135 3133 200 3163 Ant
221 3134 421 3167 TFMAO:
451 3136 527 3167 Acci
551 3136 593 3173 S;
628 3136 699 3168 Acti
720 3136 790 3169 Lss.
828 3139 882 3169 Sic
911 3137 983 3169 scre
1011 3137 1153 3177 ubique.
1189 3135 1322 3177 Duplici
1347 3140 1358 3168 ι
1380 3137 1448 3168 hoc
1475 3145 1605 3169 nomen
1636 3137 1805 3177 scriptum
1829 3136 1883 3166 est

137 3182 242 3214 etiam
264 3183 297 3215 in
321 3185 344 3216 P
368 3184 399 3224 g.
418 3184 490 3217 447.
511 3203 546 3207 —
572 3186 626 3217 25.
650 3186 827 3218 innocentis
849 3188 882 3219 S.
904 3205 938 3210 —-
964 3187 1017 3219 ⁶20.
1037 3187 1072 3218 'in
1095 3187 1171 3217 ST:
1199 3194 1268 3217 om.
1294 3185 1481 3218 RALQO.
1502 3204 1537 3209 —-
1563 3187 1616 3218 27.
1642 3187 1779 3218 Scaieno
1803 3186 1878 3223 ST;

136 3231 283 3271 Scaqeno
305 3234 347 3266 M.
381 3234 431 3266 Cf.
457 3234 488 3275 ἓ.
507 3235 559 3267 20.
581 3253 615 3258 —
641 3245 702 3276 aye
723 3237 750 3267 si
771 3236 927 3277 nocentes]
952 3237 1019 3269 aies
1040 3237 1222 3268 innocentes
1244 3236 1264 3266 S
1278 3236 1314 3267 T.
1336 3254 1371 3258 —
1396 3236 1449 3267 29.
1473 3236 1561 3267 illius
1576 3237 1611 3267 T.
1633 3253 1667 3258 —
1694 3236 1746 3267 30.
1763 3234 1882 3266 Fabri—

137 3281 223 3311 cium
245 3282 312 3314 ST.
340 3301 374 3306 —
405 3284 459 3316 34.
484 3284 632 3317 alterum
660 3286 740 3318 nihil
763 3295 831 3318 om.
857 3285 929 3319 ΑΒ.
958 3304 992 3307 -
1021 3284 1169 3325 inquam]
1193 3294 1350 3324 umquam
1373 3284 1402 3317 ‘a
1426 3284 1576 3326 (praeter
1599 3286 1667 3326 ST)
1691 3287 1729 3317 A.
1759 3303 1793 3308 —
1818 3294 1881 3317 ea:-

137 3333 224 3362 scant
243 3333 419 3367 memoriae
441 3334 463 3366 F
475 3335 508 3368 M
518 3335 558 3367 Α.
586 3353 621 3358 -
647 3334 699 3368 34.
725 3335 830 3369 locum
853 3337 923 3368 ST.
952 3353 986 3357 -—
1011 3334 1063 3367 36.
1088 3335 1157 3374 ctsi]
1181 3335 1209 3367 st
1230 3333 1260 3369 Qt
1284 3336 1434 3376 (praeter
1455 3335 1524 3375 ST)
1549 3336 1587 3367 A.
