2143 3713
369 219 456 259 Lm.
489 218 558 258 111.
602 216 696 258 CAP-
727 215 1208 257 Lxxxl-Lxxxnr.
1244 213 1318 268 55.
1350 213 1602 257 iss-493.
1779 213 1859 255 305

112 343 235 384 quam
271 330 542 383 reprehensio
583 328 698 375 ideo,
741 328 852 380 quod
893 342 1009 375 eum,
1056 328 1126 382 qui
1164 327 1242 368 hoe
1278 326 1393 374 facit,
1433 341 1600 368 avarum
1641 341 1861 382 possumus

111 392 371 440 existimare,
413 393 564 433 crimen
608 391 650 430 in
694 402 743 429 eo
786 391 1037 430 constituere
1078 404 1162 430 non
1195 395 1277 429 tam
1307 388 1426 429 facile
1458 402 1702 443 possumus,
1749 391 1861 444 quod

108 453 272 494 videtur
303 453 611 495 concedendum
643 451 948 504 magistratibus
981 453 1134 492 nostris
1165 465 1278 500 esse,
1310 458 1354 492 ut
1383 453 1453 500 iis,
1485 466 1568 505 quo
1600 453 1690 493 loco
1721 454 1861 501 velint,

109 515 361 557 frumentum
392 517 578 569 accipere
610 514 741 554 liceat.
801 514 943 567 Itaque
973 514 1051 555 hoc
1081 519 1165 561 est,
1197 514 1308 567 quod
1331 515 1448 555 multi
1469 514 1644 554 fortasse
1665 514 1862 562 fecerunt,

110 584 150 618 et
180 580 236 620 ita
266 580 404 626 multi,
435 583 480 618 ut
509 578 560 624 ii,
591 590 695 629 quos
727 577 1087 616 innocentissimos
1120 578 1386 616 meminimus
1409 581 1479 616 aut
1499 576 1747 623 audivimus,
1778 585 1894 616 non5

108 641 293 682 fecerint.
351 639 579 680 LXXXIII.
618 635 710 677 s‘lsll.
752 638 916 686 Quaero
957 652 1065 679 nunc
1109 638 1180 678 abs
1226 644 1287 686 te,
1326 639 1542 685 Hortensi,
1583 653 1673 678 cum
1704 639 1862 679 utrisne

108 703 276 744 tandem
306 704 424 744 istius
454 701 607 741 sactum
639 701 864 740 collaturus
896 704 969 740 es?
1011 701 1112 740 Cum
1143 702 1214 749 iis,
1245 701 1391 748 credo,
1424 700 1494 754 qui
1514 700 1772 753 benignitate
1793 700 1864 739 ad-

109 766 221 807 ducti
250 780 323 820 per
350 763 599 805 beneficium
631 768 672 802 et
701 763 873 815 gratiam
906 763 1138 804 civitatibus
1161 768 1476 810 concesserunt,
1508 768 1554 803 ut
1577 777 1768 803 nummos
1788 775 1862 816 pro

108 827 314 868 frumento
346 826 504 866 darent.
563 826 643 873 Ita,
675 825 820 873 cred0,
853 827 1006 879 petisse
1037 826 1088 865 ab
1118 826 1198 865 isto
1228 831 1434 874 aratores,
1465 830 1529 872 ut,
1562 840 1653 866 cum
1675 826 1752 866 Hs
1783 832 1865 866 ter-

109 891 173 930 nis
203 890 323 930 tritici
354 888 539 929 modium
570 887 750 928 vendere
782 902 863 928 non
894 893 1084 940 possent,
1128 902 1204 941 pro
1237 889 1411 942 singulis
1442 888 1593 928 modiis
1624 894 1762 929 ternos
1794 888 1913 928 (16-40

109 954 245 993 narios
276 951 372 991 dare
403 950 559 990 liceret.
603 950 687 997 An,
720 951 919 1002 quoniam
948 950 1028 990 hoc
1058 964 1141 990 non
1172 951 1300 991 audes
1322 951 1485 999 dicere,
1516 951 1615 992 illuc
1635 950 1863 1003 confugies,

109 1019 300 1055 vecturae
332 1010 573 1052 difficultate
604 1011 806 1052 adductos
839 1018 977 1053 ternos
1008 1013 1203 1053 denarios
1236 1013 1333 1054 dare
1365 1015 1592 1054 maluisse?
1637 1014 1764 1054 Cuius
1794 1027 1864 1054 ve-

108 1078 271 1116 cturae?
304 1089 385 1128 quo
417 1088 469 1114 ex
499 1074 590 1114 loco
625 1075 665 1114 in
698 1088 822 1128 quem
852 1075 987 1115 locum
1018 1089 1070 1115 ne
1102 1079 1349 1128 portarent?
1394 1077 1696 1117 Philomelione
1726 1077 1864 1130 Ephe-

106 1140 224 1179 sum?
273 1138 427 1184 Video,
469 1138 569 1190 quid
609 1138 719 1177 inter
757 1151 962 1178 annonam
993 1139 1194 1178 interesse
1225 1139 1374 1179 soleat:
1413 1140 1537 1180 video
1570 1144 1674 1194 quot
1703 1139 1863 1180 dierum

105 1202 171 1242 via
200 1202 274 1242 sit:
312 1199 433 1241 video
464 1200 858 1240 Philomeliensibus
895 1200 1116 1254 expedire,
1156 1203 1300 1254 quanti
1329 1202 1486 1255 Ephesi
1517 1203 1570 1243 sit
1599 1203 1913 1251 frumentum‚⁴5

105 1263 203 1304 dare
234 1263 375 1317 potius
408 1263 451 1302 in
481 1262 661 1316 Phrygia
693 1276 817 1316 quam
838 1262 1050 1315 Ephesum
1080 1268 1244 1316 portare
1275 1269 1345 1304 aut
1364 1264 1415 1304 ad
1438 1264 1659 1305 emendum
1680 1264 1864 1305 frumen-

103 1330 190 1366 tum
231 1326 444 1379 Ephesum
483 1326 702 1377 pecuniam
742 1329 783 1364 et
821 1325 980 1377 legatos
1016 1325 1194 1365 mittere.
1254 1322 1346 1365 1192.
1378 1327 1424 1366 In
1457 1327 1599 1367 Sicilia
1627 1341 1726 1368 vero
1760 1327 1862 1381 quid

104 1389 194 1428 eius
220 1387 331 1428 modi
363 1388 450 1427 est?
493 1387 643 1427 Henna
673 1387 976 1427 mediterranea
997 1392 1060 1427 est
1080 1387 1274 1428 maxime.
1308 1388 1430 1442 Coge,
1461 1394 1506 1429 ut
1526 1388 1578 1429 ad
1599 1402 1749 1442 aquam
1771 1390 1862 1438 tibi,

102 1450 145 1490 id
166 1450 279 1504 quod
301 1450 448 1490 summi
480 1450 582 1489 iuris
605 1455 688 1497 est,
719 1449 972 1490 frumentum
992 1450 1241 1490 Hennenses
1263 1451 1543 1492 admetiantur
1563 1452 1629 1492 vel
1653 1452 1862 1492 Phintiam

103 1512 170 1553 vel
201 1512 397 1553 Halesam
426 1512 493 1553 vel
516 1512 723 1560 Catinam,
755 1512 847 1553 loca
878 1513 985 1552 inter
1006 1526 1048 1552 se
1071 1513 1251 1553 maxime
1274 1513 1465 1554 diversa:
1497 1513 1644 1555 eodem
1666 1514 1746 1563 die,
1778 1527 1861 1568 quo
1875 1522 1912 1551 20

103 1575 296 1622 iusseris,
329 1574 620 1628 deportabunt.
666 1575 847 1615 Tametsi
877 1588 929 1614 ne
960 1580 1128 1615 vectura
1157 1575 1326 1629 quidem
1357 1581 1421 1617 est
1451 1589 1568 1631 opus.
1616 1578 1719 1617 Nam
1749 1581 1862 1617 totus

106 1643 300 1692 quaestus
330 1637 419 1685 hic,
451 1637 630 1685 iudices,
663 1637 966 1677 aestimationis
998 1651 1051 1678 ex
1080 1651 1272 1679 annonae
1294 1643 1416 1679 natus
1438 1644 1500 1679 est
1519 1639 1732 1680 varietate.
1774 1640 1864 1679 Hoc

106 1702 216 1741 enim
254 1700 516 1754 magistratus
555 1700 598 1740 in
636 1700 849 1753 provincia
888 1701 1057 1753 assequi
1097 1705 1258 1753 potest,
1298 1706 1346 1741 ut
1375 1701 1431 1741 ibi
1462 1702 1658 1756 accipiat,
1697 1701 1769 1741 uhi
1801 1707 1864 1742 est

106 1763 375 1804 carissimum.
434 1762 534 1802 Ideo
566 1762 677 1803 valet
706 1764 785 1803 ista
814 1763 917 1802 ratio
949 1763 1253 1802 aestimationis
1284 1763 1328 1803 in
1347 1763 1467 1812 Asia,
1498 1764 1610 1804 valet
1640 1765 1683 1804 in
1712 1765 1863 1818 Hispa-

105 1826 192 1873 nia,
221 1825 333 1866 valet
361 1826 404 1865 in
434 1825 484 1865 iis
515 1824 763 1877 provinciis,
794 1825 836 1864 in
860 1825 1011 1878 quibus
1042 1838 1169 1864 unum
1199 1827 1380 1878 pretium
1409 1825 1621 1867 frumento
1654 1841 1746 1868 esse
1777 1841 1862 1868 non
1875 1836 1912 1866 25

104 1887 224 1927 solet.
283 1887 330 1926 In
361 1887 501 1927 Sicilia
530 1900 629 1927 vero
661 1887 761 1940 quid
792 1887 1041 1940 cuiusquam
1071 1888 1293 1936 intererat,
1325 1902 1407 1941 quo
1430 1888 1522 1929 loco
1545 1889 1692 1930 daret?
1723 1904 1862 1944 neque

104 1950 215 1990 enim
244 1948 496 2003 portandum
527 1954 634 1997 erat,
665 1953 707 1988 et
736 1962 818 2002 quo
853 1950 1031 2003 quisque
1062 1948 1213 1990 vehere
1242 1950 1380 1990 iussus
1408 1957 1538 2000 esset,
1573 1952 1630 1992 ibi
1662 1953 1863 1993 tantidem

101 2011 355 2053 frumentum
386 2017 555 2060 emeret,
586 2012 732 2066 quanti
762 2010 875 2052 domi
899 2011 1170 2053 vendidisset.
1230 2009 1323 2054 1193.
1356 2013 1492 2062 Quam
1521 2014 1573 2055 ob
1598 2027 1685 2055 rem
1715 2015 1750 2057 si
1779 2016 1863 2064 vis,

190 2244 220 2277 2.
246 2243 281 2275 in
303 2251 377 2275 eum
399 2244 499 2273 const.
525 2240 616 2281 [329
632 2242 709 2273 ΑΒ.
747 2240 795 2273 Cf.
822 2241 861 2273 V.
888 2242 919 2282 ἓ.
946 2241 998 2273 23.
1026 2258 1061 2264 --
1088 2239 1118 2273 3.
1144 2241 1260 2273 vellent
1282 2241 1386 2283 [342.
1414 2259 1449 2264 -
1476 2241 1508 2275 4.
1532 2243 1678 2284 fructum
1700 2245 1803 2287 [329.
1824 2265 1859 2271 -

103 2295 133 2327 5.
158 2297 196 2326 ut
216 2293 248 2325 hi
270 2291 373 2333 [342.
393 2309 427 2314 -—-
453 2292 731 2323 innocentissimos
753 2300 772 2322 a
790 2292 811 2323 F
836 2293 870 2323 et
894 2291 1032 2324 duobus
1057 2291 1130 2324 aliis
1155 2291 1282 2323 abesse
1307 2291 1449 2324 tradidit
1470 2293 1593 2326 Lamb.
1614 2313 1649 2318 —
1675 2296 1783 2329 nimus
1806 2303 1866 2331 aut

103 2345 355 2377 audiuimus—-
370 2346 468 2383 atque
499 2343 534 2374 in
562 2351 635 2374 mea
660 2342 690 2382 S.
710 2342 783 2373 493.
808 2350 841 2373 v.
868 2343 899 2374 6.
926 2342 1032 2374 hahet
1055 2342 1094 2374 V.
1122 2359 1157 2363 —
1192 2342 1346 2373 audimus
1368 2342 1459 2382 [329
1475 2343 1520 2380 Β;
1555 2344 1697 2378 vidimus
1719 2347 1809 2389 [342
1826 2350 1861 2389 F,

102 2396 122 2428 2
138 2394 240 2427 codd.
259 2392 381 2426 Lamb.
410 2410 444 2414 —
472 2393 502 2425 6.
527 2392 672 2433 fecerunt
689 2392 717 2423 V
741 2393 776 2424 et
799 2390 901 2432 [342.
923 2409 957 2413 -
985 2391 1043 2423 abs
1065 2395 1094 2423 te
1117 2391 1230 2432 Lg42jz
1257 2401 1279 2423 a
1302 2395 1331 2423 te
1353 2391 1428 2423 rell.
1455 2393 1497 2431 03
1523 2393 1581 2425 abs
1604 2398 1633 2427 te
1655 2406 1742 2429 nunc
1765 2399 1804 2430 V.
1827 2417 1861 2422 —

101 2445 227 2477 utrisne
249 2444 314 2477 AB
338 2443 428 2483 [329
452 2443 498 2474 V:
524 2443 609 2474 utris
631 2441 704 2474 rell.
732 2443 769 2474 Ο.
798 2459 831 2463 -
860 2442 891 2473 7.
917 2442 1109 2473 conlaturus
1132 2450 1164 2473 es
1185 2451 1260 2473 cum
1282 2442 1309 2473 is
1324 2442 1364 2473 V.
1385 2442 1464 2483 (Br.)
1483 2460 1519 2465 —
1547 2444 1577 2475 9.
1603 2445 1662 2489 ila]
1686 2447 1745 2479 hoc
1767 2447 1808 2479 V.
1825 2465 1859 2469 —-

97 2495 216 2535 petisse
239 2494 258 2526 6
281 2493 385 2534 Lagg.
412 2492 496 2524 dett.
521 2492 566 2523 V:
593 2493 714 2524 dedisse
737 2492 818 2531 ΑΒ;
840 2492 971 2531 petiisse
992 2492 1083 2531 [329
1101 2490 1142 2523 42
1166 2490 1238 2531 alii,
1266 2492 1303 2523 Ο.
1332 2509 1367 2513 -
1397 2501 1472 2523 cum
1494 2502 1537 2524 ex
1559 2495 1660 2526 ternis
1681 2497 1749 2527 trit.
1775 2498 1861 2529 mod.

102 2544 172 2585 (sic)
196 2543 226 2576 V
243 2543 322 2583 (ΒΓ.)
348 2543 383 2574 et
406 2543 456 2575 sie
480 2543 594 2574 statim
618 2542 704 2574 mod.
724 2550 787 2583 pro
803 2542 929 2573 modiis.
951 2559 986 2562 —
1014 2541 1065 2572 40.
1088 2549 1150 2580 per
1172 2541 1316 2582 singulos
1338 2542 1425 2573 mod.
1445 2541 1547 2582 [342.
1567 2560 1603 2565 -
1630 2548 1739 2577 ternos
1761 2547 1864 2578 dena-

98 2595 167 2626 rios
188 2594 234 2626 V:
260 2592 415 2624 denarios
436 2591 483 2623 III
502 2591 613 2632 [342;
640 2595 748 2624 ternos
772 2593 852 2632 (om.
879 2590 1041 2629 denarios)
1065 2589 1139 2622 rell.
1168 2608 1202 2612 —
1230 2591 1282 2622 44.
1308 2600 1375 2623 non
1398 2592 1499 2623 audes
1515 2592 1544 2623 V
1560 2592 1684 2625 etalii:
1709 2603 1783 2627 cum
1797 2606 1863 2628 non

100 2645 201 2676 audes
223 2644 262 2676 N.
290 2643 479 2683 (antequam
500 2651 576 2675 eum
598 2642 657 2674 hoc
680 2652 745 2674 non
769 2642 869 2673 audes
891 2639 1008 2680 [342.)
1028 2657 1064 2662 -
1091 2640 1149 2671 illa
1173 2640 1275 2681 [342.
1297 2658 1332 2662 -
1359 2641 1411 2673 42.
1436 2645 1572 2673 vectura
1588 2643 1627 2674 V.
1649 2661 1683 2665 —
1710 2645 1865 2678 denarios

98 2695 147 2726 III
167 2691 270 2734 [342.
284 2708 319 2714 --
339 2690 391 2723 43.
417 2691 566 2723 locumue
583 2700 620 2730 p.
640 2690 742 2731 [342.
764 2709 799 2713 -
825 2690 1057 2723 Philomeleone
1079 2689 1121 2728 4;
1148 2690 1319 2722 Philomelo
1335 2691 1380 2729 V;
1405 2691 1621 2723 Philomelone
1636 2692 1735 2731 dett.;
1760 2695 1863 2726 Philo-

98 2743 194 2776 melio
217 2742 338 2775 Maius.
364 2758 399 2763 —-
434 2740 486 2773 44.
513 2750 648 2773 annona
670 2742 710 2773 V.
738 2758 772 2763 -
808 2741 1023 2780 quoddierum
1044 2739 1084 2771 V.
1113 2757 1147 2761 —
1175 2741 1227 2772 45.
1251 2742 1344 2773 video
1368 2742 1470 2773 tertio
1494 2741 1572 2774 loco
1598 2751 1667 2774 om.
1693 2744 1795 2784 [342.
1823 2761 1858 2767 -

98 2791 391 2826 Philomeliensibus
412 2791 452 2830 V,
483 2791 674 2824 Lambinus
706 2793 741 2823 et
769 2792 818 2823 O:
854 2789 1134 2822 Philomelensibus
1165 2789 1267 2822 codd.
1299 2789 1372 2822 rell.
1413 2790 1510 2832 [Illud
1540 2801 1604 2824 nos
1633 2794 1860 2833 restituimus,

101 2852 182 2876 cum
212 2844 259 2875 ita
282 2842 318 2874 in
340 2841 369 2872 V
393 2841 537 2873 exstare·
554 2842 624 2873 iam
647 2841 789 2873 Brunnii
813 2840 1013 2873 testimonio
1038 2840 1284 2873 confirmatum
1307 2841 1376 2882 sit.]
1414 2858 1449 2863 —
1488 2842 1540 2874 46.
1567 2843 1648 2875 dare
1670 2844 1699 2874 V
1722 2845 1756 2875 et
1780 2845 1860 2884 Lag.

99 2894 154 2926 29.
178 2893 254 2926 42.;
292 2893 421 2924 tantum
444 2891 524 2923 dare
546 2890 620 2923 rell.
648 2893 682 2923 et
705 2891 786 2923 edd.
819 2890 1024 2932 [abiecimus
1055 2890 1180 2923 falsum
1207 2890 1519 2934 supplementum]
1549 2910 1583 2915 —
1606 2895 1715 2933 potius
1735 2894 1865 2933 Phrya-

99 2944 157 2984 gia
177 2943 219 2976 V,
239 2960 275 2965 —
298 2944 438 2982 portare
460 2942 504 2972 ad
531 2942 706 2973 amendam
732 2941 772 2972 V.
804 2958 838 2962 ——
879 2941 930 2973 48.
955 2944 1001 2972 est
1027 2949 1097 2972 om.
1128 2942 1152 2972 Ο
1181 2943 1301 2973 contra
1329 2940 1455 2980 codd.;
1491 2943 1532 2973 sit
1554 2943 1657 2983 [342.
1685 2961 1719 2964 -
1747 2943 1863 2975 Henna

99 2991 140 3032 V,
165 2992 256 3033 [329
281 2993 315 3024 et
330 2990 350 3023 4
367 2989 441 3022 alii:
465 2990 564 3022 Enna
586 2990 623 3022 O.
651 2989 701 3022 Cf.
719 2990 760 3021 11.
787 2989 819 3030 g.
840 2991 913 3022 456.
934 3007 968 3011 -
995 2990 1083 3030 cogis
1097 2990 1199 3030 [342.
1220 3009 1255 3013 -
1282 2990 1339 3022 tibi
1362 2999 1432 3023 non
1456 2999 1526 3023 om.
1544 2992 1584 3031 V,
1610 2993 1648 3023 ut
1671 2992 1717 3023 ait
1740 2993 1860 3024 Maius.

103 3056 138 3062 —
168 3041 220 3073 49.
246 3041 282 3073 id
303 3044 382 3080 quot
402 3040 487 3071 sumi
509 3040 550 3072 V.
577 3057 614 3062 —
639 3040 804 3071 Ennenses
826 3040 863 3072 Ο.
892 3057 926 3061 ——
953 3040 1178 3072 admetiantur
1199 3041 1247 3072 V:
1273 3041 1452 3072 metiantur
1475 3040 1579 3072 codd.
1610 3040 1683 3073 rell.
1715 3043 1749 3073 et
1779 3042 1859 3074 edd.

102 3089 200 3130 [illud
227 3099 291 3123 nos
319 3091 538 3132 recepimus,
579 3098 599 3121 a
631 3090 782 3122 Brunnio
813 3089 967 3131 primum
1002 3098 1044 3121 ex
1077 3089 1106 3120 V
1137 3088 1338 3131 prolatum]
1376 3107 1411 3113 —-
1450 3091 1614 3122 Phintiam
1640 3091 1685 3122 V:
1720 3091 1863 3122 Pintiam

100 3139 208 3179 [342;
244 3139 300 3172 alii
322 3140 433 3172 allter.
459 3157 494 3162 —
532 3140 586 3172 20.
614 3142 645 3171 et
668 3140 822 3172 Catinam
845 3138 948 3179 [342.
980 3155 1015 3160 —
1041 3139 1195 3171 maxima
1219 3140 1259 3171 V.
1291 3157 1326 3161 -—
1353 3148 1390 3172 eo
1413 3139 1464 3172 die
1479 3140 1519 3172 V.
1547 3139 1626 3179 (ΒΓ.)
1652 3139 1796 3181 [Recte]
1824 3158 1859 3164 —-

101 3188 156 3220 24.
181 3192 226 3220 est
248 3198 329 3229 opus
350 3190 440 3231 [329
461 3190 526 3222 ΑΒ
540 3189 585 3221 V:
612 3198 692 3229 opus
714 3193 759 3221 est
780 3188 871 3230 [342
893 3188 976 3220 dett.
1002 3188 1039 3219 Ο.
1066 3205 1102 3210 -
1135 3190 1190 3221 22.
1214 3190 1272 3221 hoc
1294 3190 1363 3221 iud.
1389 3190 1653 3222 existumationis
1675 3190 1715 3221 V.
1743 3207 1778 3212 -—
1805 3190 1859 3223 23.

102 3237 236 3278 adsequi
256 3238 298 3272 V.
334 3257 369 3262 —
405 3240 455 3272 uti
476 3238 521 3271 ibi
544 3239 709 3279 accipiant
730 3239 770 3271 V.
808 3256 843 3260 —
881 3238 934 3271 24.
960 3241 1096 3271 aestum.
1121 3239 1161 3271 V.
1193 3256 1227 3261 —-
1265 3240 1318 3271 25.
1344 3240 1385 3271 iis
1407 3239 1529 3272 Lamb.
1556 3241 1595 3272 O:
1621 3240 1670 3271 his
1693 3239 1795 3272 codd.
1821 3258 1851 3263 —

101 3285 156 3318 27.
179 3288 302 3331 vehere]
324 3289 518 3323 veneriusv
535 3289 620 3330 (Br.;
651 3289 762 3322 Maius
785 3287 888 3329 legit:
912 3288 1046 3327 veneri).
1066 3305 1101 3309 —
1121 3289 1205 3320 tanti
1219 3288 1249 3321 V
1270 3287 1409 3330 [recte];
1433 3293 1564 3323 tantum
1577 3289 1680 3330 [342.
1701 3306 1736 3312 -
1762 3289 1816 3323 28.
1833 3291 1862 3322 si

101 3334 152 3367 vis
171 3335 213 3369 Η.
238 3337 351 3371 docere
365 3339 406 3381 V,
430 3350 474 3382 φ,
498 3338 611 3382 [3422
635 3339 664 3372 si
686 3339 765 3380 quid
785 3339 825 3372 H.
850 3338 965 3372 docere
985 3337 1034 3369 vis
1056 3337 1141 3371 dett.
1167 3339 1206 3372 Ο.

158 3395 270 3430 cicero
294 3397 328 3431 Τ.
347 3399 384 3433 11.
1558 3400 1612 3444 20
