2175 3718
248 248 328 291 2018
732 249 786 290 IN
817 248 1035 289 VERREM
1064 246 1226 288 ACTIO
1259 247 1500 289 SECUNDA

248 363 312 402 nis
342 374 480 414 neque
508 359 806 401 beneficiorum
837 359 1192 405 collocandorum,
1225 359 1297 398 sed
1327 359 1528 412 pecuniae
1559 358 1842 399 conciliandae
1873 374 1995 402 causa

248 423 513 477 susceperis?
573 420 666 462 2138.
698 424 841 475 Itaque
874 422 933 460 illi
966 434 1157 460 censores
1184 421 1369 461 fecerunt
1398 422 1532 468 idem,
1564 420 1675 473 quod
1707 421 1750 459 in
1779 425 1919 461 nostra
1953 437 1996 463 re

247 485 413 539 publica
443 485 579 525 solent
608 485 663 532 ii,
695 486 766 537 qui
797 498 872 536 per
903 483 1165 536 largitionem
1188 484 1450 535 magistratus
1478 482 1617 535 adepti
1642 487 1763 521 sunt:
1795 481 2000 523 dederunt

247 560 438 600 operam,
469 552 514 587 ut
544 548 599 588 ita
630 552 880 600 potestatem
912 551 1125 598 gererent,
1157 550 1202 584 ut
1232 545 1343 584 illam
1374 545 1562 584 lacunam
1592 544 1653 583 rei
1683 543 1896 583 familiaris
1928 557 2000 583 ex-

216 609 420 663 splerent.
463 610 530 649 Sic
560 623 707 649 census
738 609 904 648 habitus
937 612 999 647 est
1029 613 1068 646 te
1099 611 1311 659 praetore,
1342 611 1388 645 ut
1417 619 1467 645 eo
1499 619 1625 645 censu
1646 604 1801 644 nullius
1824 605 2000 645 civitatis

247 685 313 710 res
343 670 508 723 publiea
538 676 679 725 posset
709 670 1011 710 administrari:
1042 682 1136 708 nam
1169 667 1485 720 locupletissimi
1516 668 1718 719 cuiusque
1739 680 1906 706 censum
1929 680 2001 706 ex-

247 738 486 779 tenuarant,
527 734 760 773 tenuissimi
800 736 1015 770 auxerant.
1082 731 1227 783 Itaque
1266 731 1308 769 in
1350 730 1513 769 tributis
1554 729 1806 781 imperandis
1843 734 2002 769 tantum

248 795 387 834 oneris
418 794 530 846 plebi
561 795 870 847 imponebatur,
900 797 963 840 ut,
996 793 1119 832 etiam
1151 793 1184 832 si
1214 791 1406 831 homines
1437 797 1638 839 tacerent,
1671 805 1734 830 res
1765 792 1857 844 ipsa
1886 791 2002 831 illum

248 869 415 896 censum
446 858 710 909 repudiaret:
743 855 784 895 id
816 855 928 907 quod
959 854 1137 904 intelligi
1166 854 1360 892 facillime
1391 866 1435 892 re
1457 854 1547 906 ipsa
1575 858 1725 906 potest.
1770 854 1871 894 LVI.
1901 856 2003 896 Nam

199 932 234 962 4ο
248 920 292 959 L.
323 918 536 965 Metellus,
569 919 661 971 qui,
692 922 965 971 posteaquam
996 929 1072 967 ego
1105 915 1344 968 inquirendi
1376 929 1497 955 causa
1528 916 1567 955 in
1593 916 1773 956 Siciliam
1799 918 1909 964 veni,
1940 932 2004 958 re-

247 986 370 1035 pente
392 981 436 1019 L.
459 981 623 1021 Laetilii
654 981 833 1020 adventu
857 979 976 1018 istius
1007 991 1092 1018 non
1124 977 1248 1017 modo
1281 978 1456 1024 amicus,
1486 992 1629 1017 verum
1661 978 1784 1018 etiam
1806 985 2004 1032 cognatus

246 1043 376 1082 faetus
409 1046 492 1089 est,
531 1042 586 1089 is,
629 1042 741 1095 quod
777 1040 946 1081 videbat
981 1041 1101 1079 istius
1132 1054 1259 1079 censu
1290 1041 1389 1079 stari
1420 1040 1534 1079 nullo
1567 1040 1690 1079 modo
1724 1054 1869 1093 posse,
1908 1055 2002 1081 eum

248 1117 414 1144 censum
456 1104 666 1144 observari
705 1104 847 1150 iussit,
890 1103 961 1155 qui
991 1103 1081 1142 viro
1112 1102 1342 1141 fortissimo
1374 1106 1498 1154 atque
1531 1103 1872 1143 innocentissimo
1906 1106 2002 1144 Sex.

246 1167 461 1206 Peducaeo
492 1171 686 1219 praetore
716 1165 884 1205 habitus
916 1169 1038 1205 esset.
1082 1165 1210 1204 Erant
1241 1165 1351 1203 enim
1385 1170 1468 1203 tum
1491 1177 1684 1204 censores
1710 1154 1871 1217 legibus
1892 1166 2001 1214 faeti,

198 1242 234 1271 45
247 1228 395 1269 delecti
427 1241 451 1268 a
481 1228 566 1267 suis
598 1228 854 1275 civitatibus,
887 1227 1056 1280 quibus,
1097 1227 1132 1266 si
1163 1227 1263 1279 quid
1294 1227 1621 1273 commisissent,
1652 1240 1812 1279 poenae
1843 1228 2002 1279 legibus

248 1295 365 1331 eraut
402 1290 663 1330 constitutae.
723 1287 816 1328 2139.
858 1290 915 1328 Te
956 1295 1092 1329 autem
1131 1294 1322 1342 praetore
1354 1290 1448 1341 quis
1480 1303 1626 1328 censor
1656 1294 1725 1329 aut
1754 1289 1889 1341 legem
1919 1303 2004 1329 me-

247 1357 401 1400 tueret,
433 1365 515 1405 qua
545 1366 628 1393 non
659 1352 895 1399 tenebatur,
927 1353 1124 1404 quoniam
1151 1357 1313 1391 creatus
1345 1352 1435 1403 lege
1466 1365 1551 1391 non
1582 1356 1690 1399 erat3
1722 1356 1791 1391 aut
1820 1350 2004 1390 animad-

246 1416 482 1455 versionem
513 1420 647 1462 tuam,
679 1428 771 1454 cum
803 1414 864 1461 id,
897 1414 1011 1467 quod
1041 1414 1112 1453 abs
1138 1420 1174 1454 te
1198 1418 1374 1461 emerat,
1404 1414 1690 1453 vendidisset?
1736 1415 1893 1454 Teneat
1921 1416 2002 1456 iam

248 1492 347 1519 sane
378 1491 492 1517 meos
523 1482 650 1517 testes
680 1477 895 1517 Metellus:
936 1481 1056 1528 cogat
1085 1476 1190 1516 alios
1222 1475 1412 1523 laudare,
1453 1476 1559 1515 sicut
1588 1476 1631 1516 in
1662 1476 1801 1516 multis
1833 1483 2003 1517 conatus

197 1553 234 1584 20
249 1547 331 1583 est:
362 1541 488 1580 modo
519 1540 621 1580 haec
650 1539 794 1586 saciat,
826 1552 932 1592 quae
962 1539 1070 1578 facit.
1112 1539 1216 1587 Quis
1248 1539 1359 1578 enim
1388 1552 1584 1591 uinquam
1615 1544 1728 1578 tanta
1747 1552 1771 1578 a
1793 1553 2004 1593 quoquam

249 1602 522 1649 contumelia,
555 1602 648 1655 quis
681 1607 793 1641 tanta
823 1602 1051 1652 ignominia
1081 1604 1250 1641 affectus
1283 1603 1378 1640 cst?
1424 1601 1582 1649 Quinto
1613 1614 1781 1654 quoque
1809 1614 1918 1641 anno
1943 1603 2004 1642 Si-

248 1667 343 1707 cilia
373 1671 458 1706 tota
490 1669 693 1705 censetur.
751 1666 850 1704 Erat
889 1677 1012 1703 censa
1049 1670 1239 1717 praetore
1270 1663 1510 1703 Peducaeo:
1551 1664 1719 1716 quintus
1750 1676 1883 1702 annus
1914 1677 2004 1703 cum

248 1730 291 1769 in
322 1734 360 1768 te
391 1733 626 1781 praetorem
657 1726 891 1773 incidisset,
932 1739 1055 1765 censa
1094 1727 1230 1766 denuo
1263 1732 1336 1766 est.
1395 1727 1565 1765 Postero
1597 1738 1706 1765 anno
1738 1725 1782 1764 L.
1813 1725 2004 1765 Metellus

248 1791 503 1831 mentionem
543 1789 604 1829 tui
645 1802 792 1829 census
828 1788 920 1828 lieri
959 1793 1094 1828 vetat:
1136 1802 1330 1828 censores
1367 1788 1468 1828 dicit
1497 1789 1548 1827 de
1578 1790 1738 1841 integro
1768 1787 1847 1827 sibi
1878 1787 2006 1827 creari

197 1855 435 1908 25placere:
482 1853 642 1893 interea
685 1851 1002 1891 Peducaeanum
1052 1864 1220 1891 censum
1262 1851 1473 1890 observari
1513 1850 1641 1890 iubet.
1707 1850 1797 1889 Hoc
1835 1849 1870 1888 si
1909 1854 2004 1890 tuus

247 1915 438 1958 inimicus
469 1914 656 1961 fecisset,
688 1918 840 1961 tamen,
873 1913 906 1952 si
937 1913 1075 1952 animo
1096 1927 1231 1966 aequo
1261 1913 1478 1966 provincia
1499 1913 1682 1960 tulisset,
1713 1911 1867 1952 inimici
1898 1912 2005 1952 iudi-

248 1980 355 2019 cium
387 1990 510 2030 grave
541 1976 766 2017 videretur.
809 1977 921 2015 Fecit
950 1977 1106 2016 amicus
1128 1989 1272 2015 recens
1295 1981 1335 2016 et
1356 1980 1551 2028 cognatus
1572 1976 1855 2016 voluntarius:
1886 1976 2005 2017 aliter

248 2042 381 2088 enim,
427 2040 462 2079 si
505 2040 761 2092 provinciam
799 2039 1004 2086 retinere,
1051 2039 1085 2079 si
1128 2039 1264 2079 salwls
1297 2040 1386 2091 ipse
1418 2039 1460 2077 in
1490 2039 1705 2091 provincia
1735 2039 1861 2078 vellet
1891 2053 2004 2087 esse,

246 2103 381 2142 facere
421 2114 507 2141 non
545 2102 694 2153 potuit.
753 2101 875 2141 LVII.
911 2096 1001 2139 140.
1033 2102 1260 2154 Exspectas
1293 2102 1437 2147 etiam,
1482 2100 1583 2153 quid
1622 2100 1665 2140 hi
1696 2100 1912 2140 iudicent?
1963 2102 2005 2141 Si

198 2178 235 2207 30
251 2166 323 2205 tibi
353 2165 635 2217 magistratum
668 2164 931 2216 abrogasset,
976 2163 1137 2203 minore
1169 2164 1397 2215 ignominia
1427 2168 1465 2202 te
1495 2164 1720 2210 affecisset,
1761 2176 1883 2215 quam
1915 2177 2005 2203 cum

250 2242 318 2275 ea,
349 2240 456 2281 quae
486 2226 529 2266 in
559 2227 801 2278 magistratu
832 2226 1018 2278 gessisti,
1055 2227 1221 2265 sustulit
1251 2232 1375 2279 atque
1406 2226 1519 2265 irrita
1549 2225 1668 2264 iussit
1698 2238 1801 2264 esse.
1860 2226 2004 2278 Neque

248 2292 291 2332 in
321 2289 397 2329 hae
426 2301 470 2328 re
502 2288 589 2328 sola
618 2288 699 2327 fuit
730 2290 816 2328 eius
851 2288 984 2335 modi,
1027 2288 1120 2335 sed,
1164 2292 1387 2341 antequam
1419 2301 1493 2340 ego
1530 2288 1571 2326 in
1604 2287 1784 2327 Siciliam
1815 2288 1931 2335 veni,
1962 2288 2004 2327 in

250 2351 440 2394 maximis
471 2351 594 2390 rebus
626 2363 671 2390 ac
700 2351 913 2404 plurimis:
954 2363 1049 2390 nam
1080 2356 1121 2390 et
1150 2351 1339 2390 Heraclio
1373 2352 1652 2403 Syracusanos
1685 2355 1776 2389 tuos
1808 2350 1902 2389 illos
1933 2363 2005 2402 pa-

250 2414 456 2455 laestritas
495 2413 606 2454 bona
641 2414 860 2453 restituere
900 2412 1020 2453 iussit
1051 2418 1092 2453 et
1126 2413 1307 2466 Epicrati
1338 2413 1507 2452 Bidinos
1540 2417 1580 2452 et
1613 2412 1774 2465 pupillo
1804 2412 2005 2465 Drepani-

339 2672 369 2703 4.
390 2679 461 2710 pec.
487 2670 695 2702 collocandae
719 2668 808 2710 Lgffl
831 2678 865 2710 p.
892 2677 938 2700 m.
968 2687 1003 2690 —
1031 2669 1062 2700 2.
1089 2668 1137 2699 illi
1159 2667 1243 2708 licp:
1282 2676 1350 2699 om.
1378 2666 1439 2698 dtt.
1470 2684 1504 2689 —-
1531 2668 1560 2699 3.
1587 2668 1698 2707 adepsi
1721 2668 1761 2699 V.
1790 2686 1825 2690 -
1852 2667 1882 2699 6.
1904 2668 2007 2707 possit

250 2723 288 2753 V.
317 2739 352 2743 —-
378 2730 509 2752 censum
532 2721 621 2761 Lgffl
638 2729 690 2759 cp:
717 2728 829 2751 census
853 2719 902 2750 eV
926 2720 984 2750 ett.
1012 2719 1048 2750 O.
1078 2737 1111 2741 —
1139 2719 1169 2750 7.
1196 2718 1384 2750 tenuissumi
1408 2718 1446 2749 V.
1475 2736 1509 2740 —
1536 2717 1713 2759 auxerant]
1738 2718 1916 2750 hauserant
1941 2719 2006 2750 ΡΜ

250 2772 312 2804 dtt.
342 2789 377 2793 —
403 2771 434 2802 8.
461 2770 579 2811 oneris]
603 2770 735 2801 honoris
757 2770 796 2800 V.
826 2787 860 2791 —
886 2770 913 2799 si
936 2778 1044 2801 omnes
1067 2769 1128 2800 eV.
1158 2787 1192 2791 —-
1219 2769 1249 2799 9.
1276 2777 1326 2799 res
1349 2768 1421 2807 ipsa
1441 2768 1480 2799 V.
1503 2785 1538 2790 —-
1565 2769 1616 2799 40.
1643 2769 1757 2799 Sicilia
1772 2769 1811 2800 V.
1834 2787 1869 2791 —
1897 2769 1947 2799 Μ.
1966 2769 2002 2799 L.

249 2822 382 2854 Laetelii
405 2821 433 2851 V
463 2820 517 2861 (cf.
546 2820 576 2861 g.
603 2820 655 2852 64.
683 2819 792 2859 Μ«Ο,);
827 2819 933 2851 Lelilii
965 2819 1094 2850 omisso
1123 2818 1349 2859 praenomine
1375 2818 1411 2848 O.
1442 2835 1475 2839 —
1512 2818 1563 2848 42.
1590 2826 1686 2849 censa
1707 2818 1790 2849 stari
1813 2818 1857 2848 V:
1894 2826 2006 2849 census

249 2872 331 2903 stari
356 2872 377 2903 F
390 2872 444 2904 M:
470 2879 600 2902 censam
624 2873 712 2901 stare
735 2870 793 2900 ctt.
821 2869 859 2900 O.
881 2887 915 2891 —
943 2868 993 2900 44.
1020 2870 1161 2900 Pedaceo
1187 2868 1247 2907 (sie
1272 2867 1375 2898 etiam
1400 2866 1496 2906 intra)
1522 2867 1560 2898 V.
1585 2885 1618 2889 —
1643 2867 1807 2898 habitatus
1830 2875 1895 2898 esse
1910 2867 1949 2898 V.
1968 2885 2002 2890 ——

251 2923 302 2953 46.
329 2922 400 2961 quis
417 2920 505 2960 Lglwz
521 2921 566 2952 L:
595 2919 652 2958 qui
675 2919 733 2950 ctt.
753 2919 789 2949 O.
814 2936 847 2940 —
873 2921 1027 2949 nzeluere!
1051 2917 1083 2958 4,
1105 2918 1149 2948 V:
1176 2917 1325 2949 metuerit
1348 2925 1375 2947 s.
1394 2919 1553 2947 metuerat
1570 2918 1628 2948 cit.
1650 2935 1684 2938 —
1713 2918 1765 2948 48.
1791 2925 1865 2948 cum
1887 2917 1932 2956 id]
1950 2917 2006 2955 qui

250 2971 283 3001 id
308 2970 395 3010 Lgssffl
413 2979 419 3008 ;
446 2970 501 3009 qai
524 2977 598 2999 cum
620 2969 659 2999 V.
682 2985 716 2990 —
744 2970 849 2998 teneat
871 2976 958 2998 nunc
979 2969 1054 2999 Met.
1073 2971 1164 3000 testes
1184 2976 1271 3000 meos
1292 2965 1452 2998 Claudius
1469 2967 1639 2998 Sacerdos
1664 2967 1696 2998 in
1720 2965 1827 2998 Anall.
1855 2975 2003 3006 gramm.

250 3028 284 3060 p.
305 3020 356 3050 31.
372 3037 407 3041 -
433 3019 485 3050 ⁶20.
511 3018 591 3058 facit
615 3018 702 3057 Lgeo
716 3016 755 3049 4⁰2
769 3018 841 3056 Mcp
855 3017 904 3047 V:
929 3018 1003 3057 fecit
1019 3019 1078 3049 cit.
1092 3036 1126 3039 ——
1153 3018 1206 3050 σ23,
1224 3018 1258 3049 in.
1281 3020 1310 3048 te
1328 3017 1528 3057 praetorem]
1554 3017 1587 3047 in
1611 3020 1640 3048 tc
1660 3017 1800 3057 populus
1815 3018 1851 3048 R.
1880 3017 2005 3056 (ortum

253 3077 293 3100 ex
310 3069 344 3100 P.
363 3069 398 3099 R.
423 3077 485 3109 pro
509 3069 568 3099 PR.
597 3067 646 3099 Cf.
674 3067 702 3107 g.
723 3067 788 3107 67.)
813 3068 858 3105 V;
885 3071 914 3099 te
932 3070 1086 3107 praetore
1111 3068 1170 3099 ctt.
1190 3068 1226 3099 O.
1253 3065 1409 3098 Lambini
1435 3067 1523 3097 coni.
1551 3075 1644 3098 nune
1669 3067 1790 3099 codice
1814 3065 1842 3095 V
1867 3066 2004 3104 egregie

253 3118 421 3148 firmatur.
468 3119 613 3158 Propter
642 3116 860 3157 praecedens
888 3126 922 3147 m
951 3117 1162 3157 praepositio
1197 3117 1247 3154 in,
1284 3115 1318 3146 id
1342 3115 1436 3155 quod
1461 3116 1664 3155 saepissime
1690 3117 1724 3147 in
1747 3115 1900 3146 Verrinis
1925 3115 2005 3147 alibi

254 3167 381 3198 factum
406 3166 574 3206 vidimus,
606 3167 714 3197 omitti
745 3165 841 3197 facile
873 3167 993 3207 potuit.
1033 3167 1119 3198 Tum
1150 3170 1178 3198 te
1201 3167 1261 3197 PR.
1287 3165 1485 3197 necessario
1510 3174 1573 3205 pro
1598 3165 1745 3197 ablativo
1770 3164 1966 3196 habebatur
1985 3174 2005 3196 a

252 3216 412 3248 librariis.
442 3235 476 3240 —-
503 3216 556 3248 ⁶23.
582 3217 715 3247 denuost
738 3217 776 3247 V.
809 3234 843 3238 ——
880 3215 932 3247 ⁵24..
959 3217 1052 3247 edicit
1077 3218 1110 3248 L.
1134 3235 1168 3239 —
1194 3225 1371 3247 creare--
1387 3215 1559 3247 observare
1584 3215 1671 3255 Lgffl
1697 3224 1728 3255 p.
1748 3223 1794 3245 m.
1818 3233 1851 3237 —
1877 3215 1930 3246 ⁶26.
1955 3216 2005 3255 fe-

252 3267 343 3298 cisset
368 3266 455 3305 Lglifz'.
480 3276 513 3307 p.
533 3276 578 3298 m.
598 3267 643 3297 V:
668 3267 740 3307 fieri
762 3267 884 3306 fecisset
909 3267 1014 3305 Lg293
1042 3266 1097 3297 libi
1119 3266 1178 3306 fec.
1206 3268 1264 3297 cit.
1292 3266 1328 3297 ().
1357 3283 1392 3287 —-
1419 3268 1542 3299 lcmzen,
1568 3265 1594 3295 si
1618 3264 1648 3302 4,
1678 3264 1705 3294 V
1729 3263 1789 3295 al.:
1817 3268 1925 3295 lamen
1949 3266 2006 3296 etsi

254 3317 272 3347 2
293 3317 392 3355 Lnga.
413 3318 443 3347 et
470 3317 548 3348 cod.
565 3317 685 3349 Mureti
711 3316 810 3346 Yarr.
831 3318 938 3346 Lcctt.
964 3316 1048 3347 XVI.
1076 3316 1146 3353 47.;
1173 3315 1299 3346 tametsi
1323 3317 1357 3345 t).
1388 3332 1421 3335 -
1449 3323 1552 3352 aequo
1577 3313 1687 3345 zozimo
1711 3314 1771 3345 eV.
1800 3331 1836 3337 —
1863 3314 1915 3346 30.
1939 3315 2005 3346 mi-

254 3366 327 3398 nori
350 3366 439 3407 Lgffl
464 3375 498 3408 p.
517 3375 563 3398 m.
593 3384 627 3389 —
654 3365 705 3398 33.
732 3366 960 3405 Syracusanos
983 3365 1071 3406 Lgsi-'J
1096 3373 1129 3406 p.
1149 3374 1218 3397 m.:
1244 3366 1456 3404 Syracusano
1481 3365 1539 3395 ctt.
1566 3364 1602 3394 O.
