2143 3713
650 217 746 257 CAP.
776 215 1060 255 xx-xxn.
1100 213 1172 268 §S-
1203 211 1399 253 553—58.
1819 210 1900 251 625

156 332 379 373 abalienari
427 333 469 371 in
513 328 816 382 Paphlagoniae
859 328 1037 367 tenebris
1084 332 1208 379 atque
1258 327 1300 365 in
1352 324 1637 377 Cappadociae
1678 324 1901 364 solitudine

158 396 328 435 licebit?
387 394 453 433 536.
484 394 528 431 L.
561 390 674 430 Sulla
711 403 802 428 cum
843 390 948 428 hona
991 389 1322 428 indemnatorum
1355 387 1504 426 civium
1534 387 1700 426 funesta
1730 386 1799 425 illa
1830 400 1903 425 sua

157 457 346 496 auctione
386 456 583 496 venderet
622 457 662 491 et
704 466 746 490 se
778 452 969 504 praedam
1003 464 1114 491 suam
1147 450 1302 488 diceret
1331 449 1534 496 vendere,
1577 455 1710 487 tamen
1742 462 1794 486 ex
1823 448 1903 487 hoc

159 520 250 558 loco
273 518 474 564 vendidit,
505 528 600 561 nec,
629 526 804 566 quorum
828 513 969 552 oculos
992 512 1247 558 offendebat,
1270 524 1410 550 eorum
1434 511 1617 562 ipsorum
1640 515 1902 562 conspectum

158 582 299 633 sugere
340 593 463 620 ausus
503 581 589 617 est:
632 575 855 615 decemviri
898 580 1035 614 vestra
1065 573 1278 625 vectigalia
1309 586 1393 612 non
1424 574 1548 611 modo
1579 573 1696 612 vobis
1727 572 1936 618 arbitris‚5

159 644 230 684 sed
260 656 312 682 ne
343 653 545 695 praecone
577 637 742 691 quidem
777 637 940 690 publico
972 641 1074 676 teste
1107 634 1319 674 vendent?

270 704 464 756 Sequitur
503 713 635 739 OMNES
666 711 797 739 Minos
829 711 964 738 Enim
996 699 1172 737 linitum
1204 695 1363 736 inlinito
1395 709 1447 736 ex
1477 701 1682 748 tempore,
1720 708 1824 742 non,
1864 699 1908 733 nt

161 772 299 813 antea,
340 766 389 804 ab
421 763 533 803 Sulla
565 767 605 801 et
636 761 828 813 Pompeio
861 760 1112 799 consulibus.
1174 756 1363 811 Cognitio
1394 758 1691 804 decemvirum,
1723 758 1907 810 privatus

159 831 212 868 sit
241 841 292 867 an
323 825 534 880 publicus:
567 823 691 877 eique
723 835 820 874 agro
852 822 1026 873 vectigal
1047 821 1278 874 pergrande
1300 821 1534 874 imponitur.
1580 818 1756 858 57.110‹:
1778 832 1909 870 quan-

160 897 241 930 tum
281 888 498 932 iudicium,
543 898 667 939 quam
708 885 1031 930 intolerandum,
1072 897 1195 936 quam
1228 883 1384 935 regium
1415 883 1488 929 sit,
1528 881 1958 935 (1110111Ρ130101-1ῑῗ10

157 965 300 1005 posse,
332 949 664 1002 quibuscumque
695 947 797 986 locis
831 945 1121 993 velint,‘nulla
1150 945 1468 997 disceptatione,
1499 944 1614 983 nullo
1637 943 1808 984 consilio
1830 943 1911 997 pri-

157 1018 248 1053 vata
286 1010 521 1065 publicare,
560 1009 726 1062 publica
767 1009 969 1047 liberare?
1015 1007 1234 1059 Excipitur
1272 1006 1351 1045 1100
1393 1006 1526 1060 capite
1567 1018 1666 1058 ager
1695 1006 1736 1045 in
1769 1006 1910 1045 Sicilia

155 1073 476 1114 Recentoricus:
520 1084 642 1124 quem
683 1085 758 1123 ego
800 1071 935 1122 excipi
979 1074 1019 1109 et
1048 1073 1216 1121 propter
1245 1068 1460 1108 hominum
1492 1068 1840 1108 necessitudinem
1872 1072 1911 1106 et

154 1140 318 1189 propter
346 1134 610 1187 aequitatem,
633 1132 828 1180 Quirites,
863 1133 951 1184 ipse
986 1131 1254 1170 vehementer
1281 1130 1455 1183 gaudeo.
1494 1130 1575 1170 Sed
1599 1144 1705 1184 quae
1728 1135 1790 1170 est
1808 1130 1911 1169 haec

153 1196 440 1250 impudentia?
488 1195 568 1244 Qui
608 1208 750 1247 agrum
782 1194 1093 1233 Recentoricum
1124 1193 1361 1245 possident,
1403 1197 1606 1232 vetustate
1637 1193 1911 1245 possessionis
1926 1201 1960 1229 15

155 1272 218 1306 se,
248 1272 333 1298 non
364 1258 474 1305 iure,
506 1256 789 1297 misericordia
820 1261 1007 1301 senatus,
1039 1267 1124 1293 non
1160 1254 1246 1307 agri
1273 1254 1514 1294 condicione
1537 1254 1778 1294 defendunt.
1807 1255 1911 1293 Nam

154 1322 267 1361 illum
291 1335 431 1374 agrum
455 1319 666 1373 publicum
690 1332 781 1359 esse
802 1318 1003 1358 fatentur:
1035 1330 1078 1355 se
1100 1316 1258 1355 moveri
1284 1316 1639 1370 possessionibus,
1672 1315 1913 1369 antiquissi-

154 1384 230 1423 mis
261 1383 430 1423 sedibus
460 1395 507 1422 ac
538 1381 601 1421 dis
633 1381 873 1434 penatibus,
905 1382 1058 1432 negant
1087 1383 1292 1430 oportere.
1338 1379 1419 1425 Ae,
1452 1378 1484 1418 si
1513 1383 1575 1418 est
1602 1378 1784 1432 privatus
1815 1391 1913 1430 ager

153 1445 472 1491 Recentoricus,
504 1443 607 1497 quid
639 1458 731 1483 011111
764 1443 956 1495 excipis?
997 1442 1060 1481 sin
1092 1447 1230 1481 autem
1259 1440 1475 1494 publicus,
1508 1453 1614 1494 quae
1645 1446 1708 1480 est
1737 1441 1815 1480 ista
1845 1454 1912 1480 ae-

154 1509 311 1562 quitas,
352 1512 535 1554 ceteros,
575 1506 699 1546 etiam
732 1506 765 1545 si
794 1505 943 1558 privati
976 1505 1077 1551 sint,
1118 1504 1356 1558 permittere
1386 1507 1432 1542 ut
1471 1503 1626 1556 publici
1655 1502 1905 1543 iudicentur:
1925 1512 1961 1540 ΞΟ

154 1571 267 1610 1111110
299 1569 493 1622 excipere
525 1568 801 1614 nominatim,
833 1567 905 1620 qui
936 1567 1124 1620 publicus
1156 1580 1246 1606 esse
1276 1566 1485 1606 fateatur?
1524 1566 1634 1618 Ergo
1655 1578 1796 1605 eorum
1816 1579 1914 1619 ager

157 1632 380 1685 excipitur,
413 1632 484 1685 qui
516 1630 627 1683 apud
648 1629 816 1669 Rullum
848 1629 988 1682 aliqua
1019 1630 1178 1669 ratione
1210 1628 1453 1668 valuerunt:
1485 1629 1610 1667 ceteri
1640 1628 1726 1680 agri
1755 1642 1912 1676 omnes,

157 1694 228 1747 qui
270 1694 426 1747 ubique
469 1698 583 1739 sunt,
626 1693 714 1732 sine
745 1692 831 1731 ullo
863 1691 1048 1739 delectu,
1090 1692 1178 1731 sine
1208 1690 1354 1743 populi
1386 1690 1559 1730 Romani
1591 1690 1784 1737 notione,
1824 1692 1912 1730 sine

158 1755 311 1795 iudicio
353 1760 520 1795 senatus
561 1754 805 1795 decemviris
846 1753 1102 1793 addicentur.
1160 1754 1293 1792 XXII.
1324 1751 1390 1791 ὃὸ.
1421 1753 1556 1805 Atque
1588 1753 1712 1792 etiam
1743 1757 1807 1792 est
1836 1753 1914 1792 alia

157 1819 367 1872 superiore
409 1819 561 1871 capite,
604 1831 686 1870 quo
726 1816 864 1855 omnia
894 1821 1093 1863 veneunt,
1137 1820 1387 1868 quaestuosa
1418 1816 1628 1867 exceptio,
1667 1828 1774 1868 quae
1806 1820 1963 1867 tegetes

158 1893 228 1920 eos
260 1893 404 1933 agros,
436 1879 487 1919 de
520 1879 669 1932 quibus
700 1878 869 1918 foedere
897 1883 1061 1917 cautum
1092 1883 1166 1917 est.
1202 1877 1391 1924 Audivit,
1422 1877 1528 1916 hanc
1560 1890 1645 1916 rem
1667 1891 1748 1917 non
1781 1890 1804 1916 a
1834 1891 1913 1924 me,

157 1941 230 1982 sed
270 1942 321 1982 ab
352 1942 444 1982 aliis
475 1941 624 1994 agitari
654 1954 778 1993 saepe
811 1940 853 1979 in
885 1946 1053 1987 senatu,
1095 1952 1409 1992 nonnumquam
1440 1952 1493 1978 ex
1521 1939 1600 1978 1100
1631 1939 1742 1987 1000,
1782 1939 1915 1992 possi-

157 2003 255 2044 dere
296 2017 416 2057 agros
464 2004 506 2043 in
537 2017 609 2043 ora
639 2003 843 2042 maritima
872 2016 1011 2055 regem
1042 2001 1345 2055 Hiempsalem,
1387 2015 1491 2054 quos
1524 2002 1565 2040 Ρ.
1595 2001 1811 2041 Africanus
1841 2016 1914 2056 po-

156 2066 255 2119 pulo
286 2066 472 2106 Romano
505 2065 774 2112 adiudicarit,
807 2065 845 2104 ei
879 2070 1014 2104 tamen
1046 2070 1191 2117 postea
1220 2077 1294 2116 per
1323 2064 1364 2103 C.
1388 2065 1545 2103 Cottam
1576 2064 1788 2104 consulem
1820 2078 1915 2104 cau-

158 2134 246 2168 tum
279 2142 370 2168 esse
400 2128 583 2168 foedere.
632 2127 723 2166 Hoc
754 2127 851 2180 quia
872 2140 946 2166 vos
978 2127 1123 2166 foedus
1145 2140 1229 2166 non
1250 2126 1471 2173 iusseritis,
1503 2132 1670 2166 veretur
1698 2126 1964 2180 Hiempsal30

156 2196 203 2230 ut
236 2191 336 2231 satis
366 2190 529 2231 firmum
560 2191 611 2230 sit
641 2194 682 2229 et
710 2194 857 2229 ratum.
905 2189 1043 2237 Quid?
1075 2188 1194 2229 cuius
1225 2189 1337 2228 modi
1368 2194 1430 2229 est
1458 2189 1595 2229 illud?
1640 2190 1818 2230 Tollitur
1845 2204 1916 2231 ve-

157 2258 284 2294 strum
314 2253 535 2301 iudicium3
566 2252 712 2292 foedus
744 2256 874 2291 totum
906 2251 1132 2304 excipitur,
1164 2251 1468 2304 comprobatur.
1514 2252 1636 2300 Quod
1667 2253 1816 2293 minuit
1845 2267 1916 2293 au-

158 2315 336 2355 ctionem
368 2314 710 2362 decemviralem,
739 2313 892 2362 laudo;
923 2313 1036 2367 quod
1069 2314 1155 2366 regi
1186 2314 1317 2354 amico
1348 2319 1484 2362 cavet,
1515 2328 1598 2354 non
1628 2315 1915 2368 reprehend03

158 2377 271 2430 quod
300 2390 385 2418 non
416 2378 540 2431 gratis
571 2374 635 2424 fit,
665 2375 817 2416 indico.
862 2375 1019 2415 Volitat
1049 2376 1158 2415 enim
1189 2380 1284 2416 ante
1316 2376 1459 2416 oculos
1490 2377 1661 2416 istorum
1682 2378 1782 2417 Iuba
1806 2378 1916 2430 regis

157 2437 289 2487 filius,
319 2439 563 2480 adolescens
595 2451 680 2479 non
711 2438 847 2479 minus
878 2438 985 2478 bene
1016 2442 1252 2478 nummatus
1283 2452 1407 2492 quam
1436 2438 1544 2478 bene
1574 2439 1805 2493 capillatus.
1929 2456 1966 2486 35

245 2587 276 2619 1.
308 2587 495 2620 abalienari
526 2588 551 2619 E
568 2588 649 2618 FG:
683 2586 824 2618 alienari
852 2583 962 2618 ΑΒΕ.
998 2605 1032 2608 -
1063 2586 1265 2626 capadociae
1296 2587 1333 2618 E.
1363 2605 1394 2610 -
1430 2589 1462 2619 ι).
1482 2589 1516 2618 ct
1539 2588 1569 2619 8.
1596 2587 1669 2619 silla
1693 2588 1772 2627 EF,
1811 2590 1843 2620 et
1868 2588 1918 2620 sic

159 2635 327 2678 deinceps
351 2637 479 2677 sillani,
506 2637 701 2669 sillanorum
724 2639 790 2668 cet.
813 2654 847 2658 —
873 2646 934 2667 sua
957 2637 1084 2668 actione
1106 2637 1149 2674 E;
1176 2637 1303 2668 actione
1325 2646 1386 2668 sua
1412 2637 1431 2668 F
1446 2639 1485 2675 1³3
1511 2637 1661 2668 auctione
1683 2646 1745 2669 sua
1766 2639 1791 2669 A
1806 2639 1829 2669 L
1843 2636 1865 2671 ΣΞ
1879 2638 1915 2669 O.

162 2704 197 2709 —-
223 2687 254 2719 3.
279 2688 417 2719 vendere
446 2688 564 2719 diceret
587 2688 623 2719 L.
652 2704 686 2708 —
726 2688 756 2718 5.
788 2696 853 2718 non
880 2687 975 2717 modo
1006 2686 1095 2717 vobis
1117 2686 1252 2718 arbitris
1274 2686 1497 2718 Lauredanus
1522 2686 1576 2726 (ad
1600 2686 1709 2718 verba
1732 2687 1821 2718 nullo
1845 2690 1920 2718 teste

159 2737 191 2778 g.
217 2736 284 2777 64.)
311 2738 346 2769 et
367 2737 547 2770 Wolffius:
573 2747 639 2769 non
661 2738 755 2769 modo
779 2746 819 2769 ne
840 2737 958 2768 uestris
981 2737 1061 2777 (om.
1081 2737 1218 2776 quidem)
1245 2736 1380 2768 arbitris
1404 2737 1446 2774 123
1471 2746 1537 2768 ozon
1559 2737 1654 2768 ⁴modo
1678 2745 1717 2768 ne
1739 2736 1828 2767 vobis
1850 2736 1920 2775 qai—

159 2787 231 2817 dem
253 2786 388 2818 arbitris
410 2788 512 2819 EAL
528 2785 598 2820 QO,
634 2805 668 2809 —
706 2788 736 2818 7.
763 2786 868 2817 onmis
890 2787 927 2817 E.
966 2803 1000 2807 —
1037 2786 1068 2817 8.
1095 2789 1170 2817 ante
1193 2786 1234 2817 ab
1260 2787 1292 2817 F.
1322 2805 1356 2809 -
1384 2787 1413 2818 9.
1439 2787 1531 2825 eique
1553 2786 1742 2825 Madvigius
1768 2785 1822 2825 (ad
1846 2786 1916 2817 Cic.

159 2836 203 2868 de
228 2837 324 2869 Finn.
349 2845 384 2878 p.
403 2837 510 2877 688.):
536 2839 645 2877 sicque
668 2838 786 2869 ceteri.
808 2855 842 2859 -
868 2836 1008 2877 rectiqal
1026 2837 1215 2877 pet-[frande
1239 2836 1281 2866 E:
1304 2837 1494 2876 pergrande
1516 2835 1657 2876 vectigal
1679 2836 1701 2866 1³
1715 2837 1740 2866 A
1754 2836 1777 2866 L
1791 2835 1863 2868 80.
1882 2852 1915 2855 —

158 2885 236 2926 Hoc]
260 2886 311 2917 hie
334 2886 372 2917 E.
402 2904 437 2908 —
466 2887 519 2918 2102.
540 2887 685 2929 publica]
707 2887 839 2927 publica
864 2896 891 2917 r.
914 2895 948 2926 p.
976 2887 1001 2917 E
1027 2888 1066 2924 Ρ;
1089 2886 1222 2926 publica
1241 2894 1276 2924 p.
1304 2886 1340 2917 R.
1366 2885 1638 2922 Mommseniusg
1666 2894 1735 2917 om.
1763 2887 1796 2916 F.
1825 2903 1858 2907 —
1886 2887 1920 2917 in

160 2943 231 2968 om.
255 2936 281 2968 E
294 2936 317 2967 F
332 2937 356 2968 P
369 2937 408 2968 A.
434 2936 575 2968 Addidit
591 2938 783 2978 Naugerius
802 2937 833 2967 in
851 2936 906 2967 cd.
925 2936 1058 2968 Aldina.
1086 2938 1180 2977 ((19ον
1195 2936 1326 2967 Siciliae
1344 2936 1392 2974 T.)
1409 2952 1442 2956 —
1464 2934 1515 2966 44.
1533 2936 1600 2974 ipse
1617 2937 1801 2966 Gruterus:
1827 2944 1921 2974 saepe

161 2986 202 3024 (s.
226 2985 309 3025 sepe)
334 2986 395 3018 EF
408 2987 435 3017 A
450 2984 472 3019 8
487 2987 529 3024 O3
555 2995 632 3018 sane
656 2995 737 3018 cum
754 2986 957 3017 Lauredano
975 2987 1011 3017 L.
1033 3003 1067 3007 —
1094 2995 1179 3024 quae
1202 2989 1246 3017 est
1275 2986 1354 3016 haec
1376 2985 1578 3024 impudentia
1601 2985 1810 3025 Madvigius:
1838 2994 1922 3024 quae

160 3035 240 3067 haec
266 3036 470 3077 impudentia
500 3036 555 3068 ed.
589 3037 741 3073 Iuntina;
777 3037 855 3075 quid
883 3037 962 3067 haec
993 3036 1193 3075 impudentia
1222 3036 1339 3073 EFA3
1376 3035 1455 3073 quiid
1483 3036 1541 3066 hoc
1570 3034 1789 3074 impudentius
1817 3035 1853 3066 T.
1882 3052 1916 3058 —

165 3085 217 3116 ¹15.
242 3086 460 3118 recentarium
483 3087 520 3118 E.
548 3104 582 3107 —
604 3087 819 3126 possessiones
841 3087 878 3118 E.
906 3104 941 3109 -
969 3086 1021 3116 47.
1046 3094 1078 3116 se
1103 3085 1236 3124 moveri]
1259 3085 1438 3116 sermoueri
1460 3085 1504 3122 Ρ;
1535 3085 1590 3116 sed
1611 3084 1734 3115 moveri
1758 3092 1839 3115 cum
1863 3083 1919 3115 ed.

164 3132 286 3165 Aldina
308 3133 349 3173 Q
380 3136 434 3167 sed
456 3144 488 3167 se
510 3136 634 3167 moveri
657 3137 693 3168 L.
722 3153 757 3159 -
789 3135 1023 3175 antiquissimis
1049 3134 1294 3165 Laui-edanus:
1331 3142 1353 3164 a
1374 3133 1532 3164 maximis
1555 3134 1597 3171 E;
1630 3132 1853 3164 avnircissimis
1875 3134 1919 3171 P;

165 3182 370 3215 amicissimis
398 3184 584 3219 FALQO.
618 3203 654 3208 —
685 3186 737 3218 48.
764 3195 803 3218 αο
826 3186 943 3217 EFA:
976 3187 1011 3215 αε
1035 3192 1115 3215 011111
1139 3183 1195 3215 ed.
1220 3183 1355 3214 Iuntina
1378 3182 1487 3216 LssO.
1516 3200 1552 3205 —-
1581 3182 1634 3214 22.
1660 3182 1775 3221 aliqua
1795 3180 1923 3213 Madvi-

167 3233 259 3272 gius:
297 3234 367 3266 alia
395 3235 514 3267 ceteri.
547 3252 582 3258 —-
613 3235 666 3268 23.
692 3236 759 3268 sine
787 3237 867 3277 post
895 3245 928 3267 v.
953 3237 1027 3266 sunt
1056 3242 1125 3265 om.
1151 3234 1189 3265 E.
1217 3250 1251 3255 —-
1288 3233 1405 3264 delicta
1427 3233 1466 3264 E.
1499 3250 1533 3254 —
1570 3232 1702 3264 natione
1733 3232 1918 3272 (superscr.

166 3281 229 3314 litt.
254 3282 283 3323 ο)
307 3283 345 3316 E.
373 3302 409 3309 --
434 3285 487 3318 25.
514 3288 603 3327 tegat
625 3286 667 3324 T;
701 3286 778 3327 tegit
801 3294 882 3318 cum
906 3287 942 3317 P.
968 3284 1120 3316 Manutio
1145 3283 1181 3314 L.
1210 3300 1244 3305 —
1279 3282 1331 3315 ⁶29.
1358 3283 1387 3315 ei
1409 3281 1617 3315 Lambinus:
1644 3285 1673 3314 et
1695 3279 1919 3315 EFALsso.

169 3329 219 3364 Cf.
244 3331 269 3363 I.
297 3330 329 3373 g.
354 3333 407 3365 Μ.
434 3351 470 3358 -
497 3334 550 3369 34.
575 3334 656 3367 Iuba
678 3334 922 3368 Lauredanus:
947 3333 1045 3366 Iubae
1067 3330 1216 3366 EFA8.

225 3391 342 3424 CICERO
362 3392 397 3423 T.
411 3393 449 3424 11.
1272 3375 1274 3377 >
1588 3393 1641 3437 40
