2143 3713
273 203 355 247 322

271 324 300 348 c.
326 316 347 348 l.
373 318 396 348 t.
420 315 618 347 medimnum
639 314 748 347 XXVI.
773 317 802 346 ec
827 313 1040 346 accessionem
1060 312 1125 344 HS.
1150 313 1202 345 613
1227 313 1313 345 613.»
1349 313 1398 345 Ex
1426 312 1562 344 Hotom.
1588 311 1677 343 coni.
1703 311 1797 343 Grut.
1823 311 1944 344 Graev.
1970 309 2001 342 3.

271 371 352 404 Ern.
378 372 409 403 ’1.
434 371 471 403 Β.
497 371 576 403 Seh.
601 371 632 402 2.
658 379 747 412 quae
772 370 853 402 satis
876 368 1069 400 refutantur
1093 376 1196 408 supra
1219 368 1330 401 dictis.

357 426 412 458 IV.
450 427 487 459 C.
513 426 565 459 33.
591 425 622 467 S.
648 427 700 458 77.
736 425 822 458 Edd.
847 425 977 456 Veneta
1003 424 1038 455 et
1059 424 1215 454 Iuntina:

357 481 550 514 «Addicitur
570 482 740 514 medimnis
762 490 808 512 co.
834 489 882 511 6ο.
909 479 954 520 (id
971 481 1038 511 est:
1065 477 1156 517 MM.)
1181 479 1313 510 dimidio
1335 479 1403 519 fere
1417 478 1524 519 pluris
1540 486 1639 518 quam
1654 477 1821 517 superiore
1836 486 1933 509 anno.
1951 495 1970 500 —
1984 495 2003 500 -

269 537 366 568 demit
388 537 427 569 de
454 539 560 578 capite
585 538 749 570 medimna
772 537 802 567 d.
828 545 855 567 c.
883 535 927 575 (=
952 534 1033 575 DC.)
1066 533 1151 565 iubet
1177 534 1213 564 in
1242 534 1369 566 tabulas
1390 545 1454 574 pro
1477 534 1645 566 medimnis
1667 543 1714 565 co.
1740 542 1787 565 6ο.
1813 542 1861 565 60.
1886 533 2004 573 referri

269 592 301 624 d.
332 602 380 625 co.
411 602 460 625 co.
493 594 524 625 d.
556 597 585 626 et
613 594 706 626 IIII.»
742 592 805 633 (ai.
837 592 872 622 in
895 594 917 622 ι.
947 599 1012 631 pro
1035 590 1205 622 medimnis
1226 591 1344 622 MMM.
1372 591 1451 623 VIII.
1476 590 1592 631 referri
1617 590 1658 621 D.
1683 590 1730 621 M.
1755 589 1833 621 MD.
1859 592 1888 621 ei
1909 588 2002 620 1111.»

270 648 508 681 Cratandrina.
535 650 679 689 Hervag.
708 647 857 686 Camer.)

355 705 623 746 corruptissima
653 705 740 735 haee
773 712 790 734 e
821 702 941 734 Nannii
966 701 1028 734 Cd.
1055 703 1089 733 et
1113 702 1285 733 Frontone
1310 702 1396 734 mire
1420 702 1454 734 h.
1480 701 1502 734 l.
1530 699 1809 742 conspirantibus
1833 708 1914 733 cum
1937 700 2005 731 Ga-

268 761 404 792 ratonio
429 762 463 792 et
485 761 610 792 Beckio
634 760 678 791 ita
704 758 875 791 emendo:

356 816 550 848 «Addicilur
570 816 767 847 medimnum
794 814 872 846 VIII.
899 814 932 846 C.
964 814 1055 854 (octo
1079 812 1217 845 milibus
1242 814 1392 853 centum)
1419 813 1552 844 dimidio
1573 813 1641 853 sere
1659 813 1767 853 pluris
1788 821 1888 852 quam
1909 820 2005 852 supe-

267 871 356 904 riore
377 881 476 903 anno.
497 889 530 893 —-
551 871 647 903 demit
670 871 706 902 de
729 870 834 910 capite
855 870 1020 901 medimna
1040 870 1108 901 DC.
1133 869 1218 900 iubet
1239 869 1273 899 in
1296 868 1423 900 tabulas
1441 878 1504 909 pro
1526 870 1721 901 medimnum
1747 869 1827 900 VIII.
1853 868 1888 900 C.
1915 868 2004 908 (octo

268 926 407 959 milibus
431 927 580 967 centum)
605 926 723 967 referri
744 926 924 960 IOOMMD.
959 927 1106 967 (septem
1130 924 1221 956 milia
1246 926 1281 956 et
1303 925 1534 966 quingenta.)»
1570 924 1657 957 Nihil
1690 924 1827 957 clarius.
1852 933 1886 957 V.
1911 925 2005 956 Nan-

268 983 364 1014 nium
392 991 432 1014 ac
457 983 689 1015 Garatonium.
725 981 937 1014 Medimnum
963 983 1041 1013 octo
1070 980 1161 1012 milia
1190 982 1331 1013 centum
1356 980 1508 1012 efficiunt
1530 981 1686 1013 modium
1709 980 1830 1019 48600,
1862 979 2004 1012 dimidio

267 1039 369 1079 igitur
393 1038 438 1078 (id
462 1040 515 1070 est
537 1037 653 1079 duplo)
679 1037 767 1070 fere
790 1036 898 1078 pluris
922 1046 1028 1078 quam
1052 1036 1209 1069 modium
1232 1036 1337 1068 25800
1361 1037 1440 1068 anni
1464 1037 1664 1078 superioris.
1701 1035 1833 1077 Reliqui
1857 1036 1931 1068 sic:

355 1094 582 1126 «Addicuntur
611 1094 809 1125 medimnum
837 1094 928 1125 66133
952 1094 1044 1126 66133
1068 1094 1159 1125 66133
1181 1093 1235 1124 133
1261 1092 1387 1133 (35000)
1420 1093 1552 1124 dimidio
1573 1093 1641 1134 sere
1658 1092 1765 1133 pluris
1787 1100 1887 1131 quam
1908 1100 2005 1132 supe-

265 1149 354 1181 riore
377 1159 475 1181 anno.
504 1167 539 1171 —
564 1150 673 1182 Demit
695 1150 733 1181 de
754 1149 860 1189 capite
880 1150 1079 1181 medimnum
1102 1149 1154 1180 613
1179 1149 1231 1179 613
1255 1148 1307 1180 613
1331 1149 1383 1180 613
1409 1147 1512 1188 (4000)
1541 1148 1626 1179 iubet
1646 1148 1681 1179 in
1703 1147 1831 1179 tabulas
1850 1156 1912 1188 pro
1933 1155 2004 1178 me—

266 1205 413 1236 dimnum
435 1206 527 1237 66133
550 1206 643 1238 66133
667 1206 759 1238 66133
781 1206 834 1237 133
853 1205 979 1250 (35000)
1003 1205 1120 1245 referri
1144 1205 1235 1236 66133
1259 1204 1350 1236 66133
1374 1204 1465 1236 66133
1489 1204 1541 1236 613
1558 1211 1636 1236 6666
1660 1202 1821 1244 (31400).»
1851 1204 1886 1235 L.
1905 1203 2002 1235 4566.

266 1260 350 1293 Tam
373 1261 596 1294 manifestum
619 1270 776 1293 errorem
800 1261 976 1301 corrigens
1000 1262 1166 1292 Gruterus
1190 1261 1221 1291 in
1247 1260 1348 1292 alium
1375 1259 1493 1291 incidit
1516 1259 1645 1292 edens:

355 1316 544 1349 «Addicitur
564 1318 764 1349 medimnum
784 1317 898 1349 XXXV
917 1317 1046 1348 milibus
1068 1317 1098 1348 d.
1122 1317 1146 1357 f.
1167 1317 1215 1356 pl.
1242 1326 1295 1356 qu.
1320 1325 1346 1348 s.
1373 1325 1404 1347 a.
1431 1334 1465 1338 —-
1491 1317 1521 1347 d.
1548 1317 1579 1347 d.
1605 1325 1632 1348 c.
1657 1316 1855 1348 medimnum
1877 1315 1929 1347 613
1952 1315 2004 1347 613

266 1373 320 1404 613
341 1372 406 1404 136.
441 1373 546 1414 (3600)
582 1373 604 1404 i.
636 1374 670 1405 in
701 1377 723 1405 t.
747 1373 795 1413 pl.
827 1373 1025 1405 medimnum
1053 1372 1156 1404 ,XXXI
1179 1372 1296 1412 referri
1324 1372 1425 1403 XXXI
1446 1375 1474 1403 et
1497 1371 1629 1404 CCCC.»
1656 1389 1691 1393 —
1720 1372 1891 1404 Vitiosum
1913 1371 2005 1404 istud

266 1427 369 1460 XXXI
388 1430 617 1461 correxerunt
639 1431 761 1461 Graev.
780 1429 810 1461 3.
836 1430 915 1461 Ern.
942 1430 972 1460 4.
998 1429 1035 1460 Β.
1062 1428 1139 1460 Sch.
1159 1428 1189 1459 2.
1216 1429 1250 1460 in
1272 1428 1394 1460 XXXV.
1432 1429 1508 1459 Mox
1532 1427 1562 1468 g.
1581 1427 1633 1459 78.
1661 1429 1781 1459 contra
1806 1427 1915 1460 Codd.
1933 1436 2006 1458 mo·-

267 1484 357 1515 dium
378 1485 496 1516 MMM.
520 1485 588 1517 DC.
615 1486 659 1525 (=
684 1485 869 1517 medimnis
889 1486 970 1525 DC.)
996 1494 1015 1516 a
1038 1484 1205 1516 Lambino
1231 1484 1313 1516 4566
1336 1492 1455 1516 rursus
1480 1483 1611 1515 editum
1634 1492 1697 1524 pro
1722 1485 1817 1515 recto
1842 1485 1911 1515 est:
1936 1491 2006 1514 me-

267 1540 413 1572 dimnum
435 1541 488 1573 613
511 1541 563 1573 613
587 1540 639 1574 613
663 1542 734 1581 613,
761 1550 779 1573 a
797 1542 891 1573 Grut.
911 1542 1034 1572 Graev.
1054 1540 1084 1572 3.
1104 1541 1183 1572 Ern.
1204 1540 1234 1571 4.
1252 1540 1288 1571 Β.
1316 1540 1394 1572 Seh.
1413 1540 1466 1572 Ἅι
1490 1540 1689 1571 medimnum
1711 1539 1764 1571 613
1787 1539 1839 1572 613
1863 1539 1914 1572 613
1937 1539 2002 1571 136.

268 1595 440 1628 Οκειιιυε.

353 1652 452 1684 Hunc
475 1651 587 1684 Orellii
603 1662 804 1692 excursum,
832 1653 866 1684 in
891 1652 988 1683 cuius
1013 1653 1110 1692 parte
1135 1653 1291 1691 extrema
1315 1650 1477 1683 nonnulla
1501 1651 1610 1682 omitti
1633 1652 1808 1692 poterant,
1842 1650 1921 1682 ideo
1951 1650 2006 1682 in-

268 1707 404 1748 tegrum
433 1709 524 1749 typis
551 1709 678 1741 iterum
710 1708 976 1750 exprimendum
1000 1707 1215 1746 curavimus,
1253 1716 1295 1739 ne
1326 1706 1409 1748 quid
1433 1707 1466 1738 in
1490 1705 1597 1738 altera
1620 1707 1686 1738 hae
1711 1706 1879 1746 editione,
1911 1706 2005 1746 quod

267 1762 302 1794 in
320 1764 434 1804 priore
455 1763 567 1797 bonae
591 1764 696 1805 frugis
720 1765 862 1803 inesset,
890 1763 1160 1796 desideraretur.
