2143 3713
593 220 688 261 cst.
718 218 1064 259 va-an.
1106 216 1178 271 §§·
1211 213 1458 257 tec-431.
1815 210 1894 253 579

157 331 248 373 4⁶29.
279 333 368 373 Hoc
407 339 450 373 tu
490 332 597 372 idem
628 330 754 370 facies
802 343 950 369 censor
1002 330 1044 369 in
1086 333 1232 368 senatu
1263 327 1472 380 legendo?
1517 328 1557 367 Si
1592 332 1712 367 erunt
1742 326 1894 380 plures,

155 396 226 448 qui
257 395 309 435 ob
339 396 601 435 innocentem
623 392 980 433 condemnandum
1009 392 1226 444 pecuniam
1248 390 1506 442 acceperint,
1539 395 1582 429 tu
1605 403 1688 428 non
1711 389 1896 428 animad-

155 463 288 498 vertes
319 459 359 497 in
390 470 554 503 omnes,
594 454 666 494 sed
698 466 861 506 carpes,
902 460 947 493 ut
976 454 1100 500 velis,
1132 458 1171 492 et
1199 464 1354 505 paucos
1386 464 1437 491 ex
1468 452 1607 490 multis
1639 452 1689 491 ad
1721 451 1895 504 ignomi-

154 521 265 560 niam
305 520 506 559 sortiere?
565 516 742 555 Habebit
780 516 905 568 igitur
937 521 974 554 te
1006 515 1161 555 sciente
1200 518 1241 553 et
1279 513 1446 552 vidente
1487 514 1599 552 curia
1639 519 1890 559 senatorem,

153 582 333 636 populus
363 581 571 620 Romanus
602 577 802 625 iudicem,
835 592 899 617 res
933 577 1097 630 publica
1117 576 1248 615 civem
1270 575 1359 614 sine
1382 575 1607 627 ignominia
1630 578 1927 628 quemquamst3

155 645 226 698 qui
257 644 308 684 ad
338 642 563 696 perniciem
594 640 828 679 innocentis
859 639 983 679 fidem
1015 652 1130 678 suam
1163 642 1203 677 et
1231 637 1474 689 religionem
1507 638 1684 689 pecunia
1716 650 1897 676 commu-

156 708 284 747 tarit?
325 710 383 752 et,
414 704 484 756 qui
515 703 649 755 pretio
681 703 884 742 adductus
916 700 1114 755 eripuerit
1142 700 1338 752 patriam,
1383 699 1590 746 fortunas,
1627 697 1779 737 liberos
1819 698 1896 736 civi

153 766 384 813 innocenti,
429 765 462 804 is
494 764 705 804 censoriae
737 764 966 804 severitatis
997 767 1094 802 nota
1124 775 1207 802 non
1237 762 1456 801 inuretur?
1498 763 1559 800 Tu
1590 774 1633 801 es
1664 758 1898 813 praefectus

155 829 356 875 moribus,
402 831 445 866 tu
487 826 682 879 magister
721 826 871 865 veteris
910 825 1153 877 disciplinae
1195 838 1241 864 ac
1283 824 1535 871 severitatis,
1581 823 1614 863 si
1646 828 1714 863 aut
1744 821 1898 861 retines

154 902 403 944 quemquam
434 888 566 928 sciens
596 888 638 927 in
671 892 816 927 senatu
847 887 1003 927 scelere
1033 891 1147 926 tanto
1179 887 1502 927 contaminatum
1533 891 1603 926 aut
1627 884 1795 931 statuis,
1828 884 1897 937 qui
1918 888 1948 916 ¹0

153 953 194 992 in
225 951 368 991 eadem
399 950 522 1002 culpa
552 950 622 997 sit,
652 962 737 988 non
769 949 914 988 eadem
945 961 1081 1001 poena
1112 948 1220 987 affici
1252 948 1504 988 convenire?
1542 949 1624 987 Aut
1655 960 1778 1000 quam
1801 959 1899 986 con-

153 1014 357 1053 dicionem
390 1011 579 1066 supplicii
611 1012 789 1051 maiores
821 1012 862 1050 in
893 1010 1003 1051 bello
1034 1010 1244 1050 timiditati
1274 1010 1414 1049 militis
1437 1010 1694 1063 propositam
1717 1021 1808 1048 esse
1829 1022 1899 1048 vo-

150 1075 336 1121 luerunt,
373 1074 548 1114 eandem
589 1079 631 1113 tu
671 1074 711 1112 in
754 1087 855 1126 pace
886 1073 1110 1112 constitues
1145 1072 1398 1125 improbitati
1429 1073 1664 1113 senatoris?
1710 1070 1832 1119 Quod
1865 1071 1897 1110 si

150 1136 229 1176 hoc
261 1137 497 1189 exemplum
530 1148 582 1175 ex
611 1149 655 1175 re
686 1135 853 1175 militari
884 1135 935 1174 ad
968 1134 1369 1174 animadversionem
1397 1136 1629 1174 censoriam
1650 1133 1900 1174 transferen-

151 1198 247 1238 dum
285 1198 384 1246 fuit,
424 1198 641 1239 sortitione
685 1197 726 1237 id
762 1197 899 1250 ipsum
941 1197 1095 1236 sactum
1127 1209 1217 1235 esse
1249 1196 1448 1248 oportuit.
1494 1197 1566 1236 Sin
1596 1201 1734 1236 autem
1765 1195 1949 1235 sortirii-⁰»

151 1260 201 1300 ad
245 1273 422 1314 poenam
468 1266 508 1300 et
544 1260 758 1300 hominum
797 1259 993 1298 delictum
1033 1258 1224 1298 fortunae
1261 1258 1413 1298 iudicio
1444 1259 1699 1298 committere
1729 1257 1899 1297 minime

151 1323 387 1363 censorium
418 1328 502 1370 est,
542 1326 650 1363 certe
690 1322 731 1361 in
764 1321 984 1361 multorum
1015 1325 1189 1372 peccato
1220 1320 1331 1372 carpi
1362 1333 1517 1373 paucos
1549 1320 1600 1360 ad
1629 1319 1899 1373 ignominiam

152 1383 209 1438 [et
240 1381 552 1438 turpitudinem]
585 1398 670 1424 non
703 1389 880 1437 oportet.
940 1383 1103 1422 XLVII.
1136 1380 1228 1421 1130.
1260 1383 1414 1422 Verum
1446 1395 1588 1422 omnes
1617 1381 1901 1434 intelligimus,

149 1447 191 1485 in
232 1446 321 1486 istis
364 1447 737 1500 subscriptionibus
783 1450 952 1485 ventum
998 1444 1206 1498 quendam
1248 1444 1490 1499 popularem
1531 1458 1622 1485 esse
1654 1444 1900 1498 quaesitum.

150 1508 302 1548 lactata
330 1521 396 1549 res
427 1513 514 1549 erat
542 1509 585 1548 in
616 1509 810 1549 contione
845 1505 882 1560 [a
915 1508 1081 1547 tribuno
1105 1505 1345 1560 seditioso];
1377 1507 1586 1561 incognita
1608 1519 1733 1547 causa
1752 1505 1902 1559 proba-
1916 1510 1952 1538 90

148 1576 234 1610 tum
265 1575 351 1611 erat
379 1570 481 1611 illud
512 1570 787 1618 multitudini3
826 1571 981 1610 nemini
1014 1570 1171 1610 licitum
1204 1575 1266 1610 est
1296 1574 1440 1610 contra
1470 1569 1633 1610 dicere:
1679 1581 1801 1608 nemo
1832 1567 1902 1606 de-

148 1632 300 1685 nique,
337 1637 384 1672 ut
412 1632 653 1672 defenderet
690 1632 935 1672 contrariam
966 1637 1148 1684 partem,
1187 1632 1413 1672 laborabat.
1471 1632 1517 1672 In
1547 1631 1748 1672 invidiam
1778 1643 1902 1683 porro

149 1706 341 1746 magnam
380 1694 452 1735 illa
490 1694 641 1734 iudicia
680 1699 891 1734 venerant.
939 1694 1103 1734 Etenim
1133 1695 1276 1748 paucis
1306 1699 1453 1747 postea
1483 1695 1694 1734 mensibus
1724 1693 1805 1733 alia
1833 1706 1903 1732 ve-

149 1755 321 1795 hemens
353 1760 440 1795 erat
469 1755 512 1795 in
541 1755 701 1795 iudiciis
732 1769 784 1795 ex
814 1756 1024 1796 notatione
1054 1756 1299 1796 tabellarum
1329 1757 1483 1796 invidia
1503 1762 1675 1797 versata.
1719 1757 1903 1795 Praeter-

151 1818 258 1858 mitti
295 1817 346 1857 ab
387 1817 628 1857 censoribus
669 1822 709 1857 ct
748 1818 903 1870 negligi
934 1819 1095 1858 macula
1122 1818 1374 1858 iudiciorum
1403 1832 1527 1872 posse
1557 1832 1641 1858 non
1671 1818 1902 1858 videbatur.
1917 1821 1953 1848 ‘25

150 1879 372 1927 Homines,
406 1892 510 1932 quos
542 1879 690 1919 ceteris
721 1879 831 1919 vitiis
862 1884 986 1933 atque
1017 1881 1129 1920 omni
1152 1881 1355 1921 dedecore
1385 1881 1561 1921 infames
1582 1881 1800 1927 videbant,
1832 1893 1902 1919 eos

150 1942 228 1981 hac
259 1954 430 1995 quoque
461 1941 767 1994 subscriptione
798 1946 942 1981 notare
972 1943 1194 1983 voluerunt
1225 1948 1265 1982 et
1295 1956 1344 1983 eo
1376 1943 1530 1995 magis,
1563 1942 1677 1996 quod
1708 1942 1780 1982 illo
1810 1942 1902 1994 ipso

151 2010 357 2057 tempore,
398 2004 479 2043 illis
520 2005 780 2051 censoribus,
821 2009 938 2044 erant
972 2004 1127 2044 iudicia
1158 2018 1250 2044 cum
1282 2005 1463 2058 equestri
1495 2005 1641 2044 ordine
1673 2005 1903 2044 communi-

151 2071 264 2113 cata,
293 2070 340 2105 ut
368 2065 610 2105 viderentur
639 2079 713 2119 per
741 2066 958 2105 hominum
990 2066 1235 2106 idoneorum
1266 2066 1538 2119 ignominiam
1562 2079 1637 2106 sua
1658 2066 1902 2106 auctoritate

149 2127 221 2168 illa
250 2127 405 2167 iudicia
434 2127 768 2180 reprehendisse.
829 2124 920 2167 131.
955 2128 1078 2176 Quod
1120 2128 1154 2168 si
1185 2129 1292 2168 hanc
1322 2128 1432 2181 apud
1464 2128 1632 2168 eosdem
1663 2128 1776 2180 ipsos
1807 2141 1903 2167 cen-
1916 2132 1952 2159 30

151 2201 267 2229 sores
298 2188 398 2228 mihi
428 2195 499 2229 aut
529 2189 598 2229 alii
620 2202 785 2230 causam
807 2203 929 2243 agere
950 2190 1157 2238 licuisset,
1188 2190 1426 2230 hominibus
1447 2190 1518 2230 tali
1538 2189 1763 2245 prudentia
1783 2202 1904 2242 prae-

151 2251 246 2291 ditis
290 2255 398 2291 certe
439 2251 753 2304 probavissem:
793 2265 859 2292 res
900 2252 1009 2291 enim
1040 2252 1196 2292 indicat
1226 2252 1331 2292 nihil
1360 2253 1476 2306 ipsos
1505 2252 1703 2292 habuisse
1734 2252 1902 2304 cogniti,

237 2436 269 2468 2.
296 2439 331 2467 tu
353 2436 412 2467 ST
436 2437 470 2468 et
494 2435 537 2468 de
562 2445 623 2468 sua
648 2437 849 2468 coniectura
873 2437 917 2468 O:
943 2441 980 2468 ut
1002 2435 1118 2474 RA533
1156 2446 1225 2469 oni.
1253 2439 1288 2469 L.
1317 2456 1352 2460 -
1378 2437 1618 2469 animadvertes
1640 2438 1722 2468 LO:
1749 2437 1903 2468 animad-

149 2486 248 2519 vertis
276 2487 352 2524 ST3
389 2485 635 2517 animadvertas
663 2484 773 2518 ΒΑΕ.
807 2505 841 2509 -
879 2487 909 2518 3.
938 2495 1052 2526 carpes
1088 2485 1252 2519 QtALO:
1289 2496 1412 2528 carpas
1444 2486 1476 2519 Q,
1509 2505 1543 2510 ——
1582 2491 1618 2518 ut
1646 2487 1733 2518 voles
1759 2487 1833 2518 LO.
1866 2505 1900 2508 —

150 2536 182 2569 4.
200 2536 341 2568 sortiare
362 2533 395 2568 53.
415 2552 452 2558 —
478 2536 509 2567 5.
535 2535 717 2576 ignominia
738 2544 934 2575 quemquam
950 2553 998 2560 --
1014 2540 1098 2569 certe
1116 2537 1325 2576 probavisse.
1345 2563 1350 2569 .
1378 2537 1420 2578 (g.
1439 2536 1528 2576 434.)
1551 2536 1659 2568 hahet
1681 2537 1718 2567 P.
1738 2553 1774 2558 —-
1800 2535 1830 2567 8.
1856 2536 1905 2567 iu-

150 2587 243 2616 retur
264 2586 308 2623 P;
337 2588 454 2616 uretur
476 2585 512 2616 T.
541 2602 575 2606 —
610 2588 645 2616 tu
669 2587 748 2616 ante
772 2594 804 2616 v.
829 2587 986 2627 maqister
1010 2595 1079 2618 om.
1106 2585 1138 2618 53.
1165 2605 1199 2608 —
1235 2588 1265 2618 9.
1292 2596 1332 2618 ac
1355 2589 1397 2619 P:
1424 2590 1454 2618 ct
1476 2588 1539 2617 BA
1556 2583 1611 2617 ΒΕ
1627 2587 1663 2617 O.
1693 2603 1727 2607 —-
1756 2586 1807 2617 40.
1834 2586 1905 2625 quis

151 2635 185 2666 S.
217 2651 252 2657 -
289 2634 342 2666 Μ.
373 2635 470 2675 adfici
502 2635 673 2666 convenire
707 2638 766 2666 aut
794 2644 894 2674 quam
922 2637 1142 2668 condicionem
1163 2654 1215 2660 —-
1239 2638 1410 2669 constitues
1436 2637 1517 2668 PO:
1555 2636 1643 2676 affici
1672 2635 1843 2666 convenire
1870 2638 1906 2666 ut

151 2692 252 2724 quam
273 2683 366 2715 cond.
385 2701 434 2707 --
449 2685 621 2717 constitu-es
644 2686 665 2716 F
677 2695 682 2723 ;
715 2686 803 2726 affici
826 2686 1025 2718 convenire?
1057 2690 1087 2718 ct
1109 2695 1209 2725 quam
1232 2688 1325 2718 cond.
1342 2705 1391 2711 --
1406 2687 1577 2718 constitues
1600 2683 1675 2723 L933
1702 2685 1790 2725 affici
1813 2693 1908 2724 opor-

151 2737 217 2766 tere
238 2735 410 2766 convenire
431 2737 467 2765 ut
490 2735 534 2766 ad
557 2742 657 2773 quam
679 2735 772 2766 cond.
798 2753 817 2758 -
833 2752 851 2758 -
872 2737 1050 2767 constituas
1072 2737 1092 2767 S
1106 2737 1146 2774 Τ;
1179 2736 1267 2777 affici
1289 2740 1438 2776 oportere
1459 2734 1659 2767 convenire?
1689 2737 1718 2766 et
1741 2734 1784 2764 ad
1808 2743 1905 2773 quam

150 2783 244 2816 cond.
262 2800 310 2807 --
324 2783 496 2815 constitues
517 2784 561 2822 Α;
599 2785 695 2825 adfici
728 2786 904 2824 oportere?
934 2786 1143 2824 Convenitne,
1175 2789 1211 2817 ut
1241 2794 1341 2825 quam
1363 2786 1583 2817 condicionem
1599 2803 1646 2808 --
1663 2784 1839 2816 constituas
1862 2783 1905 2814 de

152 2831 319 2865 Classenii
354 2832 552 2864 coniectura
581 2832 731 2865 Klotzius
764 2833 819 2865 ed.
846 2834 903 2866 alt.
941 2854 975 2858 —-
1012 2834 1064 2867 44.
1089 2835 1147 2867 hoc
1170 2843 1239 2866 om.
1266 2834 1298 2867 53.
1334 2852 1368 2856 -—
1407 2835 1459 2866 46.
1486 2836 1570 2873 ειΡ,
1598 2833 1653 2865 ed.
1680 2833 1830 2864 Iuntina:
1865 2833 1908 2864 ad

152 2883 232 2921 RA;
259 2885 358 2922 atque
381 2891 463 2914 cum
487 2882 542 2914 ed.
569 2882 689 2915 Aldina
715 2881 822 2916 LQO.
859 2903 893 2906 —
932 2885 982 2917 48.
1009 2888 1038 2916 et
1060 2885 1294 2924 turpitudinem
1318 2893 1387 2915 om.
1412 2885 1448 2915 P.
1477 2900 1512 2907 —
1540 2884 1592 2915 49.
1618 2882 1846 2922 suspitionibus
1870 2883 1906 2913 T.

156 2950 190 2954 —
214 2931 268 2964 20.
295 2941 318 2964 a
340 2932 471 2964 tribuno
492 2933 640 2965 seditioso
664 2942 733 2965 om.
753 2935 791 2966 P.
812 2951 847 2956 —-
873 2933 926 2965 24.
952 2937 1025 2965 erat
1046 2934 1127 2965 illud
1149 2935 1173 2965 P
1187 2934 1232 2965 O:
1257 2933 1338 2964 illud
1361 2936 1433 2964 erat
1455 2934 1520 2964 ΒΑ
1533 2933 1557 2963 L
1571 2931 1602 2964 ἓ.
1624 2948 1659 2954 -
1686 2931 1884 2962 multitudini
1899 2941 1908 2960 .-

151 2982 272 3014 nemini
305 2981 430 3013 licitum
461 2982 517 3022 (ut
540 2982 738 3015 coniecerat
759 2983 836 3014 Ant.
863 2982 1092 3022 Augustinus)
1117 2984 1159 3014 P:
1195 2983 1435 3014 multitudinem
1457 2982 1606 3013 illicitum
1629 2982 1654 3013 R
1680 2981 1746 3020 (inl.
1773 2981 1804 3020 S)
1830 2979 1907 3016 A&

152 3029 352 3062 multitudini
374 3030 422 3062 illi
444 3040 510 3062 non
533 3031 657 3063 licitum
678 3033 714 3064 L.
741 3050 777 3055 -
804 3033 858 3065 22.
883 3032 1009 3063 invidia
1027 3041 1063 3072 p.
1088 3041 1212 3073 mayna
1235 3033 1259 3063 T
1273 3033 1346 3063 FA.
1375 3049 1410 3053 —
1437 3032 1491 3064 23.
1516 3031 1642 3072 etenim]
1667 3034 1696 3062 et
1718 3038 1792 3062 cum
1814 3031 1850 3061 T.
1872 3047 1906 3051 —

153 3077 208 3110 24.
233 3078 429 3112 tabellarum
453 3081 504 3122 (ut
528 3082 727 3113 coniecerat
744 3081 958 3121 Garatonius)
985 3082 1065 3113 PO:
1103 3081 1292 3113 tabularum
1314 3078 1461 3114 RALss.
1489 3100 1525 3104 —
1551 3082 1604 3113 25.
1630 3080 1671 3112 ab
1694 3082 1736 3111 P:
1763 3089 1784 3111 a
1807 3080 1909 3111 RAL

155 3123 227 3159 ΕΟ.
255 3145 288 3152 -
328 3128 382 3162 26.
407 3130 542 3171 infamis
564 3130 597 3162 S.
625 3147 659 3153 -—
697 3132 750 3163 27.
775 3132 844 3172 ipso
867 3132 901 3163 in
924 3134 1066 3170 tempore
1088 3132 1157 3162 ST.
1187 3149 1221 3153 —
1257 3130 1310 3163 28.
1336 3134 1409 3162 erat
1430 3132 1466 3163 P.
1499 3149 1534 3155 —
1564 3132 1616 3163 30.
1647 3129 1771 3160 iudicia
1798 3137 1912 3168 repre-

156 3176 299 3210 hendisse
332 3179 388 3219 (ut
417 3180 617 3212 coniecerat
646 3181 841 3221 Ernestius)
871 3181 957 3213 Po:
993 3181 1118 3211 iudicia
1147 3189 1221 3212 cum
1254 3180 1394 3218 equestri
1427 3181 1541 3212 ordine
1574 3180 1813 3220 reprehendisse
1847 3180 1911 3211 ΒΑ

156 3223 227 3259 Lss.
254 3245 289 3250 —
315 3229 440 3261 eosdem
462 3230 543 3262 PO:
579 3237 631 3261 eos
653 3227 802 3263 RALQ.
830 3248 865 3253 —-
903 3230 955 3262 34.
977 3230 1138 3269 praeditis
1161 3230 1245 3261 Po:
1273 3238 1342 3261 om.
1368 3228 1516 3262 RALss.
1546 3248 1580 3253 -
1616 3230 1668 3261 32.
1689 3229 1914 3268 probavissem

158 3275 224 3317 (res
245 3285 330 3359 03252772
350 3278 487 3321 indicat)
517 3279 598 3311 nihil
619 3277 769 3312 ALssO.
805 3280 911 3312 Recta
939 3279 1129 3312 verborum
1161 3279 1334 3312 distinctio
1364 3279 1514 3313 debetur
1536 3279 1705 3321 Madvigio
1730 3279 1844 3319 opusc.
1871 3280 1910 3310 ΙΙ.

158 3333 236 3367 pag.
312 3349 337 3359 ..
