2143 3713
261 199 343 244 452
724 204 1147 245 SUPPLEMENTUM
1175 205 1570 246 ADNOTATIONIS

345 309 423 343 pag.
449 300 522 334 485.
547 310 587 333 ν..
608 302 639 334 4.
663 303 770 342 ecquis
791 302 898 334 habet
922 302 973 334 44.
992 319 1035 326 —
1057 302 1088 335 4.
1114 303 1147 334 Si
1170 304 1266 335 recte
1290 304 1430 345 Lagom.
1456 302 1642 335 lectionem
1666 303 1864 344 exscripsit,
1891 304 1996 337 solet-

260 365 328 397 que
351 357 386 388 in
409 357 461 389 his
483 356 590 389 rebus
614 357 804 390 admodum
829 358 973 399 diligens
998 366 1092 397 esse,
1119 358 1230 390 codex
1246 358 1287 391 42
1311 368 1379 392 non
1402 359 1509 391 habet
1531 359 1569 390 ob
1591 362 1650 390 tua
1672 359 1801 390 decreta
1821 359 1859 391 ob
1878 361 1994 399 edicta,

259 412 321 444 sed
345 412 383 444 ob
406 415 464 444 tua
487 413 616 445 decreta
637 415 756 452 edicta,
782 415 815 445 in
840 423 908 455 qua
931 414 1040 446 forma
1065 414 1169 445 edicta
1192 413 1326 454 glossae
1350 416 1505 456 speciem
1529 413 1654 453 habet,
1679 414 1714 446 id
1738 414 1832 455 quod
1856 417 1960 448 etiam
1977 424 1996 447 a

259 468 422 500 Martiano
440 467 579 510 Capella
597 470 832 509 confirmatur,
853 470 911 510 qui
928 478 996 501 non
1014 468 1120 501 habet
1135 470 1200 501 nisi
1215 469 1303 501 haec
1318 471 1401 502 tria:
1427 480 1500 502 cum
1517 470 1554 501 ob
1569 474 1628 501 tua
1643 471 1783 509 decreta,
1809 470 1846 502 ob
1861 471 1995 510 iudicia,

258 522 296 553 ob
318 524 459 564 imperia
481 524 658 557 dabantur.
692 526 806 563 Quare
831 534 894 557 nos
918 525 955 556 ob
972 526 1078 556 edicta
1095 524 1308 557 inclusimus.
1326 544 1369 549 —
1392 527 1422 558 7.
1447 525 1582 566 accensi]
1607 526 1725 557 arreiis
1739 526 1789 558 sic
1805 525 1859 558 42.
1877 544 1920 550 —
1943 527 1995 559 40.

257 578 342 610 dedit
363 579 494 612 Siciliae
510 579 550 612 42
568 589 616 622 p.:
642 581 773 612 Siciliae
797 581 882 612 dedit
905 580 1006 612 codd.
1025 580 1099 612 rell.
1119 582 1153 612 et
1176 580 1256 612 edd.
1287 580 1371 613 Illud
1395 591 1457 614 nos
1482 582 1661 620 dedimus,
1688 590 1769 614 nam
1792 580 1893 614 lectio
1917 581 1995 614 cod.

257 635 376 675 optimi
403 644 423 667 a
453 636 488 668 Ζ.
514 645 583 668 non
607 637 760 668 affertur.
792 654 836 659 —
864 637 916 668 44.
946 637 1160 677 fussitivorum
1192 644 1311 668 manus
1337 637 1471 677 fuissent
1502 641 1559 668 tua
1582 638 1649 668 sine
1671 636 1712 669 42
1737 645 1770 678 p.
1802 655 1845 660 —
1879 638 1931 670 42,
1957 637 1998 668 ab

255 690 371 722 horum
393 692 488 731 copia
508 692 633 732 sactum
655 695 699 724 est
722 692 762 724 42
780 701 813 733 p.
841 691 949 732 (copia
974 692 1079 724 habet
1102 692 1205 723 etiam
1222 693 1267 731 A,
1293 692 1357 724 sed
1381 702 1448 724 non
1471 694 1552 733 Lag.
1572 693 1629 732 29,
1655 694 1693 724 ut
1716 693 1762 724 ait
1779 693 1814 724 Z.
1833 701 1867 734 p.
1887 693 1996 733 4026.)

255 764 298 769 —-
321 747 445 789 datum]
469 748 588 779 darum
611 747 664 779 vel
689 748 817 779 clarum
840 747 880 780 42
903 756 937 788 p.
963 766 1006 771 —
1030 748 1081 779 43.
1107 747 1260 789 iudicari]
1286 748 1326 778 sit
1347 747 1387 780 42
1412 757 1445 789 p.
1462 767 1505 771 —
1529 748 1580 781 44.
1608 749 1726 788 accipit
1747 749 1780 780 5.
1806 749 1836 780 6.
1861 748 1916 780 27.
1940 748 1994 781 29.

255 803 332 834 Par.
357 803 434 835 AB.
459 821 503 826 —
527 804 578 835 45.
603 813 762 843 umquam
785 812 854 835 om.
880 802 933 835 42.
957 821 1001 826 ——
1031 804 1082 835 47.
1110 805 1146 843 Q.
1173 812 1241 835 om.
1268 804 1286 834 7
1304 804 1405 844 Lagg.
1432 804 1514 836 dett.
1541 806 1575 836 et
1598 803 1637 836 42
1661 813 1695 845 p.
1721 822 1764 827 —
1786 804 1840 836 20.
1864 803 1996 845 iudices]

255 858 414 897 quodlibet
437 858 476 891 42
500 868 535 900 p.
572 859 685 891 Habet
709 858 834 890 deinde
858 858 948 890 uobis
969 868 1033 900 pro
1049 859 1140 890 uobis
1163 859 1245 891 item
1262 867 1313 900 pr.
1333 868 1379 891 m.
1397 879 1440 882 —
1462 861 1515 892 22.
1533 861 1705 891 astinentes
1720 860 1780 897 29;
1806 859 1997 891 abstinentes

255 922 324 946 om.
351 913 391 946 42
421 923 471 955 p.,
501 923 591 956 quae
623 915 752 956 optima
783 913 885 946 lectio
909 923 990 946 cum
1014 915 1107 956 apud
1130 916 1164 947 Z.
1191 923 1261 947 non
1284 917 1412 954 exstet,
1444 924 1506 947 nos
1530 915 1739 948 vocabulum
1763 917 1801 948 ut
1823 915 1996 956 glossema

252 969 475 1002 manifestum
497 970 711 1002 inclusimus.
750 970 799 1002 Cf.
827 979 882 1012 ep.
908 970 952 1001 ad
976 971 1014 1009 Q.
1041 972 1093 1003 Fr.
1121 972 1144 1003 1.
1172 972 1202 1003 4.
1229 971 1260 1011 g.
1289 972 1340 1003 40.
1365 972 1688 1012 circumspiciendum
1711 971 1881 1012 diliqeuter
1901 975 1939 1004 ut
1960 972 1996 1003 in

251 1025 314 1056 hac
341 1026 487 1057 custodia
509 1027 701 1066 provinciae
732 1035 797 1057 non
820 1029 850 1057 te
882 1035 999 1065 unum,
1029 1027 1083 1058 sed
1114 1036 1222 1058 omnes
1251 1027 1415 1059 ministros
1437 1028 1565 1068 imperii
1588 1028 1635 1060 tui
1657 1029 1751 1060 sociis
1773 1031 1802 1060 et
1823 1028 1945 1060 civibus
1966 1031 1996 1060 et

250 1081 300 1113 rei
317 1081 468 1121 publicae
486 1085 660 1122 praestare
681 1082 824 1113 videare.
849 1100 892 1105 —
914 1083 967 1114 29.
993 1082 1092 1123 vetus]
1116 1091 1212 1114 verus
1234 1082 1286 1115 42.

338 1146 416 1178 pag.
444 1137 518 1170 486.
544 1147 577 1169 V.
603 1138 634 1169 2.
660 1138 718 1169 hoc
741 1147 763 1169 a
783 1147 834 1169 me
857 1137 988 1170 habent
1011 1139 1115 1170 etiam
1139 1138 1169 1170 6.
1193 1139 1245 1170 48.
1267 1157 1310 1161 —-
1333 1139 1364 1171 3.
1390 1148 1454 1171 esse
1477 1148 1540 1181 pro
1561 1140 1632 1179 fore
1655 1140 1707 1171 est
1730 1140 1764 1172 in
1787 1139 1828 1172 42
1853 1148 1926 1172 sec.
1944 1148 1991 1172 m.

251 1210 294 1215 ——-
316 1194 347 1224 5.
373 1193 400 1224 si
423 1193 522 1225 saluti
546 1197 575 1225 et
596 1193 724 1225 honeste
746 1193 786 1225 42
810 1203 844 1235 p.
869 1213 912 1217 —
936 1194 987 1225 42.
1015 1194 1102 1226 Cum
1126 1194 1247 1226 Lamb.
1273 1196 1501 1232 constituerat,
1529 1197 1564 1227 ut
1587 1197 1640 1227 est
1663 1196 1696 1227 in
1720 1196 1799 1235 Lag.
1820 1195 1876 1235 42,
1903 1196 1995 1228 reci-

251 1249 368 1290 peret,
393 1257 496 1290 supra
519 1258 553 1281 v.
579 1250 631 1281 44.
658 1250 815 1291 scripsit:
847 1250 1044 1288 instituisset.
1070 1268 1113 1273 —
1144 1250 1196 1282 43.
1224 1251 1311 1282 Cum
1335 1260 1351 1282 a
1377 1251 1416 1283 42
1440 1260 1492 1292 pr.
1518 1260 1565 1283 m.
1591 1252 1760 1283 invenerat
1782 1250 1889 1290 absit,
1913 1251 1994 1283 vide

251 1312 294 1336 ne
320 1305 565 1345 corrigendum
589 1306 653 1337 sit:
686 1309 754 1336 tum
776 1305 856 1337 illud
879 1307 1041 1347 infinitum
1063 1315 1164 1346 qenus
1185 1310 1257 1337 erat
1280 1308 1323 1338 ad
1348 1308 1524 1347 pecuniam
1547 1308 1804 1347 corripiendam3
1837 1315 1919 1339 nam
1943 1308 1996 1339 est

250 1360 408 1401 profecto
431 1361 526 1402 quod
549 1360 894 1402 plusquamperfecto
918 1362 1086 1393 inuenerat
1110 1362 1142 1394 in
1167 1361 1313 1394 lectione
1337 1362 1428 1403 vulg.
1457 1363 1645 1395 offendere.
1664 1382 1706 1386 —-
1731 1364 1781 1395 45.
1807 1366 1909 1395 essent
1931 1371 1995 1404 pro

250 1417 313 1448 sint
328 1415 368 1448 42
386 1425 490 1455 corr.‚
517 1425 586 1449 non
602 1426 653 1459 pr.
673 1426 720 1449 m.
736 1428 743 1456 3
769 1417 863 1449 idem
880 1418 962 1449 item
979 1427 1051 1450 sec.
1070 1427 1116 1450 m.
1135 1419 1413 1450 calumniator-um
1430 1427 1491 1459 pro
1507 1428 1630 1450 eorum.
1651 1418 1761 1459 (aliter
1776 1420 1810 1451 Z.
1830 1428 1863 1460 p.
1884 1418 1993 1458 4027.)

250 1489 293 1496 —-
316 1472 368 1505 48.
400 1473 541 1505 iudicem
568 1482 638 1505 om.
664 1473 705 1506 42
729 1482 762 1515 p.
799 1492 842 1496 —
876 1474 927 1506 49.
961 1475 1038 1506 lev-is
1067 1477 1096 1505 et
1126 1475 1211 1514 quod
1233 1474 1273 1506 42
1297 1483 1332 1516 p.
1359 1475 1440 1514 (om.
1466 1475 1531 1515 Z.),
1570 1476 1772 1516 corruptum
1797 1483 1838 1507 ex
1861 1474 1939 1506 levis
1961 1474 1996 1505 id

251 1529 354 1568 quod,
379 1530 418 1560 ut.
439 1529 588 1562 videtur.
627 1529 676 1562 Cf.
702 1538 775 1561 var.
801 1529 880 1562 lect.
908 1529 951 1561 ad
976 1531 1030 1561 111.
1057 1529 1086 1570 g.
1106 1530 1158 1561 74.
1178 1548 1220 1553 —
1243 1531 1295 1562 20.
1322 1531 1440 1562 accidit
1463 1538 1585 1562 omnes
1609 1531 1711 1571 Lagg.
1737 1531 1877 1571 praeter
1899 1529 1940 1562 42
1957 1538 1991 1571 p.

249 1600 294 1608 -
315 1585 368 1616 22.
394 1585 421 1616 si
439 1589 555 1625 parret
579 1585 639 1624 29;
671 1586 802 1617 habent
825 1587 851 1617 si
877 1589 974 1625 paret
998 1585 1037 1617 42
1062 1587 1095 1617 et
1118 1587 1136 1617 5
1163 1585 1228 1618 alii.
1260 1604 1303 1608 —
1332 1586 1384 1618 23.
1412 1586 1529 1617 Servili
1551 1586 1604 1618 29.
1636 1605 1678 1609 —
1709 1586 1762 1618 24.
1791 1586 1929 1627 fundum
1954 1586 1992 1626 Q.

251 1640 366 1672 Catulo
387 1642 612 1673 restitueretur
634 1641 673 1673 42
698 1650 732 1682 p.
758 1660 801 1664 —
822 1641 874 1673 28.
901 1642 1022 1682 accipis
1044 1642 1097 1673 29.
1123 1641 1172 1682 (Si
1195 1652 1259 1674 non
1283 1643 1423 1682 accepit,
1453 1642 1474 1674 i.
1502 1651 1532 1674 e.
1559 1642 1587 1673 si
1610 1643 1714 1683 negat
1736 1651 1774 1674 se
1799 1642 1990 1684 accepisse⁷

251 1697 449 1738 suspicatur
471 1697 601 1729 Theod.
627 1698 904 1737 Mommsenius.)

337 1761 414 1794 pag.
443 1753 515 1785 487.
548 1762 581 1784 v.
607 1753 638 1784 3.
665 1753 692 1784 si
715 1761 784 1785 om.
810 1753 851 1785 42
876 1762 908 1794 p.
935 1772 977 1776 »-
1008 1754 1039 1786 7.
1063 1753 1207 1795 praetor]
1231 1755 1307 1793 Pop.
1332 1755 1368 1785 R.
1396 1753 1435 1785 42
1459 1762 1493 1794 p.
1519 1772 1561 1776 —
1584 1753 1615 1785 8.
1642 1754 1805 1785 sententiis
1826 1753 1867 1786 42
1890 1763 1925 1796 p.
1950 1771 1993 1778 -—

250 1808 281 1840 9.
303 1808 454 1850 populus]
474 1809 627 1849 privatus
650 1808 690 1841 42
714 1818 748 1850 p.
774 1827 817 1832 ——
841 1810 892 1841 44.
920 1810 1020 1841 datur
1043 1818 1111 1841 om.
1138 1809 1190 1841 42.
1216 1828 1259 1832 —
1293 1810 1345 1841 42.
1371 1810 1450 1841 civis
1472 1810 1562 1841 Rom.
1589 1818 1658 1841 om.
1684 1809 1736 1841 29.
1762 1827 1806 1832 —-
1829 1808 1884 1841 43.
1907 1809 1995 1841 deci-

249 1873 365 1896 manos
386 1864 439 1897 42.
465 1883 508 1887 -—
531 1865 583 1896 46.
609 1865 705 1896 civeis
727 1865 768 1896 29
792 1874 826 1906 p.
852 1883 895 1888 —-
918 1875 991 1897 cum
1013 1866 1077 1897 ciui
1101 1865 1205 1897 habet
1227 1865 1257 1896 V
1280 1866 1367 1897 teste
1391 1866 1556 1897 Brunnio.
1581 1883 1624 1888 ——
1651 1865 1703 1897 20.
1730 1865 1765 1896 in
1786 1874 1881 1896 suam
1899 1868 1993 1905 pote-

249 1924 364 1952 statem
385 1921 556 1962 redeqerat
578 1921 631 1952 29.
657 1939 700 1944 ——
723 1921 776 1953 23.
802 1922 1008 1953 iudicaturus
1030 1922 1069 1960 V,
1096 1920 1159 1953 sed
1182 1930 1266 1953 num
1291 1922 1393 1953 etiam
1417 1922 1502 1952 alius
1525 1920 1669 1961 habeat,
1694 1921 1764 1953 iam
1788 1930 1857 1953 non
1879 1922 1995 1962 potest

250 1976 411 2009 discerni.
436 1994 480 2000 —
508 1976 562 2009 24.
588 1980 791 2017 exspectaret
814 1977 892 2018 (non
915 1977 1086 2018 spectaret)
1110 1976 1163 2010 42.
1188 1996 1232 2000 -—
1259 1977 1311 2009 26.
1337 1978 1398 2009 hac
1420 1978 1515 2018 copia
1538 1977 1578 2009 42
1602 1986 1636 2019 p.
1661 1995 1704 2000 -—
1733 1977 1788 2010 28.
1813 1978 1841 2009 si
1864 1985 1933 2010 om.
1960 1978 1991 2010 6.

249 2033 302 2065 27.
328 2051 371 2056 ——
394 2032 447 2065 30.
474 2033 569 2073 quod]
595 2033 621 2064 si
645 2034 731 2073 quod
754 2032 819 2073 (vel
845 2034 934 2074 quid)
960 2033 1012 2066 42.

335 2098 414 2130 pag.
439 2089 512 2121 488.
539 2098 571 2120 v.
598 2089 628 2121 8.
656 2090 699 2120 ad
721 2090 859 2130 sefitium
884 2090 982 2130 facile
1005 2090 1135 2121 triciens
1155 2088 1196 2121 42
1213 2098 1261 2130 p.,
1288 2089 1308 2121 i.
1329 2098 1359 2121 e.
1387 2090 1422 2121 ut
1439 2089 1617 2130 Zumptius
1640 2089 1725 2121 vidit
1748 2090 1792 2121 ad
1814 2089 1995 2122 sestertium

248 2145 344 2185 facile
366 2145 518 2176 triciens:
547 2144 645 2185 facile
676 2145 720 2176 ad
742 2145 795 2176 HS
818 2145 925 2176 tricies
949 2145 1050 2177 codd.
1077 2144 1150 2177 rell.
1177 2146 1213 2177 O.
1252 2144 1353 2185 (Illud
1380 2154 1442 2177 nos
1467 2145 1688 2186 scrIpsimus‚
1721 2154 1802 2178 cum
1825 2145 1994 2178 Iordanus

249 2200 435 2233 lectionem
458 2200 536 2232 cod.
562 2201 682 2242 optimi
706 2201 1005 2242 praetermiserit.)
1027 2219 1070 2224 ——
1094 2201 1123 2232 9.
1148 2201 1246 2241 plena
1269 2201 1387 2232 celatia
1407 2201 1519 2240 optimi
1540 2201 1668 2242 arpenti
1690 2199 1730 2233 42
1747 2210 1781 2242 p.
1798 2219 1842 2225 ——
1865 2201 1918 2234 44.
1932 2209 1994 2241 pe-

250 2258 383 2288 cuniam
405 2257 556 2288 Heraclio
579 2265 642 2288 nos
667 2265 708 2288 ex
732 2256 772 2288 42
798 2256 852 2296 (de
877 2265 945 2297 quo
970 2257 1004 2288 Z.
1024 2258 1144 2296 tacet):
1169 2257 1320 2288 Heraclio
1339 2257 1515 2296 pecuniam
1538 2256 1639 2288 codd.
1658 2255 1732 2288 rell.
1752 2257 1789 2288 O.
1809 2275 1852 2280 —
1876 2256 1928 2289 44.
1946 2257 1992 2288 le-

249 2313 342 2344 niore
363 2312 521 2353 artificio,
547 2313 569 2344 i.
588 2321 619 2344 e.
640 2312 755 2344 minus
772 2311 938 2351 violento,
964 2313 1104 2353 praeter
1126 2311 1166 2344 42
1192 2314 1294 2344 etiam
1320 2313 1337 2343 6
1362 2314 1456 2344 recte
1481 2311 1598 2344 habet.
1625 2312 1743 2353 (officio
1766 2321 1830 2354 pro
1853 2312 1993 2353 artificio

250 2368 308 2408 29,
335 2367 379 2411 de
404 2376 472 2409 qua
497 2367 699 2399 confusione
723 2376 756 2399 V.
783 2369 900 2399 nostra
924 2367 1019 2399 Anal.
1047 2367 1130 2399 Tull.
1158 2369 1181 2399 I.
1208 2377 1242 2409 p.
1262 2367 1293 2400 4.
1319 2369 1390 2399 not.
1417 2368 1461 2407 3.)
1485 2386 1529 2391 —
1556 2369 1609 2400 24.
1636 2376 1709 2399 eum
1731 2377 1795 2400 nos
1819 2377 1861 2400 ex
1884 2367 1925 2400 42
1948 2376 1990 2409 p:

251 2427 280 2456 et
303 2433 376 2456 eum
399 2423 502 2455 codd.
527 2422 601 2455 rell.
622 2424 656 2454 et
673 2423 709 2454 Ο.
742 2423 827 2454 Sunt
851 2424 1014 2463 quattuor
1030 2423 1206 2462 membra,
1233 2432 1302 2455 non
1319 2424 1405 2455 tria:
1431 2433 1508 2456 rem
1525 2432 1603 2456 esse
1620 2422 1852 2465 praeclaram,
1877 2423 1993 2465 ipsum

250 2480 421 2511 maiorem
444 2480 542 2518 natu,
567 2480 752 2520 patronum
776 2478 907 2510 habere
924 2478 1072 2517 nullum,
1099 2488 1178 2511 esse
1203 2480 1235 2511 in
1253 2481 1463 2512 testamento
1481 2481 1546 2511 cet.
1573 2480 1605 2511 Si
1622 2480 1684 2511 tria
1701 2478 1861 2511 membra
1877 2480 1994 2510 orator

250 2536 443 2576 posuisset,
469 2544 542 2566 eum
565 2536 644 2575 post
666 2537 695 2566 et
719 2535 903 2567 omisisset.
922 2553 964 2558 —
987 2535 1039 2566 24.
1065 2535 1137 2566 iure
1158 2544 1216 2566 suo
1240 2535 1273 2567 in
1289 2534 1330 2568 42
1348 2544 1425 2568 esse
1450 2535 1615 2577 equidem
1637 2534 1798 2568 dubitare
1814 2533 1931 2568 nolim.
1949 2551 1992 2558 -

248 2591 302 2624 29.
328 2591 615 2623 accedatorz'antur
637 2590 687 2623 sic
709 2590 750 2622 29
774 2599 807 2631 p.
832 2608 875 2613 —-
897 2590 949 2622 33.
975 2591 1177 2623 sortientium
1200 2590 1241 2623 42
1264 2600 1299 2633 p.

334 2655 413 2688 pag.
440 2646 514 2678 489.
545 2654 578 2678 v,
606 2647 636 2677 4.
670 2649 706 2677 ut
733 2645 768 2676 in
795 2646 878 2677 hanc
901 2645 954 2678 42.
989 2647 1068 2687 (om.
1094 2648 1142 2687 7..)
1184 2647 1226 2679 At
1255 2647 1297 2679 cs.
1324 2647 1354 2688 S.
1380 2647 1431 2679 37.
1459 2647 1511 2679 42.
1537 2646 1589 2680 44.
1620 2665 1663 2670 -
1691 2650 1868 2688 postquam
1890 2646 1931 2680 42
1953 2656 1989 2690 p.

249 2703 359 2734 recte.
383 2719 428 2726 —
449 2702 481 2734 5.
504 2710 575 2732 rem
598 2710 667 2733 om.
694 2700 734 2733 42
758 2710 791 2742 p.
818 2719 860 2724 —
889 2702 919 2733 6.
947 2711 989 2733 ωε
1012 2702 1079 2743 leye
1102 2703 1305 2744 scripsimus
1338 2712 1378 2734 ex
1401 2704 1429 2735 A
1453 2705 1486 2735 et
1510 2712 1552 2735 ex
1576 2704 1677 2744 Lagg.
1705 2702 1757 2736 44.
1783 2704 1837 2736 29.
1862 2702 1921 2743 48,
1947 2702 1990 2735 de

250 2766 399 2799 quorum
421 2756 570 2790 lectione
595 2758 629 2789 Z.
648 2758 759 2794 tacet,
785 2766 827 2789 eas
843 2766 913 2789 om.
932 2757 972 2790 42
998 2759 1085 2799 (post
1101 2758 1251 2800 iudices);
1277 2768 1293 2790 e
1308 2759 1375 2799 leye
1390 2758 1464 2791 rell.
1490 2759 1544 2791 Sic
1560 2759 1664 2791 etiam
1682 2759 1713 2800 ἓ.
1731 2758 1784 2792 42.
1809 2767 1845 2801 p.
1864 2759 1938 2799 490,
1956 2758 1988 2791 8.

248 2822 291 2845 ex
313 2814 380 2854 leqe
403 2821 484 2846 cum
500 2813 529 2845 V
552 2812 806 2845 restituendum
831 2815 915 2845 erat.
933 2831 975 2836 —-
999 2814 1030 2845 7.
1052 2814 1092 2845 ab
1115 2815 1267 2846 institutis
1287 2814 1493 2854 superiorum
1508 2823 1576 2846 om.
1597 2814 1654 2852 42;
1680 2814 1744 2847 sed
1767 2824 1809 2847 ex
1833 2823 1875 2847 eo
1891 2823 1991 2846 vie--

247 2870 421 2901 recedatur
442 2877 505 2910 pro
528 2872 681 2900 ut--ne
703 2870 876 2901 recedatur
899 2869 1138 2911 recipiendum
1164 2872 1228 2903 est.
1253 2889 1296 2894 -
1318 2870 1349 2902 8.
1376 2871 1513 2902 dicundo
1536 2869 1668 2902 habent
1690 2872 1718 2903 Α
1735 2871 1759 2904 C
1776 2881 1806 2911 φ
1830 2869 1870 2903 42
1893 2879 1928 2912 p.
1955 2871 1990 2903 et

248 2926 289 2957 6:
316 2925 448 2957 dicendo
471 2925 495 2956 B
521 2925 555 2956 et
578 2923 651 2956 rell.
678 2925 780 2965 Lagg.
809 2925 932 2965 (minus
957 2928 1118 2958 accurate
1142 2928 1264 2968 Zumpt
1288 2935 1321 2967 p.
1347 2926 1421 2958 278.
1449 2927 1481 2958 et
1499 2926 1606 2967 4027.)
1632 2944 1674 2951 —-
1697 2926 1728 2958 9.
1755 2926 1827 2966 quis
1845 2929 1990 2958 vestrum

249 2989 319 3013 om.
345 2979 404 3020 42,
431 2980 490 3021 qui
513 2979 639 3012 deinde
663 2989 727 3012 non
751 2981 784 3012 in
807 2980 938 3012 urbana
960 2981 1082 3021 habet,
1109 2981 1202 3022 quod
1226 2990 1348 3014 verum
1371 2981 1521 3014 videtur.
1538 3000 1582 3005 -—
1606 2983 1658 3014 44.
1682 2985 1719 3013 ut
1741 2990 1811 3014 om.
1829 2980 1870 3014 42
1893 2990 1929 3024 p.
1944 2999 1988 3006 --

248 3037 301 3069 42.
326 3040 450 3068 certum
472 3044 543 3068 om.
568 3034 608 3067 42
632 3045 666 3077 p.
692 3053 735 3059 ——
769 3036 820 3068 43.
846 3037 879 3068 Ρ.
905 3038 986 3077 Rup.
1013 3038 1134 3078 consul]
1158 3038 1207 3070 sic
1229 3037 1293 3069 42:
1324 3036 1397 3069 rell.
1424 3038 1524 3078 Lagg.
1550 3037 1683 3070 habent
1703 3038 1757 3069 Pr.
1784 3036 1848 3078 (vel
1875 3038 1909 3069 P.
1936 3038 1986 3078 R.)

246 3092 395 3132 Rupilius
417 3100 498 3130 cos.;
524 3099 588 3122 cos.
616 3100 685 3124 om.
711 3090 751 3123 44
775 3090 887 3130 solus,
913 3092 1017 3134 idque
1042 3102 1113 3126 sec.
1132 3102 1178 3126 m.
1206 3092 1364 3125 «Addunt
1379 3093 1398 3125 8
1416 3093 1495 3125 edd.
1514 3095 1596 3126 vett.
1614 3102 1657 3126 ex
1678 3096 1808 3125 senatus
1829 3093 1986 3134 consulto,

247 3156 336 3189 quae
359 3146 470 3180 verba
494 3155 616 3179 omnes
641 3147 744 3179 codd.
770 3148 847 3180 Msti
869 3149 999 3189 pariter
1020 3149 1210 3190 ignorant.»
1236 3149 1328 3181 Nmn.
1353 3167 1396 3172 —
1419 3149 1471 3181 46.
1496 3149 1627 3191 iudices]
1649 3149 1798 3181 uidelicet
1820 3149 1860 3182 42
1884 3158 1920 3191 p.
1944 3166 1987 3173 —

247 3204 299 3236 47,
317 3203 522 3236 Addidimus
548 3203 784 3235 testimonium
809 3203 938 3236 codicis
955 3204 1011 3241 42;
1038 3214 1120 3237 nam
1136 3204 1228 3246 apud
1245 3204 1343 3237 Nieb.
1361 3206 1411 3237 sic
1431 3206 1504 3237 est:
1530 3206 1589 3237 hoc
1609 3204 1746 3246 homine]
1770 3205 1844 3237 huic
1865 3205 1987 3237 homini

246 3259 319 3290 VIII
344 3260 376 3299 (i.
403 3267 434 3291 e.
459 3259 478 3290 7
503 3257 606 3290 codd.
633 3258 718 3291 dett.
744 3260 779 3290 et
800 3259 857 3300 29)
888 3262 922 3292 et
944 3258 985 3292 42
1008 3269 1079 3293 sec.
1106 3268 1154 3292 m.
1189 3277 1232 3283 —-
1266 3260 1317 3292 48.
1344 3261 1514 3293 deterrime
1536 3264 1566 3293 et
1587 3269 1658 3293 om.
1682 3259 1743 3300 42,
1769 3269 1856 3301 non,
1881 3262 1920 3293 ut
1941 3261 1987 3293 ait

245 3316 296 3355 Z.,
321 3315 431 3347 totam
455 3313 735 3357 appellationem.
759 3332 803 3341 ·-
831 3316 884 3350 25.
908 3315 1006 3349 nullis
1027 3316 1161 3358 (nullius
1183 3316 1285 3357 corr.)
1310 3317 1403 3349 eoeist.
1425 3317 1534 3357 pudor
1556 3315 1610 3351 42.
1638 3334 1681 3342 -—
1709 3317 1764 3352 25.
1789 3317 1910 3351 nultius
1931 3317 1986 3350 iuf-
