2127 3708
604 643 657 684 M.
689 643 904 683 TULLII
937 643 1277 684 CICERONIS

150 784 464 844 ORATIO
502 785 674 843 PRO
715 784 997 844 SEXTO
1035 784 1345 845 Roscio
1382 785 1772 844 AMERINO

728 938 810 975 AD
855 937 1161 975 IUDICES.

818 1100 1086 1133 RECOGNOVIT

532 1223 909 1265 GAROLUS
953 1224 1361 1264 HALMIUS.

813 1389 1084 1396 ...——..-.—-.-..

630 1526 890 1568 NOTARUM
920 1527 1258 1569 EXPLICATIO.

77 1632 105 1663 V
126 1643 163 1661 =
186 1630 432 1673 Palimpsestus
455 1631 639 1663 Vaticanus
663 1631 853 1664 Niebuhrii.
879 1632 1000 1672 (Orant.
1021 1643 1086 1673 pro
1108 1634 1153 1665 M.
1172 1633 1305 1665 Fonteio
1327 1635 1385 1664 eto.
1409 1632 1533 1673 fragm.
1559 1641 1593 1674 p.
1618 1630 1659 1664 82
1684 1630 1749 1673 sq.)

77 1682 103 1714 G
123 1695 161 1711 =
184 1682 294 1714 codex
310 1680 610 1714 Helmstadtiensis
626 1681 706 1721 304,
732 1692 825 1714 nunc
839 1682 1177 1716 Wolsenbuttelanus
1203 1684 1275 1724 (⁶205
1292 1682 1423 1723 Ebert.)
1436 1708 1443 1722 ,
1470 1681 1513 1714 ab
1529 1683 1683 1714 ALrnEno
1700 1683 1826 1715 FL1-:cx-

181 1740 295 1763 nisano
320 1730 580 1772 diligentissime
605 1730 762 1765 collatus.

76 1781 158 1814 M=
181 1782 258 1814 cod.
284 1782 502 1814 Monacensis
527 1781 615 1821 (cod.
642 1780 699 1814 lat.
727 1782 876 1822 45734.),
903 1781 1080 1823 quondam
1098 1781 1369 1824 Salisburgensis
1393 1781 1525 1815 aulicus
1549 1791 1583 1814 n.
1603 1780 1674 1821 34„
1700 1783 1825 1823 partim

183 1841 202 1864 a
226 1833 357 1864 CAnoLo
380 1833 581 1870 PRANTELIO,
608 1833 735 1872 partim
759 1842 778 1864 a
803 1833 840 1864 C.
866 1833 995 1864 HALMio
1020 1832 1182 1873 collatus,
1208 1833 1242 1864 in
1265 1842 1334 1874 quo
1359 1833 1469 1865 oratio
1492 1831 1546 1864 bis
1570 1831 1745 1873 descripta
1769 1842 1826 1864 ex-

183 1882 250 1914 stat
273 1880 328 1912 sol.
355 1879 395 1912 114
419 1889 496 1921 sqq.
524 1882 558 1912 et
580 1880 642 1912 326
666 1890 743 1922 sqq.
792 1881 853 1914 Ubi
885 1882 953 1914 duo
978 1884 1177 1925 apographa
1201 1883 1291 1915 inter
1315 1891 1352 1915 se
1377 1882 1596 1924 discrepant,
1634 1882 1730 1924 prius
1757 1883 1823 1923 Ml,

184 1930 356 1972 posterius
380 1931 433 1962 Miz
457 1930 688 1971 significatum
711 1932 776 1963 est.

79 1980 103 2013 C
122 1981 149 2013 I·l
166 1982 191 2013 R
208 1982 228 2013 S
245 1981 269 2012 T
286 1990 310 2019 χ
326 1985 360 2021 ψ
383 1992 419 2009 =
442 1980 580 2013 codices
605 1982 833 2020 oxonienses,
861 1990 903 2013 ex
926 1981 1052 2022 quibus
1075 1983 1101 2015 R
1125 1983 1159 2014 in
1184 1982 1215 2023 ἓ.
1240 1982 1293 2014 76.
1320 1981 1448 2014 deficit.

78 2029 156 2062 Sch.
181 2042 217 2059 =
240 2029 451 2063 Scholiastae
477 2032 681 2063 Gronoviani
705 2031 881 2064 lemmata.

77 2078 156 2112 Pall.
182 2089 218 2108 =
241 2078 380 2111 Palatini
414 2081 567 2117 Gruteri,
604 2089 691 2121 quos
722 2082 792 2113 tres
824 2081 973 2121 inspexit
1004 2081 1045 2118 (v.
1077 2089 1159 2112 eum
1189 2080 1232 2112 ad
1265 2090 1295 2113 c.
1319 2080 1398 2122 48.).
1446 2081 1544 2114 Idem
1574 2084 1758 2125 praeterea
1782 2091 1824 2117 ex

182 2129 322 2162 schedis
346 2129 524 2162 Guilielmii
549 2130 668 2162 codice
693 2131 738 2162 St.
764 2131 851 2162 Vict.
880 2130 934 2171 (ad
957 2131 1084 2163 aedem
1108 2132 1156 2163 St.
1181 2131 1338 2172 Victoris)
1362 2139 1447 2164 usus
1471 2134 1535 2164 est.

76 2181 170 2213 Parr.
195 2193 232 2210 ε
254 2180 395 2212 Parisini
419 2189 438 2211 a
462 2181 683 2212 Steinmetzio
708 2179 832 2212 collati.
860 2181 900 2221 (4.
920 2179 950 2212 4.
970 2180 1000 2212 7.
1019 2181 1049 2212 8.
1069 2181 1112 2221 9.)

76 2230 171 2262 lann.
195 2240 232 2258 =
253 2230 440 2262 varietates
463 2238 482 2261 a
506 2231 638 2262 Donato
661 2231 836 2262 Iannoctio
861 2230 1001 2262 editioni
1025 2230 1179 2263 Venetae
1204 2239 1235 2262 a.
1255 2230 1350 2263 4540.
1377 2231 1592 2274 adscriptae,
1619 2233 1746 2275 quibus
1763 2236 1826 2267 Ga-

183 2280 337 2312 ratonius
360 2288 446 2312 usus
470 2281 533 2312 est.

78 2329 163 2362 Gud.
187 2339 224 2359 =
247 2329 422 2362 Gudianus
445 2329 512 2370 68.‚
539 2338 646 2370 quem
669 2330 804 2362 Ernesti
828 2328 995 2361 adhibuit.
1042 2330 1111 2362 Sed
1135 2339 1177 2362 ex
1200 2332 1362 2363 accurata
1386 2330 1566 2364 collatione
1592 2333 1645 2374 ἐξ.
1664 2334 1782 2366 4-20.
1804 2344 1824 2367 a

183 2381 404 2412 FLECKmsENo
428 2379 516 2412 facta
538 2379 753 2412 intellectum
778 2380 844 2420 est⁷
878 2379 1036 2412 codicem
1065 2380 1203 2413 mendis
1227 2381 1262 2413 et
1284 2381 1608 2423 interpolationibus
1638 2383 1825 2418 refertissi-

181 2438 278 2463 mum
302 2438 397 2470 esse,
423 2439 489 2462 nec
513 2430 656 2471 dignum
679 2430 738 2471 qui
760 2431 852 2462 totus
877 2431 1109 2463 excuteretur.

74 2487 97 2512 v
118 2490 155 2508 =
178 2480 233 2513 ed.
258 2480 390 2513 Veneta
414 2489 445 2512 a.
471 2479 585 2519 4472„
612 2489 701 2521 quae
725 2480 834 2513 instar
857 2480 985 2513 codicis
1010 2482 1073 2513 est.

74 2539 94 2562 a
116 2541 152 2560 =
175 2530 231 2563 ed.
254 2531 466 2564 Ascensiana
490 2540 521 2563 a.
548 2531 643 2563 4544.

75 2589 94 2613 c
115 2590 151 2610 a
174 2581 229 2612 ed.
256 2580 482 2613 Cratandrina
505 2589 536 2612 a.
563 2581 657 2613 4528.

74 2632 98 2663 L
121 2643 158 2661 =
179 2630 402 2663 Lambiniana
425 2640 457 2663 a.
483 2631 578 2663 4566.

74 2681 96 2715 8
117 2693 153 2711 =
175 2681 295 2713 Lamb.
321 2681 555 2722 repetitiones.

75 2733 151 2763 Gar.
168 2732 188 2763 2
210 2742 248 2760 =
270 2732 381 2763 Curae
405 2730 580 2763 secundae
605 2731 706 2772 Gasp.
733 2730 906 2762 Garatonii
928 2730 1091 2763 ineditae.

75 2781 100 2812 Ο
123 2790 160 2809 =
183 2780 237 2812 ed.
264 2779 432 2813 Orelliana
455 2781 561 2822 prior.

76 2831 131 2862 Or.
149 2830 168 2863 2
191 2838 228 2859 Ξ
251 2829 305 2862 ed.
331 2829 444 2862 Orellii
467 2829 594 2869 altera,
620 2830 732 2862 Turici
757 2829 850 2861 4837.
877 2828 908 2862 4.

76 2879 131 2913 Os.
155 2889 193 2911 ετ·-
215 2879 270 2912 ed.
295 2879 600 2921 Osenbrueggenii.

157 2931 340 2962 Praeterea
372 2930 407 2962 in
431 2930 484 2971 gg.
510 2931 626 2962 4—25.
651 2930 821 2972 apparatu
845 2937 864 2960 a
887 2928 1146 2969 Lagoniarsinio
1170 2928 1315 2962 collecto
1338 2938 1424 2962 usus
1447 2939 1543 2971 sum,
1581 2932 1639 2973 qui
1662 2932 1706 2964 ad
1729 2932 1821 2965 hanc

73 2978 265 3011 orationem
287 2979 456 3011 tredecim
480 2979 618 3012 codices
643 2979 812 3017 excussit,
839 2987 989 3019 quorum
1012 2980 1330 3020 praestantissimus
1353 2980 1541 3012 Niebuhrio
1564 2980 1619 3013 ille
1635 2982 1730 3014 visus
1754 2985 1818 3023 est,

74 3035 180 3069 quem
202 3030 480 3070 Lagomarsinius
502 3038 651 3061 numero
674 3029 727 3062 26.
755 3029 806 3069 (=
830 3029 906 3061 cod.
932 3029 1055 3062 Medic.
1081 3030 1168 3062 Plut.
1194 3030 1397 3063 XXXXVIII.
1423 3040 1457 3063 n.
1483 3031 1550 3071 26.)
1575 3032 1731 3071 signavit.

158 3079 195 3110 In
218 3080 507 3111 commentarium
532 3079 690 3111 criticum
712 3080 782 3111 tota
798 3078 987 3112 lectionum
1004 3079 1186 3112 diversitas
1203 3088 1245 3112 ex
1260 3081 1390 3120 VGM,
1416 3082 1515 3121 Sch.‚
1541 3089 1563 3112 v
1578 3089 1597 3112 a
1615 3089 1651 3120 e,
1676 3082 1818 3122 recepta

74 3128 142 3167 est,
168 3127 267 3161 nullis
291 3129 356 3162 nisi
378 3129 585 3163 monstrosis
608 3129 763 3170 mendis,
790 3138 831 3162 ex
855 3129 981 3170 quibus
1003 3129 1085 3163 nihil
1108 3130 1250 3163 omnino
1266 3130 1411 3164 subsidii
1426 3132 1498 3174 peti
1512 3131 1641 3174 possit,
1667 3131 1817 3164 omissis.
