2143 3713
691 230 787 271 cst.
818 231 1004 271 x-XI.
1040 229 1113 284 §§.
1144 226 1338 270 23-28.
1789 226 1871 267 669

122 347 274 401 quibus
305 344 464 398 gaudiis
496 342 745 384 exsultabis!
778 348 931 396 quanta
962 343 1003 382 in
1025 342 1235 395 voluptate
1264 339 1541 388 bacchabere,
1573 354 1664 380 cum
1691 343 1869 382 intanto

122 422 293 448 numero
332 413 495 447 tuorum
536 418 673 458 neque
715 404 859 443 audies
890 405 1023 444 virum
1053 404 1208 443 bonum
1240 416 1493 455 quemquam
1523 414 1660 454 neque
1689 396 1870 438 videbis!

121 470 185 508 Ad
218 470 342 509 buius
373 469 480 508 vitae
512 467 693 507 studium
725 467 910 505 meditati
941 466 1000 504 illi
1033 470 1148 511 sunt,
1181 464 1252 518 qui
1273 464 1485 511 seruntur,
1516 463 1678 503 labores
1700 461 1781 501 tui:
1813 460 1873 498 ia-

122 546 215 571 cere
245 531 362 570 humi
394 543 477 569 non
508 528 641 568 solum
675 527 726 566 ad
759 527 1032 567 obsidendum
1063 532 1274 578 stuprum,
1306 539 1448 565 verum
1476 525 1599 565 etiam
1631 524 1681 564 ad
1710 522 1872 562 facinus

123 594 383 640 obeundum,
430 590 602 643 vigilare
645 603 728 629 non
769 590 900 629 solum
938 589 1204 629 insidiantem
1235 601 1382 627 somno
1425 587 1688 634 maritorum,
1730 593 1905 624 verumf»

123 655 244 694 etiam
274 655 395 694 bonis
426 653 667 693 otiosorum.
727 652 887 698 Habes,
919 651 989 691 ubi
1020 655 1202 691 ostentes
1234 656 1347 689 tuam
1378 648 1490 688 illam
1522 648 1773 701 praeclaram
1805 658 1876 698 pa-

125 716 310 756 tientiam
341 715 482 762 samis,
513 713 701 766 frigoris,
733 713 900 766 inopiae
926 727 1061 753 rerum
1084 711 1290 758 omnium,
1324 710 1473 764 quibus
1494 716 1532 750 te
1553 709 1668 749 brevi
1691 714 1876 761 tempore

125 777 358 818 confectum
389 776 556 817 senties.
616 773 683 814 ⁶27.
715 776 892 815 Tantum
921 773 1077 827 profeci
1099 780 1206 821 tum,
1239 786 1331 812 cum
1353 778 1392 812 te
1415 786 1437 812 a
1459 771 1679 812 consulatu
1699 769 1877 823 reppuli,

125 846 170 879 ut
200 839 320 880 exsul
350 838 488 892 potius
520 842 679 877 tentare
711 850 834 890 quam
867 835 1012 876 consul
1043 848 1195 875 vexare
1216 847 1302 874 rem
1325 833 1534 887 publicam
1556 846 1722 886 posses,
1753 838 1877 885 atque

124 907 169 941 ut
209 902 275 948 id,
314 900 426 954 quod
466 904 528 939 est
566 898 639 939 abs
680 904 718 939 te
759 898 954 939 scelerate
991 903 1250 951 susceptum,
1290 896 1551 936 latrocinium
1581 894 1722 948 potius
1753 903 1930 946 quamio

125 963 277 1003 bellum
308 962 604 1001 nominaretur.

238 1025 309 1064 XI.
341 1025 459 1063 Nunc
488 1028 535 1062 ut
566 1036 589 1063 a
618 1036 705 1070 me,
737 1028 873 1075 patres
895 1022 1140 1075 conscripti,
1172 1022 1380 1075 quandam
1399 1034 1528 1075 prope
1549 1021 1702 1060 iustam
1722 1018 1877 1073 patriae

128 1086 429 1140 querimoniam
470 1084 652 1125 detester
695 1098 740 1124 ac
783 1085 999 1137 deprecer,
1038 1084 1260 1137 percipite,
1301 1096 1478 1136 quaeso,
1518 1082 1741 1135 diligenter
1771 1093 1877 1134 quae

125 1150 283 1196 dicam,
325 1153 366 1188 et
406 1160 454 1187 ea
489 1148 654 1200 penitus
696 1146 843 1186 animis
881 1147 1030 1187 restris
1061 1146 1351 1198 mentibusque
1382 1145 1588 1185 mandate.
1648 1142 1813 1183 Etenim
1844 1141 1877 1181 si

125 1225 287 1252 mecum
330 1209 478 1263 patria,
526 1221 632 1262 quae
671 1208 770 1248 mibi
813 1208 897 1248 vita
926 1221 1018 1247 mea
1047 1208 1179 1247 multo
1211 1213 1274 1247 est
1303 1208 1457 1254 carior,
1502 1206 1536 1247 si
1568 1211 1718 1246 cuncta
1747 1205 1928 1252 Italiam

126 1274 158 1313 si
192 1274 325 1314 omnis
354 1285 419 1312 res
450 1271 617 1325 publica
646 1270 868 1324 loquatur:
918 1271 995 1310 «M.
1026 1269 1160 1316 Tulli,
1193 1268 1294 1322 quid
1325 1268 1445 1320 agis?
1476 1273 1576 1308 tune
1607 1279 1722 1315 eum,
1755 1280 1880 1320 quem

125 1350 218 1376 esse
248 1336 410 1376 hostem
441 1333 699 1386 comperisti,
732 1346 855 1386 quem
886 1331 1035 1371 ducem
1063 1330 1163 1371 belli
1191 1330 1375 1370 futurum
1406 1329 1541 1377 vides,
1579 1342 1704 1382 quem
1734 1342 1880 1382 exspe-

125 1398 227 1437 ctari
257 1397 554 1450 imperatorem
578 1396 621 1435 in
642 1395 786 1434 castris
806 1394 990 1434 hostium
1012 1393 1163 1440 sentis,
1194 1397 1407 1432 auctorem
1427 1391 1618 1439 sceleris,
1648 1391 1880 1445 principem

129 1458 451 1506 coniurationis,
485 1463 748 1498 evocatorem
779 1469 993 1497 servorum
1025 1461 1064 1495 et
1088 1455 1241 1495 civium
1262 1453 1542 1508 perditorum,
1574 1453 1689 1494 exire
1708 1453 1880 1507 patiere,

127 1526 173 1560 ut
204 1520 276 1560 abs
306 1525 346 1560 te
378 1533 463 1560 non
494 1521 670 1560 emissus
702 1533 753 1560 ex
783 1519 905 1566 urbe,
952 1517 1025 1558 sed
1055 1518 1264 1557 immissus
1294 1517 1337 1556 in
1367 1515 1512 1555 urbem
1543 1529 1634 1556 esse
1664 1516 1932 1556 videatur‘320

129 1595 268 1622 nonne
297 1582 409 1622 hunc
440 1584 482 1623 in
512 1582 680 1622 vincula
710 1582 831 1629 duci,
861 1595 946 1621 non
976 1581 1028 1621 ad
1048 1585 1223 1620 mortem
1248 1579 1359 1632 rapi,
1388 1591 1472 1618 non
1494 1591 1654 1618 summo
1677 1578 1881 1632 supplicio

126 1645 297 1684 mactari
329 1644 586 1697 imperabis?
644 1642 710 1683 528.
743 1643 853 1692 Quid
885 1643 1052 1683 tandem
1083 1647 1122 1682 te
1152 1640 1358 1696 impedit?
1394 1641 1539 1680 Mosne
1561 1641 1798 1681 maiorum?
1830 1643 1882 1681 At

126 1719 327 1760 persaepe
359 1706 484 1746 etiam
514 1705 664 1759 privati
696 1706 740 1745 in
769 1705 846 1745 hac
876 1719 919 1744 re
951 1704 1120 1757 publica
1148 1702 1406 1757 perniciosos
1437 1702 1548 1742 cives
1578 1709 1710 1744 morte
1736 1703 1883 1744 multa-

125 1773 284 1809 verunt.
334 1768 398 1807 An
428 1768 561 1821 leges,
608 1781 716 1821 quae
748 1767 799 1808 de
831 1767 982 1807 civium
1012 1767 1293 1807 Romanorum
1323 1765 1528 1819 supplicio
1558 1771 1726 1819 rogatae
1757 1767 1881 1806 sunt?

214 1904 244 1934 4.
283 1903 444 1935 exultabis
474 1903 543 1934 mei
572 1901 742 1943 plerique.
775 1919 809 1924 —-
847 1903 879 1933 in
909 1910 978 1933 om.
1012 1910 1034 1933 u
1064 1902 1097 1933 et
1128 1902 1170 1938 L;
1209 1909 1284 1941 sup.
1318 1899 1446 1932 lineam
1476 1899 1583 1931 habet
1612 1910 1640 1932 r.
1674 1919 1709 1923 —
1743 1901 1885 1933 baccha-

127 1952 211 1984 beris
240 1952 263 1984 d
287 1954 321 1984 et
344 1961 367 1983 u
390 1961 437 1984 m.
465 1961 557 1989 sec.;
585 1953 647 1983 hac
669 1952 786 1984 habere
809 1954 821 1983 t
852 1951 1039 1991 (bachabere
1062 1951 1129 1983 mei
1154 1949 1335 1992 plerique).
1364 1967 1398 1971 —
1424 1950 1458 1980 in
1481 1953 1546 1982 toto
1570 1950 1607 1982 C.
1634 1968 1671 1974 —
1697 1952 1728 1983 ⁶2.
1753 1956 1884 1984 tuorum

129 2010 266 2033 numero
290 2002 325 2033 d.
345 2019 382 2025 —
408 2011 512 2041 neque
534 2003 598 2033 rid.
625 2010 820 2041 quemquam
844 2010 873 2033 c.
896 2019 930 2023 —
956 2010 1014 2033 nec·
1038 2009 1102 2041 yz.
1125 2018 1159 2023 -
1186 1999 1216 2031 3.
1236 2000 1290 2038 ad]
1306 1999 1346 2030 K.
1366 1999 1409 2030 ad
1425 2008 1461 2037 εις
1488 1999 1568 2031 binc
1591 1999 1668 2032 fort.
1688 2001 1722 2032 in
1745 2002 1803 2042 Lg.
1822 2002 1880 2033 53:

130 2052 278 2083 Catelina
301 2052 356 2082 ad.
386 2069 420 2074 —-
458 2052 505 2082 illi
527 2051 673 2083 meditati
698 2051 730 2082 d.
758 2068 793 2073 —
831 2054 904 2082 sunt
928 2051 974 2081 illi
999 2052 1095 2082 etW.
1125 2068 1159 2072 —
1197 2049 1228 2081 4.
1255 2059 1315 2080 non
1345 2048 1667 2090 solum-—viyilare
1689 2059 1759 2082 om.
1785 2060 1817 2089 ς.
1846 2069 1882 2074 -

126 2110 191 2132 non
213 2101 309 2132 modo
332 2101 361 2131 V
383 2102 442 2141 Lg.
468 2102 521 2133 20.
548 2101 600 2133 ⁵2⁷1.
628 2100 707 2138 soli,
746 2102 820 2132 LO.
857 2119 891 2123 —
929 2103 960 2133 5.
986 2101 1160 2132 insidiante
1183 2100 1213 2135 t;
1250 2099 1473 2130 insidiandum
1497 2099 1560 2139 iq;
1597 2100 1641 2131 ad
1663 2101 1884 2132 insidiandum

127 2152 150 2182 B
166 2150 227 2182 Vd
243 2151 344 2190 yzL.
367 2168 401 2172 —
430 2151 460 2182 6.
487 2151 666 2182 occisorum
690 2150 712 2182 b
727 2151 802 2189 ‚aio
817 2159 921 2190 qsx,
948 2151 965 2181 7
984 2149 1038 2181 alii
1055 2149 1139 2180 dett.
1158 2150 1275 2189 Lagg„
1301 2149 1381 2187 LO,
1408 2157 1497 2189 quae
1521 2147 1623 2181 lectio
1648 2159 1690 2182 ex
1714 2152 1883 2192 scriptura

129 2202 312 2232 ociosorum
335 2202 416 2232 nata
442 2202 506 2231 est.
535 2218 569 2222 -—
597 2204 689 2232 tuam
711 2201 803 2231 illam
824 2200 946 2240 praecl.
973 2200 1029 2231 Ba
1044 2199 1310 2239 egkoquZ,
1337 2199 1354 2229 7
1379 2197 1433 2229 alii
1457 2199 1559 2238 Lagg.
1585 2198 1767 2233 meliores:
1793 2205 1883 2233 tuam

124 2250 249 2291 praecl.
274 2251 366 2281 illam
382 2250 428 2286 h;
452 2250 545 2281 illam
568 2254 659 2282 tuam
678 2249 803 2290 praecl.
822 2250 844 2281 b
859 2259 877 2281 c
890 2250 899 2281 i
914 2259 929 2280 s
944 2250 955 2280 t
968 2257 989 2280 u
1003 2257 1082 2287 wx,
1108 2249 1166 2288 Lg.
1187 2248 1238 2279 46.
1256 2247 1314 2284 43;
1340 2248 1432 2279 illam
1449 2247 1576 2288 praeci.
1593 2252 1686 2281 tuam
1709 2250 1831 2282 leL
1845 2252 1882 2283 O.

131 2318 166 2323 —
192 2299 422 2331 abstinentiam
444 2300 584 2340 quz.
614 2318 648 2322 —
682 2300 712 2330 7.
738 2300 883 2332 omnium
912 2309 1024 2332 rerum
1048 2300 1246 2340 deqryz.
1283 2317 1318 2322 —
1356 2300 1387 2331 8.
1421 2300 1535 2331 senties
1562 2298 1637 2331 bs:
1674 2308 1740 2332 esse
1772 2302 1887 2332 senties

128 2350 151 2380 R
167 2350 248 2387 LO,
280 2349 343 2382 sed
376 2351 429 2380 est
453 2358 518 2381 esse
541 2350 575 2380 in
598 2358 626 2380 w
650 2357 726 2389 sup.
754 2348 810 2381 lin.
843 2350 901 2389 (Ex
925 2351 1028 2390 Lagg.
1054 2348 1148 2381 nulla
1173 2349 1323 2380 varietas
1347 2350 1520 2390 exscripta
1544 2348 1621 2388 est.)
1647 2366 1684 2372 -
1721 2353 1790 2381 tum
1813 2359 1882 2382 om.

128 2398 476 2438 bilrstuwxyz‚
503 2399 561 2438 Lg.
588 2397 640 2430 43.
667 2399 719 2430 50.
746 2399 798 2430 57.
825 2401 857 2430 ct
883 2400 1059 2432 Charisius
1082 2408 1116 2441 p.
1143 2399 1216 2431 435.
1243 2399 1361 2436 Lind.;
1398 2402 1466 2430 tum
1490 2399 1524 2430 in
1547 2399 1607 2439 Lg.
1633 2398 1663 2430 3.
1691 2401 1723 2430 et
1748 2400 1779 2431 6.
1806 2408 1883 2441 sup.

128 2448 185 2481 lin.
213 2451 284 2487 est;
310 2448 373 2480 sed
390 2448 548 2480 firmatur
565 2457 583 2479 a
600 2447 768 2479 Diomede
794 2457 827 2488 p.
846 2449 934 2488 386„
954 2451 1052 2481 cuius
1077 2449 1179 2481 codd.
1198 2451 1362 2490 corrupte
1387 2448 1517 2480 habent
1535 2449 1720 2489 profectum
1743 2458 1828 2481 cum.
1845 2467 1879 2472 —

127 2498 255 2538 reppuli
279 2498 356 2529 die
371 2506 474 2536 oru,
502 2497 697 2536 Charisius,
724 2497 801 2529 cod.
820 2499 953 2530 Monac.
972 2499 1173 2531 Diomedis:
1198 2499 1305 2539 repuli
1328 2500 1410 2531 Ro:
1437 2499 1544 2539 depuli
1560 2500 1596 2530 L.
1618 2516 1653 2521 —
1679 2499 1709 2531 9.
1727 2503 1886 2539 temptare

130 2549 199 2580 mei
223 2546 394 2589 plerique.
423 2565 458 2569 —
486 2547 596 2578 consul
620 2555 688 2578 om.
714 2555 749 2579 u.
777 2563 812 2569 —
834 2557 943 2587 posses
965 2558 1034 2580 rem
1053 2558 1088 2589 p.
1117 2550 1160 2581 C:
1186 2559 1256 2581 rem
1274 2559 1310 2589 p.
1333 2550 1437 2589 possis
1460 2548 1591 2580 bcds.
1617 2566 1652 2571 —
1679 2550 1730 2582 40.
1756 2550 1790 2581 id
1812 2559 1883 2582 om.

130 2606 161 2638 g.
189 2615 224 2619 —
251 2601 297 2629 est
316 2597 458 2636 besgt
495 2600 572 2629 esset
596 2597 697 2628 RLO
719 2598 870 2637 (Lagom.
897 2598 940 2630 de
965 2599 1036 2631 suis
1060 2600 1175 2639 tacet).
1204 2617 1240 2622 —
1266 2600 1324 2631 abs
1346 2603 1375 2631 te
1399 2597 1718 2637 Cbcilstuwx,
1747 2601 1804 2640 Lg.
1830 2600 1883 2631 46.

130 2647 183 2679 43.
209 2647 261 2680 46.
288 2648 349 2679 65:
378 2657 400 2679 a
422 2650 452 2679 te
474 2648 588 2679 RLO.
618 2665 652 2669 —
679 2651 857 2687 suspectum
883 2649 940 2679 tu.
968 2665 1003 2670 --
1042 2649 1093 2680 42.
1117 2650 1250 2689 patriae
1273 2659 1303 2689 q.
1326 2659 1379 2689 pr.
1408 2650 1528 2680 iustam
1551 2648 1586 2680 d.
1615 2666 1650 2670 —
1688 2648 1739 2680 43.
1766 2658 1885 2688 quaeso

126 2697 284 2736 percipite
306 2698 359 2728 rt.
387 2715 422 2719 —
449 2697 619 2738 diligenter
642 2706 761 2737 quaeso
787 2706 826 2729 e:
859 2698 1029 2738 diligenter
1052 2707 1121 2730 om.
1147 2708 1210 2738 ag.
1239 2717 1274 2721 —
1308 2699 1359 2732 44.
1384 2699 1542 2731 mentibus
1568 2698 1684 2730 vestris
1705 2699 1887 2738 animisque

131 2747 165 2778 d.
194 2763 230 2769 -
256 2747 540 2786 Etenim—-quid
574 2747 647 2788 aqis
680 2748 779 2778 affert
811 2747 1036 2786 Quintilianus
1060 2748 1114 2779 IX.
1140 2748 1178 2787 Ξ,
1204 2749 1256 2781 32.
1291 2766 1326 2770 -
1366 2750 1416 2780 45.
1444 2753 1488 2780 est
1511 2750 1523 2780 t
1547 2747 1655 2780 habet
1683 2750 1764 2790 post
1786 2749 1883 2786 mihi,

131 2806 151 2827 0
167 2804 264 2836 ΓΥΖ,
289 2797 349 2835 Lg.
366 2797 420 2827 Ἥ.
440 2795 491 2828 42.
511 2796 563 2828 53.
590 2799 669 2838 post
691 2798 820 2829 carior:
847 2805 866 2828 c
889 2806 963 2828 mea
986 2799 1066 2838 post
1088 2798 1217 2836 carior,
1244 2807 1368 2830 omnes
1393 2800 1513 2830 contra
1538 2796 1675 2836 Quintil.
1697 2816 1732 2820 —
1760 2798 1811 2830 46.
1836 2798 1886 2829 lo—

131 2849 277 2885 quantur
300 2846 342 2879 C.
368 2845 388 2877 4-
405 2847 526 2886 Lagg.;
552 2847 598 2879 sic
620 2847 776 2886 loquatur
792 2846 1030 2885 Quintilianus.
1052 2865 1087 2870 -—
1113 2857 1207 2888 quem
1221 2865 1270 2872 --
1285 2848 1470 2887 comperisti
1487 2847 1508 2878 d
1532 2849 1610 2888 post
1626 2855 1721 2886 quem
1736 2865 1754 2870 -
1767 2865 1785 2870 -
1802 2848 1888 2879 vides

132 2895 250 2927 habet.
278 2911 313 2916 ——
342 2895 394 2926 47.
418 2895 538 2927 hostem
560 2905 625 2929 esse
649 2906 751 2934 erw,
779 2898 838 2937 Lg.
864 2897 917 2928 50.
943 2897 1003 2931 57;
1031 2906 1095 2928 esse
1118 2906 1187 2928 om.
1206 2896 1239 2936 l,
1266 2898 1324 2937 Lg.
1342 2896 1394 2928 53.
1417 2915 1452 2919 —
1480 2896 1531 2928 48.
1556 2896 1695 2927 hostium
1717 2897 1833 2927 castris
1850 2897 1884 2929 d.

136 2963 170 2967 —
196 2943 304 2985 sentis]
328 2944 415 2976 vides
437 2944 532 2977 brs.
560 2964 595 2968 —-
622 2946 674 2977 49.
701 2949 908 2978 evocatorum
931 2955 976 2984 υς
1003 2950 1224 2979 revocator-em
1248 2949 1271 2978 t.
1299 2963 1334 2968 —
1361 2947 1544 2985 civiumque
1567 2946 1601 2977 d.
1630 2963 1665 2968 —-
1686 2947 1887 2986 perditorem

134 2992 244 3026 bils.
272 3011 307 3018 -
328 2995 469 3034 patieris
490 2995 567 3027 BV.
595 3013 630 3018 —
656 2996 709 3028 20.
737 2997 775 3028 de
796 2996 875 3028 urbe
898 2997 906 3027 i
930 3005 981 3037 pr.
999 3005 1047 3028 m.
1075 2997 1128 3037 (ex
1150 3006 1183 3028 u.
1210 2995 1341 3027 habent
1365 2994 1503 3034 Quintil.
1524 2995 1578 3026 IX.
1597 2995 1634 3034 3,
1660 2996 1713 3027 74.
1733 2997 1768 3027 et
1782 2998 1885 3028 Arus.

134 3052 168 3084 p.
194 3043 282 3083 230.)
310 3061 345 3066 —
371 3044 425 3076 21.
450 3054 556 3077 nonne
579 3046 741 3078 codices:
768 3055 832 3078 non
856 3047 879 3077 L
894 3047 918 3077 O
943 3048 978 3077 et
1000 3045 1202 3084 Madvigius.
1223 3063 1257 3067 —
1276 3044 1385 3076 vincla
1407 3045 1465 3076 Ba
1490 3044 1544 3083 (an
1560 3044 1619 3085 γῆ)
1644 3053 1674 3085 z,
1699 3045 1758 3085 Lg.
1777 3045 1829 3077 53.
1847 3062 1882 3066 —-

133 3102 199 3124 non
214 3109 263 3117 -—
278 3093 354 3135 non]
378 3103 485 3126 nonne
499 3112 547 3118 -—
561 3105 666 3127 nonne
689 3105 720 3128 c.
742 3114 777 3119 —
803 3096 934 3127 sublicio
958 3098 991 3133 tg
1017 3095 1152 3135 suplicio
1176 3096 1198 3127 i.
1219 3113 1254 3117 —
1280 3095 1333 3126 ⁶22.
1357 3093 1533 3134 imperabis
1553 3094 1698 3125 mactari
1721 3102 1759 3131 03
1784 3094 1890 3134 impe-

135 3142 226 3173 rabis
248 3151 317 3175 om.
342 3152 383 3182 u3
408 3145 585 3185 imperabis
608 3146 685 3185 quid
707 3147 838 3178 tandem
861 3154 930 3177 om.
956 3147 1009 3177 st.
1030 3145 1216 3184 —impedit
1237 3148 1266 3176 te
1290 3144 1463 3183 CnyZ,
1489 3144 1548 3182 Lg.
1574 3142 1627 3174 20.
1653 3142 1705 3174 2⁴.
1733 3143 1784 3174 65.
1810 3142 1886 3182 soli,

136 3191 213 3223 LO.
245 3192 284 3232 (te
306 3193 429 3232 inpedit
452 3194 558 3226 habet
581 3196 711 3227 Auctor
732 3197 885 3228 incertus
909 3197 941 3227 in
965 3194 1096 3227 Anecd.
1114 3195 1221 3226 Paris.
1246 3202 1280 3234 p.
1298 3193 1342 3233 7.)
1370 3211 1405 3215 —
1430 3192 1484 3224 23.
1509 3192 1608 3224 etiam
1631 3200 1700 3223 om.
1720 3190 1764 3229 d;
1789 3193 1888 3224 etiam

133 3249 266 3281 persepe
283 3250 322 3274 W.
345 3260 380 3266 —-
404 3245 627 3275 multaverunt
648 3245 673 3276 B
686 3253 705 3275 a
719 3244 759 3277 el
772 3254 801 3277 w
815 3254 855 3286 y:
880 3245 1063 3276 multarunt
1079 3244 1145 3283 (vel
1160 3241 1374 3282 mulctarunt)
1390 3243 1415 3274 R
1429 3243 1452 3274 L
1467 3242 1504 3273 O.
1526 3260 1561 3264 ›—
1585 3240 1639 3273 24.
1664 3242 1887 3274 Romanorum

138 3299 207 3322 om.
233 3292 276 3329 1.;
311 3300 444 3324 reorum
466 3293 584 3334 Veip
613 3294 646 3326 et
676 3293 730 3327 alii
759 3294 844 3327 dett.
869 3295 970 3335 Lagg.
1006 3312 1036 3315 —
1076 3296 1214 3335 roqalae
1235 3296 1309 3324 sunt
1339 3292 1444 3332 suppl.
1471 3300 1544 3329 co,
1578 3292 1635 3332 Lg.
1662 3290 1715 3323 46.
1740 3292 1794 3324 50.
1819 3292 1882 3330 573

135 3344 274 3382 rogatae
295 3350 365 3374 om.
391 3343 401 3375 i
423 3351 475 3384 pr.
501 3351 549 3375 m.
