2143 3713
675 660 728 717 M.
765 660 950 717 'sttui
987 655 1286 716 CICERONIS

338 801 491 858 DE
576 798 916 854 LEGE
998 793 1629 852 AGRARIA

884 949 1085 981 CONTRA

455 1069 510 1118 P.
547 1067 922 1118 SERVILIUM
959 1063 1242 1115 RULLUM
1277 1063 1382 1111 TR.
1416 1061 1515 1109 PL.

730 1208 944 1246 ORATIO
981 1207 1245 1244 SECUNDA

855 1332 903 1360 AD
927 1330 1114 1359 POPL‘LL‘M.

232 1633 262 1673 I.
295 1629 332 1672 ll.
364 1633 437 1671 Est
466 1630 545 1671 hoc
576 1632 617 1671 in
649 1644 760 1671 more
791 1633 993 1684 positum,
1026 1631 1233 1679 Quirites,
1264 1630 1538 1683 institutoque
1567 1630 1788 1678 maiorum,
1817 1635 1862 1670 ut

123 1696 172 1744 ii,
207 1696 277 1750 qui
306 1692 507 1734 beneficio
538 1700 673 1733 vestro
706 1694 905 1746 imagines
937 1694 1114 1733 familiae
1145 1706 1243 1733 suae
1276 1693 1486 1733 consecuti
1513 1699 1630 1741 sunt,
1661 1707 1750 1733 eam
1781 1693 1863 1746 pri-

123 1770 230 1796 mam
259 1757 439 1796 habeant
467 1756 723 1802 contionem,
756 1769 838 1809 qua
868 1757 1039 1809 gratiam
1068 1754 1257 1795 beneficii
1280 1755 1407 1795 vestri
1429 1769 1519 1795 cum
1543 1769 1711 1796 suorum
1740 1755 1862 1796 laude

124 1819 388 1871 coniungant.
440 1817 531 1865 Qua
570 1817 614 1856 in
654 1818 842 1857 oratione
882 1831 964 1857 non
1002 1818 1106 1857 nulli
1144 1817 1369 1871 aliquando
1400 1818 1511 1871 digni
1541 1819 1740 1858 maiorum
1770 1818 1862 1857 loco

122 1880 405 1933 reperiuntur,
435 1879 623 1932 plerique
655 1884 792 1918 autem
822 1879 901 1919 hoc
932 1878 1170 1932 perficiunt,
1201 1885 1246 1919 ut
1277 1885 1434 1920 tantum
1465 1880 1690 1920 maioribus
1721 1890 1895 1920 eorumr,

124 1941 307 1981 debitum
339 1953 427 1980 esse
459 1940 667 1989 videatur,
697 1941 807 1980 unde
840 1941 962 1980 etiam
994 1941 1105 1994 quod
1136 1943 1312 1994 posteris
1343 1941 1573 1981 solveretur
1602 1943 1864 1982 redundaret.

122 2003 246 2050 Mihi,
278 2003 481 2051 Quirites,
512 2003 622 2055 apud
644 2016 716 2042 vos
747 2003 797 2042 de
828 2003 929 2042 meis
960 2003 1184 2043 maioribus
1215 2003 1379 2043 dicendi
1411 2003 1586 2044 facultas
1617 2018 1700 2045 non
1732 2004 1866 2052 datur,

123 2078 206 2104 non
237 2077 321 2117 quo
352 2077 438 2104 non
469 2064 572 2104 tales
602 2064 779 2112 fuerint,
811 2064 954 2117 quales
985 2078 1061 2104 nos
1092 2065 1258 2105 illorum
1280 2066 1480 2119 sanguine
1502 2072 1661 2108 creatos
1683 2067 1867 2121 discipli-

123 2127 272 2180 nisque
303 2126 514 2166 institutos
546 2126 719 2174 videtis,
760 2128 832 2167 sed
862 2127 974 2179 quod
1005 2127 1127 2167 laude
1164 2128 1354 2181 populari
1386 2133 1510 2182 atque
1539 2129 1711 2170 honoris
1740 2130 1866 2170 vestri

123 2188 215 2228 luce
247 2192 478 2228 caruerunt.
538 2185 575 2226 ἱ).
606 2189 665 2228 De
699 2202 762 2227 me
793 2189 884 2242 ipso
915 2194 1052 2229 autem
1082 2203 1229 2229 vereor
1257 2203 1309 2230 ne
1339 2193 1567 2244 arrogantis
1590 2192 1643 2232 sit
1662 2192 1773 2246 apud
1794 2198 1916 2232 vos⁴0

125 2250 282 2296 dicere,
311 2249 460 2303 ingrati
491 2254 639 2289 tacere.
678 2251 780 2290 Nam
811 2256 852 2290 et
892 2252 1042 2305 quibus
1082 2251 1232 2292 studiis
1262 2252 1368 2292 hanc
1399 2254 1640 2307 dignitatem
1670 2268 1869 2294 consecu-

125 2317 189 2352 tus
227 2311 304 2351 sim
343 2317 493 2351 memet
526 2311 663 2364 ipsum
705 2325 1026 2354 commemorare
1065 2327 1265 2368 perquam
1308 2328 1430 2367 grave
1474 2322 1553 2364 est,
1594 2321 1634 2356 et
1665 2316 1786 2357 silere
1817 2315 1868 2356 de

125 2373 250 2414 tantis
286 2375 432 2414 vestris
470 2372 681 2414 beneficiis
723 2375 839 2414 nullo
879 2376 1002 2415 modo
1041 2389 1226 2429 possum.
1277 2376 1413 2425 Quare
1452 2378 1715 2419 adhibebitur
1751 2392 1774 2419 a
1803 2392 1868 2418 me

126 2440 238 2477 certa
266 2437 371 2477 ratio
402 2436 717 2489 moderatioque
750 2435 937 2485 dicendi,
976 2444 1043 2485 ut,
1075 2437 1176 2491 quid
1207 2451 1230 2477 a
1260 2439 1378 2478 vohis
1408 2441 1659 2493 acceperim,
1691 2455 1870 2481 comme-

126 2511 308 2547 morem3
348 2511 430 2552 qua
462 2511 506 2538 re
537 2497 686 2550 dignus
718 2503 853 2538 vestro
897 2513 1055 2540 summo
1085 2500 1246 2540 honore
1278 2501 1560 2557 singularique
1590 2505 1744 2544 iudicio
1776 2504 1920 2551 sim,⁴5

125 2561 217 2614 ipse
254 2560 416 2602 modice
456 2560 611 2608 dicam;
655 2560 688 2600 si
729 2573 899 2601 necesse
931 2563 1026 2609 erit,
1070 2576 1143 2601 vos
1174 2563 1343 2603 eosdem
1374 2565 1684 2606 existimaturos
1714 2570 1870 2619 putem,

128 2623 201 2676 qui
229 2622 502 2664 iudicavistis.
561 2620 599 2661 3.
631 2623 695 2662 Me
725 2622 926 2675 perlongo
957 2623 1175 2664 intervallo
1206 2638 1336 2679 prope
1366 2628 1587 2667 memoriae
1617 2633 1871 2681 temporum-

128 2697 210 2738 que
239 2689 475 2725 nostrorum
504 2685 682 2739 primum
712 2685 923 2725 hominem
949 2699 1103 2725 novum
1124 2686 1338 2726 consulem
1358 2687 1514 2730 fecistis
1545 2695 1586 2730 et
1606 2703 1700 2730 eum
1720 2689 1871 2736 locum,

129 2759 253 2800 quem
282 2746 476 2787 nobilitas
506 2746 725 2800 praesidiis
755 2744 959 2786 firmatum
990 2752 1115 2801 atque
1147 2749 1259 2788 omui
1289 2750 1444 2790 ratione
1476 2751 1727 2792 obvallatum
1757 2756 1872 2791 tene-

127 2808 218 2857 hat,
261 2822 327 2849 me
367 2808 471 2849 duce
508 2809 735 2848 rescidistis
774 2809 1000 2862 virtutique
1030 2809 1073 2848 in
1109 2816 1320 2863 posterum
1351 2817 1492 2864 patere
1521 2814 1724 2853 voluistis.
1787 2814 1871 2852 Nec
1885 2818 1922 2847 ΞΟ

129 2883 195 2911 me
224 2875 385 2912 tantum
415 2870 537 2910 modo
569 2871 803 2919 consulem,
836 2870 947 2924 quod
979 2876 1041 2911 est
1070 2871 1207 2924 ipsum
1236 2886 1308 2926 per
1329 2887 1419 2914 sese
1444 2874 1766 2927 amplissimum,
1798 2872 1872 2913 sed

219 3044 250 3076 4.
276 3043 425 3085 Quirites]
450 3044 528 3083 quia
552 3043 586 3075 F.
613 3060 647 3065 —
674 3043 894 3082 instantiaque
918 3044 954 3075 E.
982 3061 1016 3065 —
1043 3044 1074 3075 ἱ).
1101 3043 1135 3085 ii]
1160 3045 1190 3076 ei
1213 3046 1246 3076 F.
1275 3061 1309 3067 —
1335 3049 1445 3078 nostro
1468 3047 1502 3079 F.
1524 3065 1558 3069 -
1585 3047 1616 3079 3.
1641 3049 1825 3080 concionem
1847 3047 1874 3079 E

137 3090 308 3134 (ubique);
339 3093 519 3124 orationem
542 3092 580 3124 T.
614 3109 648 3114 —
690 3092 766 3134 qua]
799 3102 899 3133 quam
921 3094 958 3125 E.
992 3110 1026 3115 —
1064 3092 1095 3125 4.
1121 3095 1155 3125 in
1176 3095 1305 3127 ratione
1327 3096 1363 3127 T.
1391 3113 1426 3118 —
1461 3097 1493 3129 5.
1516 3098 1750 3138 repperiuntur
1770 3098 1807 3130 E.
1835 3113 1871 3119 —

135 3141 167 3172 7.
191 3141 270 3173 mihi
293 3143 432 3182 Quirites
453 3142 636 3174 Pithoeus:
669 3142 781 3182 mihiq.
806 3144 848 3178 P:
885 3143 1026 3182 mihique
1047 3143 1127 3181 EF;
1159 3145 1238 3175 mihi
1261 3145 1390 3184 quidem
1411 3144 1560 3179 ALsso.
1589 3165 1623 3170 —
1648 3147 1679 3180 8.
1706 3156 1767 3187 quo
1790 3147 1871 3178 EF:

137 3190 223 3228 quod
244 3190 307 3222 AL
320 3189 392 3225 20.
413 3209 448 3214 -
472 3200 538 3223 ηοη
562 3191 641 3222 tales
661 3191 794 3233 suerint]
818 3192 899 3223 tales
916 3192 1037 3232 fuerint
1052 3192 1077 3223 E
1096 3193 1176 3232 (om.
1193 3194 1286 3234 norm
1313 3194 1392 3226 tales
1404 3195 1526 3234 fuerint
1539 3205 1605 3228 non
1620 3197 1654 3228 F.
1674 3213 1709 3218 —
1737 3196 1788 3228 40.
1806 3196 1876 3236 ipso

137 3241 246 3270 autem
266 3239 311 3271 E:
337 3243 445 3273 autem
465 3241 534 3281 ipso
557 3239 744 3273 FALssO.
771 3258 805 3263 ——
832 3243 931 3282 apud]
956 3245 1073 3281 aperta
1095 3242 1131 3274 E.
1159 3259 1193 3264 —
1221 3252 1279 3275 vos
1301 3252 1370 3275 om.
1396 3244 1469 3276 EF.
1497 3262 1531 3268 —
1559 3246 1611 3277 43.
1635 3246 1754 3277 nostris
1775 3246 1810 3277 F.
1837 3262 1872 3267 —

138 3287 190 3318 46.
215 3287 322 3319 dicam
342 3292 378 3321 ut
399 3290 427 3321 si
450 3292 488 3322 G.
516 3308 552 3313 -
579 3290 630 3322 47.
651 3290 812 3331 prolonyo
835 3292 872 3323 E.
893 3309 928 3315 —
955 3291 1006 3323 49.
1032 3292 1119 3323 omni
1140 3292 1278 3334 ratione]
1303 3293 1533 3327 ammiratione
1555 3295 1589 3327 F.
1618 3312 1653 3318 —-
1678 3295 1731 3327 20.
1755 3303 1814 3327 nee
1829 3294 1875 3327 E:

136 3344 239 3376 neque
261 3337 360 3370 FAL
375 3336 447 3372 ΩΟ.
473 3357 508 3363 -
534 3340 587 3372 24.
612 3339 719 3380 ipsum
741 3349 811 3373 om.
836 3341 874 3373 E.

194 3397 310 3429 Crono
330 3398 364 3430 T.
377 3398 410 3431 11.
1540 3404 1593 3448 39
