2143 3713
694 485 749 542 M.
787 485 968 542 't't'ttlt
1011 483 1309 543 CICERONIS

365 636 512 693 DE
602 634 937 692 LEGE
1026 632 1641 692 AGRARlA

903 786 1093 817 (lth'l'RA

465 907 512 953 ν.
555 906 931 953 saevitum
973 904 1251 952 mimam
1291 905 1396 950 Tu.
1440 903 1533 951 vi..

759 1048 979 1083 ORATIO
1016 1046 1236 1081 'rizn'rm

870 1171 916 1197 ,ω
940 1169 1126 1197 νυνι-Μ.

240 1433 269 1472 Ι,
302 1429 338 1471 l.
372 1432 637 1472 Commodius
678 1432 874 1472 fecissent
903 1433 1058 1473 tribuni
1091 1432 1245 1485 plebis,
1286 1430 1491 1479 QuiriteS‚
1533 1430 1589 1477 si,
1632 1442 1738 1483 quae
1769 1427 1877 1482 apud

130 1510 200 1536 vos
240 1496 290 1535 de
333 1510 396 1535 me
429 1495 641 1543 deferunt,
681 1510 728 1535 ea
761 1510 896 1535 eoram
937 1496 1070 1548 potius
1104 1508 1168 1534 me
1199 1498 1417 1547 praesente
1448 1491 1677 1539 dixissent3
1716 1504 1808 1530 nani
1842 1496 1878 1529 et

127 1558 376 1611 aequitatem
417 1564 578 1598 vestrae
620 1558 934 1610 disceptationis
976 1564 1016 1597 et
1054 1556 1396 1595 consuetudinem
1439 1555 1697 1607 superiorum
1741 1558 1781 1592 et
1815 1554 1879 1591 ius

127 1633 226 1659 suae
258 1621 475 1673 potestatis
506 1621 785 1660 retinuissent.
834 1620 914 1659 Sed
947 1619 1142 1672 quoniam
1165 1617 1300 1657 adhuc
1331 1630 1529 1669 praesens
1552 1621 1761 1655 certamen
1783 1628 1881 1653 con-

129 1683 439 1736 tentionemque
470 1682 686 1735 fugerunt,
728 1696 860 1729 nunc,
903 1683 934 1720 si
968 1681 1130 1719 videtur
1161 1680 1240 1726 eis,
1284 1680 1326 1718 in
1357 1692 1491 1718 meam
1523 1677 1757 1718 contionem
1788 1687 1911 1729 pro-5

128 1744 250 1784 deant
280 1750 340 1792 et,
382 1758 464 1797 quo
496 1746 709 1796 provocati
740 1758 763 1784 a
795 1759 858 1783 me
892 1744 1031 1783 venire
1062 1742 1309 1788 noluerunt,
1351 1742 1533 1780 revocati
1569 1740 1714 1779 saltem
1746 1751 1882 1777 rever-

129 1810 277 1845 tantur.
337 1805 375 1845 ⁴²2.
403 1806 534 1846 Video
568 1807 794 1859 quosdam,
828 1807 1036 1855 Quirites,
1069 1804 1241 1857 strepitu
1273 1801 1505 1856 significare
1537 1802 1678 1843 nescio
1710 1801 1810 1854 quid
1843 1805 1880 1839 et

129 1882 209 1907 uon
252 1869 419 1908 eosdem
461 1868 619 1915 vultus,
661 1882 765 1921 quos
807 1869 997 1922 proxima
1028 1881 1118 1906 mea
1149 1866 1343 1905 contione
1376 1865 1672 1918 praebuerunt,
1705 1864 1745 1903 in
1777 1863 1882 1902 hanc

127 1931 363 1970 contionem
405 1930 503 1969 mihi
535 1931 756 1970 rettulisse.
809 1931 947 1979 Quare
979 1944 1002 1969 a
1032 1929 1170 1975 vobis,
1215 1929 1285 1981 qui
1317 1928 1422 1967 nihil
1455 1928 1505 1967 de
1538 1941 1601 1967 me
1634 1926 1881 1971 credidistis,

128 1998 172 2031 ut
201 2006 290 2032 eam
322 1992 599 2039 voluntatem,
638 2006 762 2045 qnam
805 2006 968 2045 semper
996 1991 1199 2030 habuistis
1232 2003 1327 2043 erga
1360 2003 1446 2036 me,
1487 1989 1722 2035 retineatis,
1762 1993 1930 2041 petozto

126 2069 148 2095 a
178 2056 293 2096 vobis
324 2062 480 2101 autem,
513 2069 618 2107 quos
649 2055 796 2094 leviter
826 2055 1063 2094 immutatos
1095 2067 1185 2093 esse
1217 2053 1371 2099 sentio,
1411 2066 1578 2104 parvam
1610 2050 1750 2102 exigui
1782 2055 1882 2089 tem-

127 2118 238 2170 poris
270 2131 436 2157 usuram
468 2117 600 2156 bonae
633 2116 681 2156 de
715 2131 778 2156 me
811 2117 1022 2169 opinionis
1054 2116 1241 2168 postulo,
1284 2121 1327 2155 ut
1359 2129 1469 2162 eam,
1511 2115 1545 2154 si
1588 2126 1694 2167 quae
1736 2112 1881 2151 dixero

126 2179 240 2218 vobis
273 2179 478 2231 probabo,
521 2186 720 2233 perpetuo
753 2180 987 2227 retineatis,
1031 2180 1094 2218 sin
1125 2178 1262 2224 aliter,
1293 2177 1371 2216 hoc
1403 2178 1493 2230 ipso
1526 2177 1567 2215 in
1599 2176 1686 2215 loco
1719 2175 1883 2228 deposi-

127 2246 207 2280 tam
238 2246 360 2294 atqne
392 2242 595 2282 abiectam
628 2243 886 2295 relinquatis.
931 2242 967 2281 23.
991 2240 1191 2294 Completi
1213 2246 1309 2279 sunt
1330 2241 1455 2279 animi
1476 2251 1684 2292 auresque
1707 2243 1882 2283 vestrae,

125 2303 328 2351 Quirites,
360 2317 423 2343 me
446 2303 745 2357 gratificantem
768 2310 924 2358 septem
951 2304 1134 2358 tyrannis
1157 2303 1391 2355 ceterisque
1415 2302 1677 2341 Sullanarum
1699 2301 1883 2352 assigna·
1898 2307 1933 2335 15

127 2365 285 2405 tionum
327 2367 638 2418 possessoribus
677 2368 859 2419 agrariae
898 2367 979 2419 legi
1011 2373 1050 2406 et
1081 2364 1309 2405 commodis
1340 2364 1489 2404 vestris
1522 2363 1736 2402 obsistere.
1795 2362 1882 2400 Hoc

126 2429 160 2467 si
194 2428 266 2481 qui
298 2428 586 2475 crediderunt,
618 2428 721 2468 illud
752 2428 867 2481 prius
901 2428 1153 2467 crediderint
1183 2440 1353 2467 necesse
1385 2432 1468 2473 est,
1499 2425 1576 2465 hac
1598 2425 1689 2476 lege
1711 2423 1882 2476 agraria,

126 2502 233 2543 quae
264 2490 525 2543 promulgata
556 2496 640 2537 est,
672 2490 797 2529 adimi
832 2490 1023 2530 Sullanos
1055 2503 1173 2542 agros
1205 2489 1408 2542 vobisque
1440 2487 1569 2527 dividi
1600 2492 1670 2525 aut
1701 2486 1881 2538 denique

125 2551 256 2593 minui
296 2552 551 2604 privatorum
590 2553 897 2605 possessiones,
940 2558 985 2592 ut
1025 2552 1067 2591 in
1100 2564 1168 2590 eas
1200 2565 1272 2591 vos
1305 2550 1583 2590 deducamini.
1632 2549 1673 2588 Si
1706 2547 1882 2588 ostendo

125 2627 209 2653 non
239 2615 363 2654 modo
393 2628 477 2654 non
506 2615 631 2655 adimi
664 2616 857 2668 cuiquam
889 2614 1051 2666 glebam
1083 2614 1132 2652 de
1165 2612 1347 2652 Sullanis
1378 2611 1510 2664 agris,
1555 2610 1629 2650 sed
1662 2611 1786 2650 etiam
1815 2624 1884 2663 ge-
1898 2617 1933 2645 ΞΟ

126 2690 205 2716 nus
235 2677 278 2716 id
308 2690 500 2730 agrorum
533 2682 643 2716 certo
676 2677 810 2728 rapite
846 2675 950 2728 legis
981 2674 1342 2727 impudentissime
1373 2671 1605 2713 confirmari
1636 2679 1760 2726 atque
1793 2686 1886 2712 san-

127 2739 223 2787 ciri;
255 2740 289 2779 si
322 2740 450 2779 doceo
481 2740 591 2792 agris
622 2739 694 2786 iis,
730 2738 802 2792 qui
833 2751 856 2777 a
888 2737 1001 2777 Sulla
1031 2741 1128 2776 suut
1159 2736 1266 2783 dati,
1300 2737 1358 2776 sic
1380 2735 1602 2788 diligenter
1622 2736 1789 2775 Rullum
1812 2747 1885 2774 sua

126 2801 218 2854 lege
250 2802 488 2849 consulere,
528 2807 573 2842 ut
609 2802 729 2841 facile
761 2805 957 2853 appareat
988 2812 1076 2838 eam
1108 2798 1240 2851 legem
1273 2812 1358 2837 non
1389 2811 1412 2837 a
1442 2803 1674 2837 vestrorum
1706 2809 1885 2835 commo-

127 2862 274 2904 dorum
303 2868 496 2917 patrono,
528 2865 601 2904 sed
633 2878 655 2903 a
685 2862 819 2915 Valgii
854 2873 1008 2913 genero
1041 2874 1131 2899 esse
1153 2860 1447 2912 conscriptam:
1480 2858 1682 2911 numquid
1705 2863 1767 2898 est
1791 2871 1886 2897 cau-

128 2938 219 2973 sae,
253 2925 455 2974 Quirites,
488 2926 590 2978 quin
622 2926 692 2965 illa
723 2923 1032 2969 criminatione,
1065 2936 1147 2976 qua
1179 2923 1309 2961 inme
1332 2922 1545 2961 absentem
1567 2934 1666 2960 usus
1689 2926 1770 2966 est,
1802 2932 1883 2957 non
1900 2924 1937 2953 ⁶25

129 2986 263 3027 solum
292 3000 448 3034 meam,
480 2988 553 3027 sed
584 2987 707 3027 etiam
737 2992 916 3026 vestram
948 2985 1208 3037 diligentiam
1240 2984 1589 3037 prudentiamque
1615 2982 1885 3035 despexerit?

217 3156 249 3187 ⁶2.
275 3157 312 3188 de
335 3166 404 3189 om.
431 3157 467 3189 E.
496 3174 532 3179 —
569 3157 750 3189 detulerunt
773 3156 807 3190 2.
838 3174 871 3178 —
907 3156 958 3187 43.
982 3155 1127 3195 probaro
1152 3154 1341 3185 Ernestins.
1371 3171 1405 3175 -—
1440 3154 1490 3185 ⁴5.
1517 3153 1725 3193 gli-alificante
1748 3152 1820 3183 FP.
1850 3169 1884 3173 —-

134 3204 186 3236 46.
211 3205 278 3237 Hoc
300 3206 414 3239 EFT:
452 3207 530 3238 hacc
560 3206 710 3240 ALsso.
746 3226 780 3230 —
821 3207 871 3238 ⁴8.
896 3205 1107 3246 promulgata
1139 3207 1183 3236 est
1208 3202 1358 3234 Klotzius
1394 3203 1460 3242 (ed.
1487 3202 1576 3242 alt.):
1610 3202 1826 3242 promulgata
1848 3202 1888 3232 sic

135 3255 253 3286 ceteri.
273 3272 308 3278 —
335 3257 387 3288 22.
413 3257 464 3298 iis]
487 3257 535 3288 his
558 3254 668 3294 EF&
696 3266 765 3289 om.
792 3259 830 3289 A.
852 3273 887 3278 -—
913 3255 1078 3286 consulere
1101 3263 1162 3285 sua
1185 3254 1253 3294 lege
1276 3254 1312 3284 E.
1334 3270 1368 3274 —
1395 3252 1448 3285 ⁶24.
1479 3252 1594 3293 I'alyii]
1619 3251 1710 3291 uulgi
1735 3251 1759 3282 E
1774 3251 1884 3282 FPA.

135 3303 339 3337 Emendavit
360 3307 550 3347 Naugerius
574 3307 608 3338 in
633 3307 688 3338 cd.
712 3306 844 3338 Aldina.
873 3322 908 3327 —
935 3306 987 3337 ⁶25.
1014 3305 1092 3344 quin
1122 3313 1192 3335 om.
1219 3304 1280 3335 EF
1294 3304 1329 3335 P.
1367 3320 1399 3326 —
1435 3302 1488 3334 26.
1515 3299 1706 3342 despexerit]
1734 3299 1787 3331 «id
1813 3301 1883 3331 est:

134 3353 313 3393 despexisse
333 3355 514 3389 iudicetur»
538 3355 674 3398 Madvig
697 3357 742 3389 ad
766 3357 836 3389 Cic.
863 3356 906 3389 de
931 3356 1025 3388 Finn.
1051 3364 1085 3397 p.
1111 3354 1186 3387 864.

189 3414 306 3447 CICERO
332 3415 364 3449 Τ.
384 3417 419 3450 ΙΙ.
1582 3411 1627 3454 Μ
