2143 3713
665 237 763 278 cip.
791 236 1050 276 vll-vm.
1081 234 1153 288 §§.
1176 231 1368 273 ⁴7-23.
1812 226 1892 269 547

151 354 320 393 crimina
351 363 574 405 exponam:
615 348 763 402 quibus
795 348 971 401 cognitis
1003 361 1123 387 nemo
1154 350 1334 387 vestrum
1366 344 1595 391 mirabitur,
1639 343 1753 384 illum
1787 341 1894 382 diffi-

151 417 313 455 dentem
345 416 466 455 rebus
498 413 582 452 suis
613 410 663 450 ad
695 410 905 450 Staienum
938 415 1061 463 atque
1092 409 1143 448 ad
1175 408 1391 461 pecuniam
1419 406 1669 458 confugisse.

262 475 327 516 21.
359 476 525 515 Larinas
557 471 759 526 quaedam
789 471 865 511 fuit
895 473 1071 518 Dinaea,
1107 483 1245 510 socrus
1277 468 1516 521 Oppianici,
1549 481 1654 520 quae
1685 468 1794 507 filios
1824 467 1897 506 ha—

152 541 241 579 buit
268 540 321 579 M.
344 543 384 578 et
408 538 454 575 N.
475 535 620 574 Aurios
650 538 689 572 ct
720 533 791 572 Cn.
814 535 990 585 Magium
1024 539 1063 573 et
1093 531 1214 572 filiam
1236 531 1434 583 Magiam,
1466 536 1635 582 nuptam
1657 529 1895 582 Oppianico.

152 603 204 641 M.
235 601 382 640 Aurius
411 595 744 637 adolescentulus
775 595 883 634 bello
915 596 1054 635 Italico
1086 599 1227 647 captus
1259 592 1371 645 apud
1393 592 1588 631 Asculum
1621 593 1661 631 in
1691 591 1740 639 Q.
1764 592 1929 644 Sergii5

153 662 374 708 senatoris,
413 659 500 699 eius
540 657 610 710 qui
642 657 747 695 inter
781 657 952 696 sicarios
985 657 1200 696 damnatus
1232 661 1317 702 est,
1364 667 1510 694 manus
1543 653 1686 693 incidit
1717 658 1756 693 et
1787 653 1898 706 apud

152 739 246 764 eum
275 725 316 763 in
347 720 550 774 ergastulo
579 718 671 758 fuit.
731 720 778 757 N.
800 724 935 758 autem
967 719 1140 765 Aurius,
1172 717 1297 756 frater
1329 718 1439 763 eius,
1471 720 1656 755 mortuus
1689 720 1751 755 est
1780 714 1900 754 here-

152 787 327 838 demque
365 782 436 822 Cn.
467 781 643 833 Magium
679 779 845 819 fratrem
889 781 1071 833 reliquit.
1132 780 1278 819 Postea
1316 779 1475 831 Magia,
1514 790 1619 817 uxor
1660 776 1900 829 Oppianici,

152 852 310 888 mortua
340 849 420 890 est3
448 840 659 895 'postremo
691 855 824 889 unus,
857 843 930 895 qui
962 843 1147 895 reliquus
1170 847 1256 881 erat
1279 841 1461 880 Dinaeae
1483 838 1613 887 filius,
1647 839 1720 879 Cn.
1741 839 1901 890 Magius

152 913 213 948 est
242 912 435 947 mortuus.
496 904 533 943 Is
572 903 768 943 heredem
811 904 908 943 fecit
937 904 1053 943 illum
1084 903 1388 943 adolescentem
1421 902 1715 955 Oppianicum,
1751 901 1902 940 sororis
1922 905 1953 932 10

151 982 248 1009 suae
278 968 433 1013 filium,
465 979 641 1018 eumque
672 966 817 1017 partiri
849 980 940 1005 cum
971 966 1130 1005 Dinaea
1162 971 1291 1005 matre
1323 965 1454 1004 iussit.
1505 964 1674 1004 Interim
1695 963 1811 1003 venit
1840 964 1902 1002 in-

151 1029 233 1070 dex
263 1030 314 1069 ad
343 1030 541 1068 Dinaeam
572 1040 709 1080 neque
741 1027 941 1067 obscurus
972 1041 1109 1081 neque
1131 1029 1333 1075 incertus,
1365 1027 1436 1081 qui
1466 1026 1674 1066 nuntiaret
1709 1026 1746 1066 ei
1777 1023 1902 1065 filium

153 1093 263 1139 eius,
303 1092 357 1131 M.
387 1091 580 1137 Aurium,
620 1090 760 1129 vivore
793 1096 832 1129 et
863 1090 903 1129 in
936 1104 1033 1143 agro
1065 1090 1221 1130 Gallico
1253 1103 1343 1130 esse
1376 1090 1417 1128 in
1447 1089 1660 1129 servitute.
1719 1086 1785 1127 22.
1815 1088 1906 1127 Mu-

152 1155 226 1194 lier
256 1154 415 1194 amissis
447 1153 587 1192 liberis
610 1166 702 1192 cum
725 1152 846 1191 unius
868 1152 1141 1206 recuperandi
1164 1150 1235 1191 filii
1258 1165 1351 1205 spes
1373 1157 1483 1191 esset
1505 1155 1729 1198 ostentata,
1762 1163 1905 1190 omnes

152 1229 249 1256 suos
279 1216 536 1270 propinquos
568 1213 725 1268 filiique
758 1215 821 1254 sui
852 1216 1107 1254 necessarios
1139 1214 1381 1254 convocavit
1408 1219 1447 1253 et
1468 1213 1518 1253 ab
1540 1214 1600 1253 eis
1622 1213 1726 1252 fleus
1747 1213 1956 1266 petivit,⁴·'›'

152 1284 197 1318 ut
241 1279 455 1332 negotium
492 1278 772 1330 susciperent,
818 1276 1123 1316 adolescentem
1166 1276 1484 1328 investigarent,
1531 1275 1609 1315 sibi
1638 1275 1908 1315 restituerent

152 1355 244 1382 eum
276 1339 403 1380 filium
420 1371 431 1388 ,
462 1353 586 1393 quem
618 1345 755 1379 tamen
782 1352 910 1377 unum
931 1352 983 1377 ex
1005 1338 1142 1378 multis
1166 1338 1331 1378 fortuna
1350 1338 1558 1391 reliquum
1581 1350 1672 1377 esse
1694 1338 1906 1378 voluisset.

151 1403 262 1443 Haec
301 1416 392 1441 cum
430 1415 550 1455 agere
589 1402 854 1447 instituisset,
896 1414 1093 1455 oppressa
1132 1400 1275 1439 morbo
1307 1405 1381 1440 est.
1441 1400 1586 1452 Itaque
1617 1404 1907 1440 testamentum

151 1464 248 1504 fecit
278 1464 364 1504 eius
394 1464 534 1511 modi,
565 1468 610 1503 ut
639 1463 697 1502 illi
730 1461 812 1502 filio
845 1463 922 1502 HS
956 1475 1053 1501 cccc
1088 1462 1200 1502 milia
1229 1462 1409 1514 legaret,
1447 1462 1644 1502 heredem
1675 1462 1910 1502 institueret

152 1526 332 1567 eundem
364 1526 480 1566 illum
513 1525 809 1579 Oppianicum,
841 1530 1035 1578 nepotem
1067 1538 1199 1564 suum.
1244 1526 1382 1578 Atque
1413 1525 1465 1565 iis
1497 1524 1643 1565 diebus
1674 1526 1816 1580 paucis
1848 1529 1958 1565 estio

153 1594 327 1629 mortua.
378 1588 608 1641 Propinqui
639 1592 777 1627 tamen
807 1587 893 1633 illi,
926 1600 1049 1639 quem
1080 1587 1131 1626 ad
1152 1587 1321 1626 modum
1343 1588 1436 1627 viva
1456 1587 1613 1626 Dinaea
1633 1587 1908 1635 instituerant,

151 1652 206 1692 ita
247 1657 409 1691 mortua
447 1650 517 1690 illa
560 1649 611 1689 ad
643 1648 974 1701 investigandum
1006 1649 1059 1687 M.
1090 1648 1262 1688 Aurium
1295 1662 1388 1689 cum
1420 1648 1566 1689 eodem
1595 1649 1667 1688 illo
1698 1649 1836 1690 indice
1867 1650 1909 1689 in

154 1727 294 1766 agrum
333 1713 536 1752 Gallicum
577 1711 750 1764 profecti
793 1716 901 1749 sunt.
960 1711 1067 1749 VIII.
1099 1709 1164 1749 23.
1196 1712 1365 1751 Interim
1404 1710 1679 1765 Oppianicus,
1719 1717 1764 1751 ut
1803 1717 1909 1759 erat,

156 1776 273 1815 sicuti
304 1788 356 1814 ex
387 1774 525 1813 multis
556 1774 679 1813 rebus
713 1773 948 1826 reperietis,
980 1772 1178 1825 singulari
1208 1774 1365 1813 scelere
1397 1779 1436 1813 et
1466 1772 1651 1820 audacia,
1682 1787 1757 1827 per
1778 1788 1910 1828 quen-

156 1837 249 1876 dam
279 1836 558 1882 Gallicanum,
589 1835 835 1874 familiarem
867 1849 1009 1882 suum,
1048 1835 1224 1888 primum
1255 1835 1373 1875 illum
1402 1835 1583 1874 indicem
1613 1836 1791 1888 pecunia
1823 1850 1909 1876 cor-
1922 1841 1959 1870 25

155 1898 287 1950 rupit,
320 1897 470 1937 deinde
501 1897 638 1949 ipsum
659 1899 712 1936 M.
734 1897 902 1936 Aurium
926 1911 1008 1936 non
1030 1910 1177 1950 magna
1195 1898 1350 1937 iactura
1370 1897 1477 1937 facta
1498 1897 1726 1938 tollendum
1755 1897 1910 1938 interfi-

156 1959 432 2012 ciendumque
461 1959 631 1998 curavit.
682 1959 745 1997 Illi
772 1964 932 2006 autem,
965 1960 1034 2012 qui
1062 1964 1177 1999 erant
1195 1959 1246 1998 ad
1269 1961 1547 2014 propinquum
1576 1960 1909 2014 investigandum

157 2027 197 2060 et
226 2020 554 2074 recuperandum
585 2018 779 2073 profecti,
811 2021 967 2061 litteras
998 2022 1194 2061 Larinum
1225 2021 1277 2061 ad
1298 2022 1468 2069 Aurios,
1499 2021 1611 2061 illius
1632 2021 1910 2062 adolescentis

157 2096 337 2136 suosque
377 2083 635 2123 necessarios
675 2083 863 2130 mittunt,
906 2084 983 2123 sibi
1014 2083 1224 2123 difficilem
1266 2097 1356 2123 esse
1387 2083 1666 2136 investigandi
1695 2085 1910 2131 rationem,

157 2145 267 2198 quod
299 2145 582 2197 intelligerent
611 2144 790 2185 indicem
821 2145 871 2184 ab
905 2145 1133 2199 Oppianico
1175 2159 1264 2186 esse
1297 2151 1550 2199 corruptum.
1611 2146 1723 2195 Quas
1753 2147 1909 2187 litteras
1923 2152 1960 2181 30

243 2349 274 2379 4.
301 2347 495 2389 diffidentem
524 2347 619 2379 rebus
648 2348 713 2379 suis
742 2348 930 2381 Arusianus
954 2350 1100 2382 Messius
1130 2358 1162 2390 p.
1191 2349 1265 2380 225.
1293 2348 1347 2380 ed.
1374 2348 1532 2381 Lindem.
1566 2364 1601 2372 -·
1637 2350 1668 2381 2.
1696 2351 1865 2384 Staienum
1889 2352 1911 2383 F

157 2399 241 2438 (sine
266 2397 372 2430 dubio
397 2398 501 2429 etiam
518 2399 554 2435 P,
582 2406 623 2428 ex
640 2406 709 2438 quo
733 2398 775 2429 ad
802 2398 892 2430 hanc
917 2398 947 2439 g.
967 2399 1049 2431 nihil
1075 2399 1228 2431 enotavit
1244 2400 1443 2439 Peyronu33
1471 2398 1512 2430 cf.
1533 2398 1562 2438 S.
1582 2399 1647 2439 74.)
1666 2400 1710 2431 O:
1736 2401 1912 2433 Scaienum

156 2450 177 2481 S
190 2450 232 2486 T;
258 2447 432 2479 Scaienum
447 2448 493 2485 A;
519 2447 689 2478 Stalenum
704 2448 735 2479 M
749 2448 773 2479 L
787 2445 818 2479 Ω.
847 2448 897 2479 Cf.
917 2447 947 2488 S.
966 2450 1017 2481 55.
1038 2450 1089 2481 65.
1112 2466 1146 2470 -
1173 2449 1203 2480 3.
1222 2449 1353 2480 Dinaea
1370 2451 1393 2481 P
1413 2450 1634 2490 (constanter)
1653 2451 1696 2481 T:
1722 2451 1853 2483 Dianea
1869 2453 1909 2488 ὃς

155 2495 463 2530 DineaRALssO.
492 2496 540 2528 Cf.
560 2505 592 2528 v.
614 2497 706 2528 ‘tta—
737 2496 768 2529 li.
795 2498 840 2529 M.
859 2501 889 2529 et
910 2499 950 2530 N.
968 2499 1086 2531 Aurios
1102 2500 1125 2530 P
1150 2507 1220 2531 sec.
1240 2507 1288 2530 m.
1307 2499 1350 2530 L:
1376 2500 1422 2530 M.
1441 2499 1483 2530 N.
1501 2499 1623 2530 Aurius
1646 2501 1670 2530 P
1694 2508 1746 2540 pr.
1772 2509 1838 2537 n1.;
1864 2501 1910 2532 M.

154 2547 294 2581 Aurium
315 2550 346 2579 et
366 2547 560 2579 Numerium
575 2546 713 2578 Aurium
737 2548 757 2577 S
771 2548 814 2584 T;
840 2548 993 2580 Marcum
1017 2549 1057 2588 (s.
1077 2547 1136 2588 M.)
1161 2551 1191 2579 ei
1213 2548 1408 2579 Numerium
1423 2548 1541 2579 Aurios
1564 2549 1586 2579 F
1599 2548 1670 2579 MA
1683 2547 1706 2582 (ἐ
1719 2550 1756 2581 Ο.
1779 2568 1815 2573 -
1841 2550 1911 2591 Cn.]

156 2600 350 2633 Numerium
373 2599 448 2637 ST3
482 2599 565 2631 item
588 2608 622 2630 v.
648 2600 678 2631 8.
706 2600 739 2630 et
763 2599 793 2630 9.
826 2616 856 2620 —
893 2600 924 2631 ὅ.
952 2599 989 2629 In
1013 2599 1050 2637 Q.
1076 2598 1170 2638 Seryi
1193 2598 1354 2629 senatoris
1376 2606 1494 2628 manus
1524 2598 1638 2629 incidit
1665 2602 1693 2629 et
1722 2600 1811 2639 apud
1841 2609 1914 2631 eum

154 2651 218 2692 fuit
246 2651 282 2682 in
305 2649 468 2691 ergastulo
491 2648 602 2681 Schol.
630 2650 757 2681 Lucani
782 2650 821 2681 II.
849 2649 901 2681 95.
930 2666 964 2670 —
992 2647 1042 2689 Q.]
1069 2648 1179 2688 Quinti
1195 2648 1227 2678 S.
1248 2664 1282 2669 —
1310 2647 1405 2688 Sergi
1428 2648 1542 2679 STM.
1571 2664 1606 2668 -
1633 2647 1663 2678 7.
1691 2649 1725 2679 in
1748 2650 1913 2690 ergastulo

155 2700 218 2741 suit
240 2701 283 2732 P:
312 2699 377 2739 fuit
406 2699 441 2730 in
473 2699 636 2739 ergastulo
668 2697 854 2732 RALQO.
883 2714 918 2720 —
955 2698 996 2729 N.
1023 2699 1066 2729 P:
1098 2697 1276 2728 Numerius
1298 2696 1477 2731 SALQO.
1506 2715 1541 2720 —
1579 2697 1610 2728 8.
1633 2697 1773 2737 fratrem
1797 2699 1911 2730 PST:

155 2749 295 2790 fratrem
317 2756 412 2779 suum
435 2748 498 2779 ΒΑ
514 2749 537 2780 L
551 2747 573 2782 8
587 2749 624 2780 O.
653 2765 687 2770 —
713 2748 854 2787 reliquid
878 2749 913 2779 P.
935 2764 969 2769 —-
997 2747 1027 2778 9.
1048 2747 1223 2786 postremo]
1245 2750 1360 2786 postea
1382 2748 1406 2778 P
1429 2755 1482 2788 pr.
1501 2755 1548 2778 m.
1570 2765 1604 2769 -
1630 2747 1739 2779 Dinae
1761 2749 1803 2785 P;
1827 2749 1915 2779 Dia-

156 2806 237 2831 neae
261 2799 295 2830 S.
323 2797 372 2830 Cf.
397 2806 431 2828 v.
457 2797 487 2829 3.
517 2816 551 2821 —
587 2798 639 2829 40.
665 2802 814 2830 mortuus
837 2801 881 2829 est
905 2797 974 2829 ST.
1003 2813 1036 2818 —
1062 2796 1208 2828 heredem
1229 2796 1305 2836 fecit
1328 2797 1436 2828 PST:
1460 2797 1536 2837 fecii
1557 2797 1704 2829 heredem
1726 2795 1860 2829 RALQ
1875 2798 1914 2829 Ο.

160 2865 195 2870 --
222 2846 496 2880 adolescentulum
518 2848 586 2879 SL.
607 2864 642 2868 —
671 2848 722 2879 Μ.
746 2848 851 2889 filium
873 2855 953 2878 suae
976 2847 1046 2878 ST.
1076 2864 1109 2868 -
1136 2846 1277 2887 Dinaea]
1303 2847 1389 2878 Hinc
1405 2847 1426 2877 S
1443 2855 1583 2887 quoque
1602 2848 1801 2878 constanter
1825 2847 1915 2878 hanc

159 2898 308 2930 sormam
333 2895 484 2929 exhibet.
513 2913 547 2917 —
573 2897 706 2928 Interim
728 2897 824 2935 ven-it]
850 2896 1019 2928 intervenit
1042 2896 1111 2927 ST.
1133 2912 1167 2917 —
1193 2896 1280 2927 venit
1302 2896 1402 2927 index
1425 2896 1469 2926 ad
1489 2896 1630 2927 Dineam
1652 2899 1792 2927 matrem
1813 2905 1916 2936 neque

159 2965 206 2971 --
222 2956 287 2980 esse
307 2947 343 2979 in
365 2946 518 2978 servitute
539 2944 688 2978 Iulianus
713 2946 919 2977 Severianus
944 2954 977 2986 p.
997 2944 1070 2977 340.
1098 2944 1154 2977 ed.
1177 2945 1284 2986 Capp.
1305 2962 1339 2967 —-
1367 2945 1419 2977 44.
1445 2946 1662 2985 recuperandi
1682 2945 1742 2986 filii
1766 2945 1842 2983 ST,
1866 2954 1917 2976 re-

159 2997 328 3037 ciperandi
348 2996 396 3038 fili
418 2997 461 3027 P:
494 2995 555 3036 filii
576 2996 794 3035 recuperandi
817 2996 841 3027 R
856 2997 881 3026 Α
896 2995 919 3025 L
934 2993 953 3026 53
968 2995 1005 3026 Ο.
1034 3013 1068 3017 -
1103 3002 1275 3034 omnesque
1298 2995 1334 3025 T.
1363 3012 1398 3017 ——
1425 2995 1476 3026 45.
1502 2995 1546 3026 eis
1569 2996 1609 3026 P:
1641 2995 1681 3026 iis
1708 2993 1831 3032 MssO3
1868 2995 1917 3026 his

162 3047 343 3080 STFAL.
377 3065 412 3069 —
438 3046 533 3086 petiit
555 3046 591 3077 L.
619 3063 654 3068 --
686 3047 737 3078 47.
769 3050 876 3077 tamen
908 3044 1102 3076 PSTMO:
1140 3047 1268 3076 tantum
1298 3040 1410 3081 Fa&
1449 3047 1517 3075 tum
1539 3045 1575 3075 L.
1605 3060 1639 3065 —
1668 3043 1718 3074 1¹9.
1739 3043 1795 3074 HS
1817 3043 1919 3076 CCCC

161 3096 254 3128 milia
275 3097 357 3129 PO:
393 3096 618 3136 quadraginta
640 3095 733 3126 milia
756 3096 777 3127 S
791 3096 833 3127 T:
866 3094 918 3126 XL
941 3093 1035 3125 milia
1057 3093 1137 3129 FA3
1171 3092 1345 3124 CCCCLIII
1363 3093 1412 3130 M;
1445 3093 1500 3125 HS
1522 3093 1694 3125 ccccloooo
1716 3093 1821 3123 millia
1843 3092 1915 3127 Lss.

165 3162 202 3168 —
234 3145 287 3178 20.
311 3147 352 3177 iis
374 3153 457 3178 cum
481 3144 662 3176 Garatonio
686 3145 729 3176 0:
754 3145 802 3176 his
825 3141 976 3176 atam.
1004 3142 1142 3174 «Fuitne
1166 3141 1281 3172 illisa»
1305 3142 1363 3173 Oa.
1394 3141 1443 3174 Cf.
1471 3142 1502 3183 g.
1528 3142 1580 3174 37.
1608 3142 1680 3174 ⁴08.
1706 3150 1739 3182 p.
1768 3142 1916 3174 Caecina

164 3193 194 3235 S.
214 3194 267 3227 49.
287 3213 321 3218 —
345 3198 479 3227 mortua
501 3198 547 3226 est
569 3195 638 3236 ST.
660 3213 694 3218 —
720 3195 773 3227 221.
798 3195 985 3226 instituerat
1007 3193 1043 3224 T.
1066 3210 1101 3214 —
1126 3192 1180 3223 2⁵3.
1197 3191 1424 3231 vestigandum
1447 3192 1517 3224 ST.
1539 3209 1573 3214 —
1600 3193 1645 3224 M.
1664 3192 1739 3222 ST:
1766 3200 1836 3223 om.
1855 3193 1916 3224 ΒΑ

166 3244 191 3275 L
206 3241 277 3276 20.
305 3262 340 3268 —
365 3245 419 3278 23.
445 3248 520 3276 sunt
542 3252 612 3276 om.
630 3245 651 3276 S
674 3253 727 3285 pr.
745 3253 792 3276 m.
815 3263 849 3267 —
875 3243 928 3276 24.
953 3243 1034 3273 sicui
1057 3242 1126 3273 ST.
1149 3259 1185 3264 —-
1210 3250 1252 3273 ea:
1274 3241 1383 3272 multis
1405 3243 1448 3273 P:
1473 3242 1585 3274 mullis
1606 3250 1648 3273 ea:
1670 3242 1771 3273 RAL
1786 3240 1857 3274 sso.
1879 3261 1914 3264 —

165 3293 342 3334 singularis
363 3295 443 3328 FM.
472 3312 506 3317 —-
531 3294 584 3326 26.
611 3294 656 3325 Μ’.
682 3302 767 3326 nos:
794 3303 863 3326 om.
891 3293 1010 3326 ceteri.
1039 3309 1073 3315 —
1099 3292 1153 3324 28.
1179 3292 1388 3326 adolescentis
1409 3293 1522 3325 PST:
1549 3292 1759 3324 adolescentis
1775 3293 1917 3333 propin-

167 3350 246 3381 quos
267 3342 454 3379 RALzo.
482 3362 516 3370 -
543 3345 595 3377 30.
621 3343 716 3386 quod]
740 3352 814 3377 eum
836 3344 906 3375 ST.
