2143 3713
240 202 321 245 492
778 207 975 250 ORATIO
1006 206 1108 249 PRO
1139 207 1186 250 A.
1218 208 1441 251 CAECINA

241 333 335 360 nem
364 319 554 367 habebis,
593 333 674 374 qua
703 333 777 361 nos
807 322 870 360 usi
901 333 1062 367 summ,
1105 333 1157 360 an
1186 320 1309 362 aliam
1339 322 1572 374 quampiam
1604 334 1654 360 an
1687 322 1853 363 omnino
1884 324 1975 364 nul-

240 382 350 421 lam?
417 382 581 422 Nullam
621 396 711 423 esse
752 384 953 423 actionem
993 382 1129 421 dicere
1170 383 1211 422 in
1251 397 1295 423 re
1335 389 1415 423 tam
1455 384 1607 435 insigni
1644 388 1809 438 tamque
1851 387 1979 426 atroci

240 456 377 496 neque
406 444 648 496 prudentiae
679 458 814 498 neque
845 444 1100 484 auctoritatis
1132 449 1225 484 tuae
1247 451 1326 484 est:
1358 447 1434 485 alia
1457 447 1488 485 si
1512 459 1616 497 quae
1637 446 1742 485 forte
1765 434 1837 493 est,
1874 461 1980 501 quae

239 518 314 545 nos
344 505 512 558 fugerit,
545 507 632 554 die,
663 520 769 561 quae
801 508 873 554 sit3
905 507 1025 559 cupio
1058 506 1227 545 discere.
1286 505 1351 546 38.
1382 509 1492 547 Haec
1524 508 1556 547 si
1589 513 1669 555 est,
1702 521 1783 562 qua
1812 522 1888 548 nos
1915 509 1978 548 usi

208 580 394 615 5sumus‚
424 573 462 608 te
492 569 626 609 iudice
655 570 865 610 vincamus
895 582 1064 608 necesse
1097 574 1170 607 est.
1230 570 1319 608 Non
1350 570 1458 609 enim
1490 583 1634 609 vereor
1664 584 1715 609 ne
1744 571 1824 609 hoc
1857 570 1980 617 dicas,

238 630 281 668 in
321 629 465 670 eadem
505 644 627 670 causa
667 631 813 671 eodem
853 631 1070 671 interdic-to
1112 637 1148 669 te
1188 635 1374 683 oportere
1416 633 1598 679 restitui,
1648 632 1862 671 Caecinam
1899 646 1983 672 non

239 697 444 745 oportere.
501 694 661 733 Etenim
694 695 756 733 cui
788 708 869 733 non
901 694 1165 747 perspicuum
1207 699 1290 739 est,
1331 695 1380 733 ad
1411 695 1610 734 incertum
1650 693 1830 734 revocari
1863 694 1982 741 bona,

238 753 444 801 fortunas,
484 757 768 808 possessiones
809 757 1014 801 omnium,
1051 755 1084 793 si
1119 755 1199 795 ulla
1239 768 1289 794 ex
1319 761 1433 808 parte
1465 758 1672 796 sententia
1700 756 1824 795 huius
1856 756 1984 795 inter-

241 814 337 855 dicti
368 815 579 858 deminuta
609 824 677 857 aut
708 818 911 856 infirmata
942 817 1020 856 sit‘?
1062 817 1094 855 si
1126 818 1368 856 auctoritate
1398 819 1578 858 virorum
1611 819 1751 858 talium
1772 819 1833 857 vis
1854 830 1984 857 arma-

190 890 224 920 4ο
239 883 371 918 torum
401 878 615 919 hominum
648 880 800 918 iudicio
831 880 1053 932 approbata
1083 879 1284 926 videatur,
1316 881 1355 919 in
1388 893 1469 933 quo
1501 882 1654 920 iudicio
1686 894 1767 919 uon
1792 880 1841 918 de
1863 880 1984 919 armis

240 941 490 989 dubitatum,
535 941 606 980 sed
647 941 697 980 de
737 941 872 980 verbis
913 941 1146 994 quaesitum
1184 954 1273 980 csse
1305 942 1490 981 dicatur?
1548 944 1641 982 lsne
1672 942 1777 996 apud
1811 954 1882 981 vos
1913 941 1985 980 ob—
2040 952 2044 955 “

238 1003 387 1044 tinebit
416 1016 580 1042 causam
612 1016 747 1049 suam,
779 1003 851 1056 qui
882 1016 925 1042 se
956 1004 1011 1043 ita
1043 1002 1292 1043 defenderit:
1337 1005 1505 1044 «Reieci
1539 1018 1614 1055 ego
1646 1010 1685 1044 te
1716 1003 1879 1044 armatis
1910 1002 1985 1041 ho·

240 1064 442 1111 minibus,
484 1078 565 1104 non
597 1065 784 1111 deieci‚›)
830 1069 876 1104 ut
905 1070 1063 1104 tantum
1103 1064 1261 1104 facinus
1292 1079 1375 1105 non
1406 1067 1445 1105 in
1476 1067 1684 1119 aequitate
1716 1064 1984 1111 defensionis,

240 1127 310 1166 sed
340 1126 382 1165 in
414 1139 496 1165 una
526 1127 660 1168 littera
690 1128 858 1168 latuisse
888 1128 1103 1167 videatur?
1155 1126 1220 1166 39.
1252 1128 1432 1168 Huiusce
1453 1130 1509 1167 rei
1531 1143 1602 1167 vos
1625 1129 1807 1168 statuetis
1829 1128 1985 1166 nullam

189 1201 224 1230 ⁴5
240 1202 330 1229 esse
361 1191 579 1236 actionem,
611 1190 772 1229 nullum
803 1190 1044 1243 experiundi
1075 1190 1140 1229 ius
1172 1190 1452 1237 constitutum,
1484 1191 1552 1243 qui
1586 1190 1790 1229 obstiterit
1819 1188 1986 1229 armatis

237 1252 489 1299 hominibus,
522 1253 591 1306 qui
624 1252 886 1292 multitudine
917 1257 1057 1292 coacta
1088 1265 1170 1291 non
1201 1253 1384 1300 introim,
1416 1254 1486 1293 sed
1518 1254 1686 1293 omnino
1709 1253 1822 1292 aditu
1844 1265 1987 1305 quem-

239 1315 349 1369 piam
379 1314 667 1367 prohibuerit?
725 1315 834 1354 XIV.
868 1314 977 1362 Quid
1010 1317 1133 1367 ergo‘?
1175 1314 1253 1353 hoc
1285 1329 1407 1368 quam
1439 1315 1561 1355 habet
1592 1316 1703 1354 vim‘?
1754 1315 1804 1354 Ut
1834 1315 1986 1354 distare

238 1377 398 1430 aliquid
429 1383 500 1416 aut
529 1390 581 1416 ex
611 1377 750 1431 aliqua
779 1383 895 1430 parte
927 1377 1090 1416 differre
1112 1377 1314 1424 videatur,
1343 1382 1494 1424 utrum,
1525 1378 1671 1430 pedem
1695 1391 1785 1416 cum
1807 1377 1986 1417 intulero

238 1445 362 1492 atque
402 1439 443 1477 in
482 1439 746 1492 possessione
785 1439 1005 1491 vestigium
1050 1439 1208 1486 fecero,
1258 1445 1342 1478 tum
1390 1440 1576 1491 expellar
1615 1453 1661 1479 ac
1699 1439 1884 1485 deiiciar,
1937 1452 1986 1479 an

187 1513 223 1542 20
239 1501 383 1542 eadem
415 1502 454 1541 vi
487 1507 527 1541 et
557 1502 686 1541 isdem
717 1503 838 1541 armis
879 1501 976 1540 mihi
1017 1506 1110 1540 ante
1151 1506 1407 1548 occurratur,
1448 1515 1500 1541 ne
1540 1516 1622 1540 non
1661 1502 1782 1541 modo
1822 1503 1988 1549 intrare,

239 1578 381 1604 verum
412 1564 626 1617 adspicere
658 1569 725 1603 aut
757 1564 966 1617 adspirare
998 1564 1174 1616 possim:
1217 1563 1314 1616 quid
1356 1564 1432 1602 hoc
1464 1564 1513 1602 ab
1544 1564 1615 1602 illo
1649 1565 1804 1610 differt,
1846 1569 1889 1602 ut
1919 1564 1988 1603 ille

240 1632 409 1679 cogatur
437 1627 678 1673 restituere,
721 1627 792 1679 qui
826 1627 1054 1677 ingressum
1085 1625 1312 1677 expulerit,
1344 1625 1437 1671 ille,
1469 1625 1538 1677 qui
1570 1625 1865 1678 ingredientem
1896 1639 1988 1678 rep—

240 1690 405 1744 pulerit,
437 1702 520 1728 non
553 1690 750 1740 cogatur?
795 1685 860 1726 40.
893 1688 1054 1734 Videte,
1087 1700 1161 1739 per
1191 1687 1290 1725 deos
1322 1687 1592 1725 inuuortales!
1629 1687 1740 1740 quod
1771 1688 1835 1727 ius
1857 1688 1987 1735 nobis,

240 1766 363 1806 quam
394 1751 681 1791 condicionem
712 1750 915 1789 vobismet
948 1750 1068 1803 ipsis,
1106 1763 1229 1802 quam
1270 1749 1450 1802 denique
1492 1749 1642 1788 civitati
1676 1749 1806 1801 legem
1838 1750 1989 1789 consti-

188 1825 224 1853 ‘25
241 1821 354 1854 tuere
385 1813 533 1853 velitis.
593 1813 774 1853 Huiusce
807 1813 971 1865 generis
1005 1824 1083 1851 una
1114 1816 1175 1850 est
1206 1812 1308 1850 actio
1351 1824 1425 1863 per
1460 1811 1539 1850 hoc
1580 1811 1865 1858 interdictum,
1906 1825 1987 1866 quo

323 1983 354 2013 ⁶2.
380 1982 415 2012 in
437 1989 472 2012 re
495 1981 601 2011 dicere
623 1980 658 2011 T.
682 1997 713 2002 —
736 1979 767 2011 3.
794 1979 874 2020 alia]
899 1980 1012 2019 aliqua
1037 1979 1072 2009 T.
1100 1996 1134 2000 —-
1153 1978 1179 2008 si
1204 1985 1286 2016 quae
1304 1977 1327 2007 1⁴:
1344 1977 1368 2007 Τ
1384 1986 1409 2006 α
1424 1974 1450 2014 β
1467 1977 1501 2007 et
1516 1977 1561 2007 A:
1588 1976 1614 2006 si
1630 1985 1690 2016 que
1707 1978 1730 2008 G
1749 1986 1768 2008 a
1784 1977 1806 2009 b
1825 1987 1862 2017 e;
1887 1980 1914 2010 si
1929 1988 1992 2019 quo

239 2040 291 2069 m;
318 2032 344 2062 si
368 2040 433 2070 qua
457 2031 481 2061 R
500 2030 522 2060 L
540 2028 559 2062 Q
578 2030 614 2060 O.
637 2046 668 2052 —-
689 2029 798 2069 fortae
820 2029 855 2059 E.
879 2046 913 2050 —
933 2028 963 2059 4..
991 2029 1052 2066 die,
1079 2036 1163 2066 quae
1187 2027 1239 2068 sit]
1266 2026 1315 2058 cf.
1344 2025 1481 2063 Quintil.
1508 2025 1545 2056 V.
1566 2026 1616 2064 40,
1643 2026 1694 2057 68.
1716 2043 1752 2049 --
1772 2028 1789 2058 7
1796 2053 1918 2060 .....
1937 2038 1992 2060 um

237 2085 282 2114 est
304 2081 348 2111 ad
370 2081 530 2111 incertum
551 2078 701 2109 revocari
716 2095 765 2101 --
782 2078 853 2108 lieet
877 2081 984 2108 tamen
1006 2078 1064 2108 hoe
1087 2078 1257 2108 interdicto
1283 2076 1324 2116 (S.
1351 2075 1416 2115 44.)
1448 2074 1554 2106 habet
1578 2076 1612 2106 P.
1642 2093 1675 2097 —
1702 2085 1766 2107 non
1784 2078 1992 2117 perspicuum

238 2134 261 2163 Ρ
280 2132 303 2162 E
321 2132 362 2162 T:
386 2130 594 2169 pet-spiceum
616 2137 680 2159 non
704 2129 728 2159 R
743 2129 767 2159 A
784 2129 806 2159 L
824 2128 842 2159 ζ’
857 2129 892 2159 O.
915 2145 950 2149 —-
969 2131 1013 2158 est
1038 2129 1079 2158 P:
1105 2128 1144 2158 sic
1161 2128 1184 2158 It
1199 2129 1224 2158 A
1238 2128 1259 2157 L
1274 2124 1293 2158 (ἐ
1308 2128 1344 2157 t).
1366 2143 1400 2148 —
1421 2126 1521 2156 bonas
1534 2125 1684 2165 fortunas
1700 2126 1735 2157 E.
1763 2126 1812 2157 Cf.
1833 2126 1863 2167 S.
1882 2129 1934 2159 76.
1954 2145 1987 2151 -

237 2181 269 2212 8.
291 2179 498 2220 possessionis
521 2179 544 2209 E
559 2179 582 2209 T
596 2187 613 2209 a
629 2188 647 2209 e
662 2177 756 2218 ρῐβ.
776 2195 811 2199 —
839 2178 868 2208 9.
888 2177 1055 2208 deminuta
1071 2178 1095 2208 T
1121 2178 1157 2216 (si
1184 2176 1271 2208 fides
1296 2177 1350 2207 est
1367 2175 1529 2207 Harlessii
1554 2175 1698 2214 silentio)
1725 2177 1747 2207 L
1761 2178 1805 2208 O:
1832 2178 1993 2211 diminuta

238 2231 262 2261 R
289 2229 403 2269 (etiam
430 2229 464 2265 Ρ,
489 2227 532 2259 de
557 2236 625 2267 quo
651 2229 742 2258 errat
766 2227 943 2265 Iordanus)
969 2227 994 2257 A
1013 2224 1044 2258 53.
1079 2226 1128 2257 Cf.
1155 2228 1185 2266 δ’.
1212 2227 1242 2257 5.
1272 2245 1306 2249 —
1326 2227 1352 2256 si.
1376 2227 1570 2257 auctoritate
1595 2227 1653 2258 PL
1669 2225 1742 2258 §302
1769 2228 1829 2259 sim
1851 2230 1994 2260 auetori-

238 2284 302 2311 tate
327 2280 369 2316 E3
394 2287 426 2310 se
448 2279 479 2308 in
505 2277 701 2308 aueloritate
724 2278 764 2308 T:
790 2278 835 2307 sic
859 2277 891 2307 in
917 2279 1112 2309 auctoritate
1135 2288 1175 2315 ας
1201 2279 1274 2309 siin
1294 2279 1491 2310 auctoritate
1508 2280 1531 2309 R
1546 2280 1583 2309 A.
1606 2296 1640 2300 —
1661 2279 1776 2309 talium
1790 2278 1938 2309 virorum
1954 2280 1988 2310 L.

240 2347 274 2352 -
300 2329 349 2359 vis
363 2346 381 2351 —
399 2345 416 2350 -
434 2327 618 2367 adprobata.
645 2328 668 2358 P
682 2328 705 2358 L
735 2326 788 2366 (de
814 2327 994 2359 Hotomani
1021 2329 1230 2367 coniectura)
1258 2329 1298 2359 0:
1332 2329 1381 2359 ius
1398 2347 1414 2351 —
1429 2347 1446 2351 -
1463 2329 1680 2368 approbatum
1704 2328 1935 2368 (adprobatum
1955 2329 1990 2367 T)

239 2380 263 2411 R
278 2380 300 2411 A
319 2377 349 2411 53.
379 2395 413 2400 —
441 2379 491 2409 40.
516 2378 668 2408 videatur
685 2394 732 2400 -—
748 2377 929 2407 dubitatum
952 2386 1021 2409 om.
1048 2379 1083 2408 T.
1111 2395 1145 2399 -—
1175 2378 1225 2408 42.
1252 2378 1430 2417 defenderet
1454 2379 1489 2409 T.
1508 2396 1542 2400 -
1562 2379 1664 2409 Ite-ieci
1688 2377 1841 2409 Kellerus
1868 2378 1910 2417 (p.
1929 2377 1990 2408 393

241 2447 276 2454 --
297 2430 400 2469 Ιι-ΟΟ.);
428 2428 503 2460 eieci
527 2427 556 2459 Ἃ
581 2427 701 2467 (etiam
718 2428 742 2458 P
760 2428 793 2457 et
811 2427 1008 2458 Rufinianus
1033 2426 1075 2457 de
1095 2427 1149 2463 fig.
1170 2428 1257 2457 sent.
1284 2428 1313 2465 13⁴.
1335 2426 1379 2466 6.)
1398 2427 1460 2458 AL
1475 2424 1493 2458 Β
1508 2428 1545 2458 Ο.
1573 2426 1622 2458 (js.
1651 2427 1680 2467 S.
1707 2427 1759 2459 ⁶24.
1786 2427 1838 2459 39.
1858 2426 1910 2458 48.
1937 2427 1989 2458 66.

239 2480 291 2512 84.
321 2498 355 2502 —-
388 2482 417 2509 le
439 2487 496 2518 eqo
522 2478 557 2508 T.
589 2494 625 2499 —
661 2477 710 2507 43.
737 2476 937 2517 defensionis]
975 2477 1056 2507 izo-is
1087 2476 1297 2507 Rufinianus.
1327 2493 1361 2498 —
1394 2477 1445 2507 45.
1472 2477 1595 2507 nullum
1619 2477 1778 2508 ETVO:
1803 2477 1923 2508 nullius
1945 2478 1988 2513 G;

237 2531 318 2562 milli
334 2531 358 2561 R
377 2529 491 2568 (etiam
507 2529 541 2565 Ρ,
568 2527 596 2559 si
621 2526 707 2557 tides
732 2528 785 2557 est
803 2527 947 2565 I'cyroni
972 2525 1122 2560 silentio:
1151 2527 1182 2556 iu
1200 2526 1282 2557 edit.
1303 2527 1463 2557 Patavina
1489 2527 1580 2558 enim
1606 2536 1636 2557 a.
1658 2526 1751 2557 4753.
1771 2525 1895 2566 legitur
1911 2527 1991 2557 nulli

237 2578 438 2620 opperiendi)
463 2576 571 2608 ALSAE.
601 2594 636 2598 —
669 2576 723 2615 qui
747 2576 899 2606 obstiterit
932 2578 954 2607 P
969 2577 991 2606 1⁴]
1006 2576 1061 2606 Tk
1080 2577 1110 2606 et
1130 2576 1170 2605 0:
1208 2577 1293 2615 quod
1323 2576 1477 2607 obstiterit
1506 2577 1566 2607 RA
1584 2577 1605 2607 1.
1620 2574 1651 2608 Q.
1691 2576 1740 2607 Cs.
1768 2577 1990 2607 Garatonium

239 2630 282 2661 ad
306 2629 416 2660 Vatin.
443 2628 473 2668 ἓ.
501 2627 551 2657 42.
578 2634 610 2666 p.
630 2626 682 2656 59.
710 2625 764 2656 cd.
785 2624 893 2657 llalm.
918 2643 952 2647 —
974 2626 1023 2656 stt‘).
1051 2626 1136 2663 quod
1161 2626 1363 2656 mullitudine
1388 2627 1421 2656 L.
1444 2643 1477 2646 —
1505 2626 1656 2656 introitus
1678 2626 1731 2655 sed
1754 2627 1789 2656 P.
1808 2643 1841 2648 —
1859 2627 1909 2657 47.
1935 2626 1992 2657 hoe

240 2688 308 2710 om.
336 2680 370 2709 P.
389 2695 424 2699 ——
445 2678 514 2713 hoc,
541 2675 640 2706 =⁷²eieei
664 2684 721 2715 eqo
744 2679 784 2708 le.
811 2685 873 2705 uon
897 2676 1031 2709 clemen-³*
1061 2684 1159 2714 qmzm
1184 2674 1214 2706 ἓ.
1242 2677 1276 2706 ln
1296 2677 1318 2706 1.
1335 2684 1484 2706 vacuum
1511 2677 1562 2707 est
1579 2677 1727 2716 spatium
1751 2677 1827 2716 post
1850 2685 1905 2706 vv.
1930 2677 1992 2707 ha-

238 2729 285 2759 bel
306 2729 383 2758 vim.
413 2745 446 2749 ——
477 2730 513 2757 ut
535 2727 657 2756 distare
680 2726 805 2764 aliquid
837 2729 893 2755 au!
916 2734 958 2755 ea:
973 2726 1085 2764 aliqua
1104 2729 1202 2764 pai-le
1223 2727 1418 2765 Peyronus:
1449 2725 1994 2763 1='.DIS..›1!{12'.›11.1()ts'JDTAUTEX

239 2776 521 2816 ALIQVAPARTE
546 2777 585 2811 123
624 2778 656 2805 ιιι
687 2776 748 2805 ῥεῖα
778 2784 812 2806 re
847 2775 972 2813 aliquid
1003 2779 1059 2805 am
1091 2775 1205 2814 aliqua
1237 2784 1278 2805 et:
1305 2778 1400 2814 parte
1431 2774 1454 2804 F.
1480 2775 1521 2805 T:
1559 2778 1592 2805 ut
1624 2776 1686 2805 isla
1711 2783 1761 2805 res
1783 2783 1855 2805 eum
1879 2775 1992 2814 aliqua

239 2837 280 2859 ee
306 2830 404 2866 parte
428 2827 464 2863 k3
501 2829 536 2856 uc
564 2825 626 2855 ista
655 2834 690 2856 re
721 2825 845 2863 aliquid
868 2834 940 2855 cum
964 2825 1076 2864 aliqua
1107 2834 1149 2855 ea:
1172 2828 1270 2864 parte
1300 2825 1322 2855 ll
1340 2825 1384 2857 A:
1421 2826 1455 2854 ut
1485 2824 1542 2854 illa.
1572 2832 1622 2854 res
1652 2824 1776 2863 aliquid
1807 2824 1919 2862 aliqua
1949 2833 1991 2855 ea:

237 2880 333 2916 parte
357 2884 437 2907 cun]
461 2875 592 2906 lumina
618 2873 636 2906 Q
655 2876 696 2911 O;
728 2879 762 2905 ul
788 2875 862 2905 illae
884 2883 934 2905 res
958 2875 1082 2913 aliquid
1106 2875 1219 2913 aliqua
1243 2882 1284 2903 ec
1305 2876 1399 2911 parte
1424 2873 1467 2910 (ct
1491 2872 1657 2913 deinceps
1679 2872 1865 2912 videantur)
1890 2873 1923 2903 L.
1952 2891 1986 2894 e-

242 2929 252 2958 ,1
262 2928 292 2958 9.
315 2926 511 2966 possessione
527 2926 569 2956 P:
592 2925 802 2964 possessiones
818 2925 859 2955 T:
884 2925 1112 2963 possessionem
1136 2925 1159 2954 1<
1175 2926 1199 2954 A
1215 2924 1237 2954 L
1251 2921 1270 2954 ¹3
1285 2924 1321 2953 Ο.
1349 2940 1383 2944 —
1411 2931 1450 2952 ac·
1475 2924 1496 2953 P
1511 2923 1535 2953 E
1555 2924 1591 2954 T:
1617 2926 1714 2960 atque
1737 2923 1759 2953 R
1775 2924 1799 2953 A
1816 2923 1839 2953 L
1853 2920 1871 2953 Q
1887 2922 1920 2954 0.
1952 2941 1987 2944 ff

241 2977 364 3008 deiciar
388 2977 411 3007 P
430 2975 453 3006 E
471 2975 507 3005 T.
537 2991 570 2995 —-
608 2983 651 3004 αη
683 2975 794 3005 eadem
817 2975 841 3005 P
859 2974 922 3004 ET
940 2974 980 3004 O:
1015 2984 1058 3004 an
1084 2975 1113 3004 in
1139 2974 1250 3004 eadem
1275 2974 1296 3003 1<
1318 2973 1342 3003 A
1362 2973 1403 3004 L:
1441 2981 1483 3001 an
1508 2981 1608 3011 quum
1631 2972 1741 3003 eadem-
1765 2969 1795 3002 ³3.
1823 2988 1857 2992 —-
1884 2971 1936 3002 ΞΟ.
1962 2975 1991 3003 et

240 3027 339 3057 isdem
366 3027 390 3057 P
407 3026 431 3057 E
449 3025 491 3055 T:
529 3027 557 3054 et
586 3024 705 3055 hisdem
727 3024 770 3062 (³¹3
807 3027 835 3055 et
866 3023 977 3054 iisdem
1002 3023 1025 3054 R
1043 3024 1069 3053 A
1087 3024 1131 3059 03
1169 3026 1264 3061 atque
1294 3022 1406 3052 iisdem
1436 3030 1516 3052 cum
1548 3021 1667 3052 Aldina
1694 3020 1729 3058 θές
1762 3024 1789 3052 et
1812 3021 1845 3051 in
1875 3021 1990 3052 eisdem

242 3076 395 3111 Iuntina;
422 3077 520 3113 atque
543 3073 576 3103 in
600 3074 715 3104 eisdem
739 3074 773 3104 L.
796 3091 829 3094 —
851 3073 936 3111 ante]
960 3081 1001 3102 an
1029 3080 1047 3102 a
1065 3081 1097 3103 m
1116 3081 1137 3111 q
1156 3072 1217 3111 (pr.
1237 3071 1295 3110 m.)
1315 3070 1362 3109 tss'
1380 3073 1411 3101 ct
1430 3073 1466 3102 A.
1484 3088 1518 3092 —
1534 3070 1704 3110 syllabam
1729 3079 1765 3101 oc
1788 3080 1890 3111 supra
1914 3080 1990 3103 ver-

244 3132 321 3154 sum
345 3123 452 3155 habet
476 3123 511 3154 E.
543 3137 578 3143 —
605 3123 657 3153 Ἣ.
683 3131 795 3153 verum
821 3121 849 3154 m
866 3123 909 3153 A:
946 3130 1060 3152 verum
1092 3122 1189 3152 eliam
1217 3129 1295 3151 cum
1327 3120 1445 3151 Aldina
1471 3121 1494 3151 L
1512 3118 1531 3152 53
1549 3122 1586 3150 s).
1616 3137 1648 3142 —
1676 3120 1818 3158 aspicere
1849 3122 1870 3151 P
1889 3121 1924 3151 E.
1953 3138 1987 3142 —

243 3173 393 3212 aspirare
416 3173 452 3204 E.
482 3190 517 3194 —-
545 3172 633 3211 quid,
659 3174 696 3203 ut
719 3171 859 3203 volebat
884 3171 1083 3209 Lambinus,
1110 3173 1133 3202 P
1151 3172 1194 3201 O:
1221 3170 1275 3209 qui
1300 3171 1321 3200 R
1340 3171 1366 3200 A
1384 3171 1406 3200 L
1425 3168 1455 3200 Q,
1485 3186 1519 3191 —
1546 3169 1597 3200 ille
1619 3170 1767 3209 cogatur]
1792 3170 1992 3209 intelligatur

245 3222 296 3253 ille
318 3226 456 3262 conatur
479 3223 515 3261 E,
543 3221 605 3253 scd
631 3221 714 3252 infra
739 3222 887 3253 verbum
913 3221 1113 3260 intelliyatw·
1136 3219 1258 3251 lineola
1278 3218 1399 3259 posita,
1426 3227 1493 3259 qua
1511 3217 1696 3250 delendum
1715 3226 1791 3249 csse
1809 3218 1988 3249 indicatur-

248 3288 283 3292 —
309 3272 360 3302 ⁶22.
386 3272 563 3311 reppulerit
585 3271 610 3303 E
629 3271 683 3310 (de
705 3272 728 3302 T
752 3271 828 3304 silet
852 3270 1075 3309 Harlessius):
1100 3269 1255 3309 repulerit
1277 3269 1341 3300 ΒΑ
1355 3268 1379 3299 L
1393 3266 1411 3300 Q
1426 3270 1464 3299 O.
1480 3285 1513 3289 —
1530 3269 1582 3300 25.
1607 3267 1700 3299 huius
1721 3268 1847 3308 generis
1863 3268 1902 3305 P;
1928 3265 1991 3299 sed

244 3327 280 3351 ce
304 3319 438 3351 videtur
461 3321 748 3363 superscriptum.
