2143 3713
651 253 748 293 CAP.
779 252 1017 291 vul-lx.
1057 248 1129 303 ὃς.
1161 246 1353 290 21—27.
1799 244 1879 285 653

141 369 218 408 tuit
249 368 289 407 C.
321 367 530 407 Rabirium
562 365 792 404 desciscere
823 378 845 403 a
876 378 918 403 re
949 363 1138 415 publica?
1176 374 1258 400 non
1290 373 1526 412 comparere
1558 361 1599 399 in
1629 360 1699 399 illa
1729 365 1885 400 armata

140 429 403 468 multitudine
425 427 658 467 bonorum?
691 426 905 464 consulum
928 425 1017 464 voci
1039 430 1163 476 atque
1186 422 1359 475 imperio
1381 435 1463 461 non
1486 422 1682 461 obedire?
1722 419 1787 460 ⁶24.
1814 422 1884 460 At-

141 492 211 544 qui
243 492 429 530 videmus
469 490 572 528 haec
611 488 651 527 in
694 501 830 526 rerum
871 494 1015 527 natura
1059 487 1134 525 tria
1168 485 1317 530 fuisse,
1359 490 1401 523 ut
1441 489 1511 523 aut
1540 497 1632 523 cum
1665 483 1884 522 Saturnino

141 559 250 592 esset
279 558 351 591 aut
380 566 471 591 cum
502 550 622 589 bonis
653 555 723 588 aut
753 549 913 589 lateret.
975 550 1118 588 Latere
1162 548 1303 586 mortis
1335 552 1420 585 erat
1449 546 1578 584 instar
1608 546 1884 598 turpissimae,

141 628 233 653 cum
266 614 488 653 Saturnino
520 624 610 650 esse
642 610 791 649 furoris
823 617 862 650 et
892 611 1077 656 sceleris,
1109 609 1238 649 virtus
1270 613 1309 647 et
1338 607 1533 646 honestas
1565 613 1606 646 et
1635 607 1768 659 pudor
1791 615 1916 646 cum5

142 676 384 715 consulibus
417 687 506 714 esse
537 673 722 725 cogebat.
784 674 868 711 llo‹·
902 679 941 711 tu
974 673 1099 724 igitur
1129 671 1170 709 in
1201 670 1357 709 crimen
1388 682 1532 716 vocas,
1571 669 1682 721 quod
1715 684 1806 709 cum
1837 671 1884 708 iis

142 738 266 777 fuerit
299 737 340 776 C.
372 735 583 781 Rabirius,
625 748 728 786 quos
769 734 1074 773 amentissimus
1109 732 1257 771 fuisset
1295 732 1328 770 si
1359 736 1659 784 oppugnasset,
1700 732 1887 784 turpissi-

143 812 254 845 mus,
287 800 319 838 si
350 798 613 849 reliquisset?
674 797 743 834 lx.
774 798 825 835 At
858 798 899 835 C.
930 795 1158 841 Decianus,
1189 794 1239 833 de
1263 806 1345 846 quo
1368 798 1410 832 tu
1432 805 1555 845 saepe
1577 806 1886 841 commemoras,

143 860 258 912 quia,
302 874 392 900 cum
430 859 641 898 hominem
684 859 875 897 omnibus
917 858 1119 909 insignem
1161 856 1270 895 notis
1301 854 1590 907 turpitudinis,
1630 856 1672 894 P.
1704 856 1886 903 Furium,

143 928 352 966 accusaret
381 933 542 961 summo
575 920 712 960 studio
744 921 943 959 bonorum
980 920 1184 964 omnium,
1225 918 1343 971 queri
1375 922 1436 956 est
1466 930 1590 956 ausus
1621 917 1663 956 in
1693 919 1885 958 contione
1907 926 1938 954 ¹0

144 988 193 1026 de
238 990 366 1025 morte
413 983 646 1028 Saturnini,
693 983 989 1021 condemnatus
1036 986 1114 1020 est:
1170 985 1209 1019 et
1252 981 1346 1019 Sex.
1391 979 1544 1026 Titius,
1594 978 1703 1032 quod
1744 979 1889 1018 habuit

145 1047 364 1099 imaginem
395 1046 440 1084 L.
474 1044 686 1084 Saturnini
718 1044 828 1082 (lomi
861 1057 982 1089 suae,
1014 1043 1311 1082 condemnatus
1343 1045 1415 1080 est.
1459 1041 1698 1081 Statuerunt
1728 1042 1888 1094 equites

142 1108 314 1148 Romani
343 1108 413 1147 illo
446 1106 599 1145 iudicio
631 1106 863 1158 improbum
896 1106 1027 1144 civem
1060 1118 1149 1144 esse
1182 1109 1221 1143 et
1251 1117 1334 1142 non
1365 1103 1626 1142 retinendum
1647 1104 1690 1142 in
1711 1104 1888 1150 civitate,

141 1172 211 1224 qui
240 1169 443 1216 hominis,
490 1168 685 1208 hostilem
718 1169 759 1206 in
802 1168 968 1207 modum
1009 1167 1214 1212 seditiosi,
1259 1166 1435 1218 imagine
1474 1170 1546 1204 aut
1584 1171 1757 1205 mortem
1799 1167 1888 1206 eius

140 1233 399 1279 honestaret,
451 1235 521 1270 aut
563 1229 768 1270 desideria
809 1230 1091 1282 imperitorum
1141 1228 1425 1267 misericordia
1475 1232 1769 1274 commoveret,
1818 1233 1939 1268 aut¹5

141 1307 257 1334 suam
295 1292 547 1346 significaret
584 1293 808 1331 imitandae
849 1290 1125 1343 improbitatis
1163 1291 1432 1329 voluntatem.
1500 1288 1566 1328 25.
1607 1290 1751 1343 Itaque
1786 1291 1887 1330 mihi

141 1357 288 1395 mirum
310 1354 484 1401 videtur,
516 1354 626 1393 unde
647 1354 753 1394 hane
776 1359 832 1399 tu,
863 1353 1059 1399 Labiene,
1090 1352 1326 1404 imaginem,
1358 1364 1480 1404 quam
1500 1351 1640 1398 habes,
1665 1353 1887 1393 inveneris.

139 1418 239 1457 Nam
273 1416 368 1456 Sex.
400 1417 509 1456 Titio
541 1417 756 1462 damnato,
789 1416 859 1468 qui
891 1415 1009 1454 istam
1039 1414 1193 1454 habere
1224 1414 1407 1460 auderet,
1439 1414 1631 1453 inventus
1662 1420 1724 1454 est
1752 1428 1887 1454 nemo.

140 1478 259 1526 Quod
290 1483 333 1518 tu
365 1479 399 1518 si
431 1478 619 1518 audisses
651 1483 722 1517 aut
752 1479 784 1517 si
816 1491 888 1529 per
918 1482 1093 1516 aetatem
1126 1476 1229 1516 scire
1262 1476 1490 1529 potuisses,
1531 1489 1757 1529 numquam
1795 1489 1890 1530 pro-

139 1540 246 1580 fecto
286 1541 405 1580 istam
444 1540 685 1593 imaginem,
734 1553 840 1593 quae
878 1539 989 1579 domi
1038 1539 1171 1591 posita
1201 1544 1358 1592 pestem
1399 1543 1525 1591 atque
1561 1538 1754 1577 exsilium
1795 1539 1940 1578 Sex.20

141 1603 250 1642 Titio
282 1603 514 1650 attulisset,
545 1603 586 1642 in
609 1607 739 1642 rostra
760 1607 885 1654 atque
907 1601 950 1640 in
969 1601 1205 1640 contionem
1225 1600 1454 1646 attulisses,
1484 1612 1561 1639 nec
1582 1605 1672 1639 tuas
1694 1614 1891 1654 umquam

138 1665 320 1704 rationes
351 1665 402 1705 ad
434 1678 506 1705 eos
537 1664 732 1716 scopulos
763 1664 1017 1716 appulisses,
1049 1663 1099 1701 ad
1131 1675 1236 1715 quos
1268 1663 1362 1701 Sex.
1395 1662 1491 1701 Titii
1521 1661 1715 1701 afflictam
1745 1675 1891 1701 navem

140 1732 180 1765 et
217 1726 257 1764 in
299 1726 449 1778 quibus
496 1726 537 1766 C.
568 1726 738 1765 Deciani
778 1725 1039 1777 naufragium
1080 1725 1339 1764 fortunarum
1380 1723 1556 1764 videres.
1625 1725 1705 1764 Sed
1746 1724 1788 1763 in
1826 1724 1892 1764 his

140 1788 262 1828 rebus
295 1789 486 1828 omnihus
517 1788 798 1841 imprudentia
828 1788 992 1826 laberis.
1045 1788 1218 1827 Causam
1242 1786 1351 1825 enim
1373 1786 1592 1838 suscepisti
1613 1786 1891 1840 antiquiorem

142 1851 339 1889 memoria
383 1856 479 1889 tua:
530 1864 638 1902 quae
680 1863 803 1889 causa
839 1856 932 1888 ante
974 1855 1133 1889 mortua
1171 1855 1253 1895 est,
1299 1861 1423 1901 quam
1465 1853 1507 1887 tu
1544 1854 1663 1888 natus
1702 1862 1767 1888 es:
1811 1857 1940 1901 qua25

140 1912 182 1950 in
214 1925 336 1951 causa
367 1917 454 1951 tute
485 1912 672 1964 profecto
703 1910 877 1958 fuisses,
909 1912 942 1951 si
974 1925 1048 1963 per
1077 1917 1253 1951 aetatem
1284 1924 1374 1949 esse
1405 1910 1635 1962 potuisses,
1678 1924 1767 1950 eam
1799 1924 1892 1950 cau-

140 1986 227 2013 sam
258 1975 298 2013 in
329 1974 528 2013 iudicium
561 1987 695 2013 vocas.
757 1972 820 2011 26.
857 1975 919 2012 An
952 1987 1034 2012 non
1065 1973 1284 2025 intelligis,
1324 1972 1521 2025 primum,
1564 1986 1670 2026 quos
1700 1973 1891 2012 homines

141 2040 181 2074 et
210 2036 356 2088 quales
387 2035 496 2075 viros
527 2041 712 2075 mortuos
744 2036 890 2075 summi
933 2036 1099 2075 sceleris
1139 2037 1318 2087 arguas?
1362 2034 1534 2081 deinde,
1577 2041 1679 2088 quot
1717 2048 1770 2074 ex
1812 2035 1891 2086 his,

141 2099 211 2150 qui
242 2098 407 2144 vivunt,
439 2098 584 2137 eodem
617 2098 786 2137 crimine
819 2099 858 2137 iu
890 2111 1095 2136 summum
1127 2097 1356 2150 periculum
1378 2096 1524 2149 capitis
1546 2098 1757 2136 arcessas?
1787 2098 1889 2136 Nam

140 2160 173 2199 si
207 2159 248 2199 C.
280 2159 471 2199 Rabirius
501 2159 688 2199 fraudem
720 2159 933 2211 capitalem
965 2159 1156 2205 admisit,
1203 2158 1314 2211 quod
1353 2171 1464 2198 arma
1503 2163 1645 2198 contra
1674 2159 1719 2198 L.
1751 2159 1891 2198 Satur-
1904 2169 1940 2197 30

140 2221 283 2260 ninum
317 2221 432 2268 tulit,
475 2222 571 2260 huie
613 2220 782 2274 quidem
823 2221 966 2260 afferet
996 2221 1177 2273 aliquam
1210 2220 1542 2273 deprecationem
1575 2221 1748 2274 periculi
1778 2226 1891 2261 aetas

139 2283 232 2330 illa,
276 2296 358 2336 qua
396 2288 483 2322 tum
523 2282 623 2322 fuit:
667 2282 715 2329 Q.
754 2295 849 2322 vero
892 2282 1103 2328 Catulum,
1144 2287 1303 2334 patrem
1342 2275 1570 2329 huiussin
1611 2296 1694 2336 quo
1733 2296 1891 2322 summa

141 2346 368 2398 sapientia,
413 2345 566 2384 eximia
605 2344 757 2391 virtus,
808 2344 1028 2396 singularis
1068 2344 1304 2384 humanitas
1343 2344 1441 2391 fuit,
1491 2345 1545 2383 M.
1584 2344 1782 2383 Scaurum
1821 2344 1892 2384 illa

140 2408 360 2461 gravitate,
398 2407 471 2446 illo
515 2406 712 2453 oonsilio,
752 2405 823 2445 illa
862 2405 1107 2458 prudentia,
1149 2406 1254 2445 duos
1284 2406 1467 2452 Mucios,
1507 2406 1552 2445 L.
1585 2406 1798 2454 Crassum,
1836 2408 1890 2447 M.

139 2469 384 2516 Antonium,
426 2469 496 2522 qui
539 2475 624 2508 tum
664 2473 781 2507 extra
816 2469 960 2507 urbem
1001 2481 1092 2507 cum
1131 2468 1337 2521 praesidio
1375 2467 1472 2514 fuit,
1517 2481 1692 2521 quorum
1734 2469 1774 2507 in
1813 2468 1941 2508 hac35

141 2531 303 2572 civitate
333 2531 457 2583 longe
488 2531 667 2570 maxima
697 2530 870 2569 consilia
900 2535 1025 2583 atque
1056 2529 1225 2582 ingenia
1252 2529 1438 2576 fuerunt,
1470 2534 1627 2569 ceteros
1648 2531 1737 2583 pari
1758 2530 1892 2583 digni-

141 2599 224 2634 tate
254 2593 485 2646 praeditos,
517 2592 712 2632 custodes
743 2592 1126 2645 gubernatoresque
1156 2591 1214 2631 rei
1246 2591 1457 2644 publicae,
1488 2604 1610 2644 quem
1640 2593 1691 2632 ad
1722 2591 1891 2632 modum

142 2660 325 2695 mortuos
357 2654 656 2694 defendemus?
703 2652 768 2693 27.
802 2653 911 2701 Quid
943 2653 994 2693 de
1024 2654 1106 2692 illis
1136 2653 1441 2693 honestissimis
1457 2653 1556 2693 viris
1577 2659 1701 2706 atque
1723 2654 1891 2706 optimis

142 2717 321 2764 civibus,
352 2717 562 2770 equitibus
593 2716 809 2762 Romanis,
842 2715 1044 2762 dicemus,
1082 2715 1154 2768 qui
1185 2719 1272 2755 tum
1302 2728 1386 2755 una
1416 2729 1509 2755 cum
1539 2720 1686 2755 senatu
1717 2715 1891 2755 salutem

227 2909 259 2939 ¹2.
286 2907 355 2939 voci
379 2906 474 2946 ng:
505 2915 580 2937 voce
603 2907 621 2937 5
647 2907 778 2937 Oxonn.
806 2908 837 2937 et
863 2905 934 2937 rell.
962 2907 1062 2946 Lagg.
1093 2924 1127 2927 ᾖ
1155 2908 1184 2937 6.
1211 2907 1259 2937 his
1282 2915 1300 2937 a
1318 2906 1391 2941 dk3
1425 2906 1450 2936 is
1475 2906 1494 2936 s.
1524 2923 1557 2927 —
1586 2907 1636 2937 ll.
1662 2906 1895 2936 condenmatus

141 2961 170 2989 et
194 2958 274 2997 (om.
301 2959 355 2996 est)
381 2955 491 2993 fi1n3
519 2956 596 2986 sort.
623 2959 651 2987 et
675 2955 875 2986 delendum.
898 2973 931 2977 -
953 2955 1003 2987 44.
1031 2956 1172 2995 imagine
1195 2955 1250 2986 ed.
1276 2954 1397 2986 Aldina
1415 2955 1513 2985 45¹9:
1541 2954 1716 2994 imaqinem
1732 2953 1834 2984 codd.
1855 2969 1890 2974 —

143 3007 194 3038 46.
220 3007 415 3038 imitandam
439 3006 459 3035 S
484 3007 518 3036 et
542 3003 560 3036 4
585 3006 666 3036 Oxx.
695 3022 729 3026 —
758 3005 809 3035 117.
837 3013 935 3043 quam
964 3008 999 3035 tu
1026 3005 1122 3036 habes
1151 3007 1219 3037 mei
1250 3007 1390 3046 praeter
1414 3004 1434 3035 f.
1464 3022 1497 3026 —
1526 3004 1577 3035 ⁴20.
1608 3004 1745 3035 exitium
1775 3004 1893 3034 nesc10

143 3057 199 3096 qui
225 3055 317 3097 apud
340 3055 531 3087 Manutium
555 3056 588 3085 et
604 3055 802 3086 Torrentius
828 3055 859 3085 in
886 3063 994 3093 marg.
1015 3071 1050 3076 -—
1072 3055 1122 3085 21.
1141 3055 1308 3095 umquam]
1334 3055 1468 3092 inquam
1485 3054 1518 3084 S.
1540 3069 1574 3075 —
1595 3052 1762 3093 atlulisset]
1787 3052 1897 3083 attulit

144 3105 310 3136 Baiterus.
327 3122 362 3126 —
380 3106 431 3136 ,5.
450 3112 481 3135 es
497 3103 607 3134 idem:
634 3112 714 3135 esses
731 3103 850 3136 ceteri.
870 3118 903 3124 —
925 3112 991 3142 (μια
1009 3103 1038 3133 in
1057 3112 1159 3135 causa
1174 3107 1240 3134 tute
1250 3103 1397 3143 profecto
1411 3103 1536 3142 fuisses,
1561 3102 1586 3133 si
1599 3111 1660 3142 pet·
1675 3105 1816 3133 aetatem
1831 3109 1896 3133 esse

141 3153 314 3192 potuisses,
347 3162 420 3186 eam
442 3162 516 3184 cum
541 3154 573 3184 in
596 3153 752 3184 iudicium
774 3162 889 3190 vocas,
916 3162 977 3184 non
1004 3153 1154 3193 inlelligyis
1177 3155 1244 3184 etc.
1271 3153 1467 3193 suspicatur
1489 3153 1614 3184 Bavius
1642 3153 1718 3183 Γαν.
1744 3152 1826 3183 lectt.
1852 3152 1892 3182 ΙΙ.

145 3213 178 3244 p.
197 3205 271 3236 461.
291 3222 325 3226 -
344 3206 397 3237 27.
422 3204 579 3245 intellegis
602 3213 635 3235 n.
655 3221 690 3226 —
710 3204 763 3235 ⁶28.
789 3205 874 3244 quod
897 3204 928 3234 S.
950 3220 984 3223 —
1004 3211 1046 3234 ex:
1068 3202 1116 3232 his
1139 3202 1159 3232 S
1176 3204 1209 3233 ct
1225 3203 1242 3233 7
1260 3203 1382 3242 lagg:
1409 3211 1450 3234 ea:
1465 3203 1505 3233 iis
1529 3211 1546 3233 e
1561 3201 1715 3242 ghiln,
1741 3202 1778 3231 ut
1800 3199 1895 3231 vide-

145 3254 218 3289 tur,
239 3255 273 3284 et
288 3254 312 3285 L
325 3255 362 3285 O.
382 3272 417 3276 —
437 3255 490 3286 ⁶29.
506 3254 688 3294 periculum
703 3255 819 3294 capitis
836 3255 923 3286 mei:
943 3253 1060 3292 capitis
1069 3252 1253 3291 periculum
1269 3253 1293 3283 L
1307 3252 1344 3282 O.
1364 3269 1398 3272 —
1418 3260 1567 3283 accersas
1583 3252 1614 3282 S.
1637 3267 1671 3272 —-
1692 3251 1744 3281 3⁴.
1762 3251 1896 3289 afferret

146 3300 305 3333 kamn
332 3304 367 3334 et
394 3312 414 3343 g
438 3312 550 3341 eorr.;
575 3304 672 3343 affert
694 3303 795 3335 deh.
817 3321 850 3326 —
871 3303 923 3334 32.
949 3302 1007 3334 illa
1029 3302 1062 3333 in
1086 3310 1152 3341 qua
1167 3300 1209 3333 al.
1229 3301 1263 3333 in
1279 3309 1348 3340 mg.
1372 3300 1492 3333 Lamh.
1520 3318 1554 3323 —
1574 3299 1627 3332 34.
1651 3299 1772 3332 Mutios
1794 3299 1826 3330 S.
1855 3317 1890 3321 —

146 3349 199 3382 38.
224 3352 363 3392 optumis
384 3351 462 3384 iln.
