2175 3718
246 262 326 305 464
734 262 788 301 IN
817 260 1036 302 VERREM
1064 259 1224 300 ACTIO
1257 259 1496 300 SECUNDA

244 389 335 415 rum
366 373 698 414 commovemini.
746 373 857 420 Quid
889 373 997 411 enim
1027 376 1173 410 natura
1195 372 1314 411 nohis
1345 371 1585 417 iucundius,
1617 369 1718 423 quid
1740 370 1873 410 carius
1895 385 1984 412 esse

244 436 408 476 voluit?
439 436 538 489 quid
569 441 630 474 est
659 435 844 487 dignius,
876 434 917 472 in
948 446 1030 485 quo
1063 433 1197 472 omnis
1228 439 1368 472 nostra
1398 433 1611 484 diligentia
1640 432 1985 486 indulgentiaque

245 500 540 539 consumatur?
599 494 692 536 sl=l3.
724 498 858 535 Homo
889 495 1263 547 importunissime,
1297 509 1369 534 cur
1398 500 1550 534 tantam
1574 495 1767 533 iniuriam
1789 495 1831 533 P.
1852 495 1986 535 Annio

245 566 407 601 mortuo
438 560 599 600 fecisti?
631 574 704 599 cur
732 560 842 598 hunc
874 557 1059 595 dolorem
1092 556 1222 595 cineri
1255 557 1343 596 eius
1374 563 1498 610 atque
1521 556 1683 595 ossibus
1707 557 1914 604 inussisti,
1943 562 1989 596 ut

213 623 384 663 5liheris
416 623 504 663 eius
533 622 644 661 bona
674 620 827 674 patria,
858 618 1073 658 voluntate
1104 618 1251 670 patris,
1284 618 1394 666 iure,
1426 619 1585 670 legibus
1609 617 1776 664 tradita,
1809 619 1988 671 eriperes

245 690 303 733 et,
336 686 399 725 cui
429 685 502 725 tibi
535 689 642 723 esset
672 681 958 727 commodum,
993 681 1285 720 condonares?
1336 681 1591 728 Quibuscum
1615 680 1696 719 vivi
1720 680 1828 719 bona
1849 685 1990 720 nostra

243 748 464 800 partimur,
505 747 554 786 iis
593 751 758 799 praetor
800 744 980 783 adimere
1012 744 1133 782 nobis
1164 742 1336 782 mortuis
1365 743 1476 782 hona
1504 742 1775 795 fortunasque
1804 743 1988 794 poterit?

242 811 330 849 NEC
368 822 643 855 PE'rlTloNEM,
690 807 846 860 inquit,
890 818 966 845 NEC
998 819 1296 845 POSSESSIONEM
1328 818 1447 844 nmio.
1506 805 1668 857 Eripies
1700 805 1823 857 igitur
1852 804 1990 857 pnpil—

243 872 306 911 lae
345 876 483 924 togam
524 872 813 924 praetextam?
854 867 1046 907 detrahes
1087 874 1328 907 ornamenta
1368 881 1452 907 non
1492 868 1625 907 solum
1657 867 1869 914 fortunae,
1917 867 1989 906 sed

193 939 228 968 ⁴0
243 934 366 972 etiam
396 933 697 985 ingenuitatis?
756 931 953 970 Miramur
1000 930 1051 969 ad
1082 944 1194 969 arma
1226 936 1369 969 contra
1398 931 1522 969 istum
1552 929 1762 968 hominem
1794 930 1991 981 Lampsa-

243 1009 367 1035 cenos
398 996 508 1034 isse?
539 996 736 1036 miramur
766 993 887 1032 istum
921 993 970 1031 de
1002 992 1215 1045 provincia
1238 991 1506 1031 decedentem
1533 992 1636 1030 clam
1659 992 1874 1044 Syracusis
1896 1004 1991 1043 pro-

242 1058 429 1110 fugisse?
474 1059 558 1096 Nos
590 1057 623 1095 si
656 1057 833 1096 alienam
864 1055 997 1094 vicem
1028 1068 1102 1107 pro
1135 1060 1273 1093 nostra
1296 1054 1455 1093 *iniuria
1482 1053 1740 1100 doleremus,
1770 1053 1989 1105 vestigium

240 1121 359 1159 istius
401 1120 442 1159 in
486 1118 576 1158 foro
621 1118 781 1158 nullum
824 1122 933 1156 esset
962 1117 1164 1156 relictum.
1226 1114 1318 1155 414„
1350 1117 1470 1155 Pater
1500 1116 1570 1154 dat
1599 1113 1733 1154 filiae:
1779 1116 1989 1169 prohibes.

241 1183 371 1235 Leges
412 1181 578 1220 sinunt:
617 1185 753 1220 tamen
794 1185 832 1219 te
864 1180 1108 1232 interponis.
1167 1180 1226 1219 De
1259 1179 1344 1217 suis
1375 1178 1496 1217 bonis
1528 1178 1585 1217 ita
1616 1178 1706 1224 dat,
1743 1183 1790 1217 ut
1819 1178 1869 1217 ab
1901 1178 1990 1217 iure

192 1249 325 1284 ⁴5non
365 1244 497 1284 abeat.
557 1242 669 1290 Quid
707 1243 858 1289 habes,
909 1242 1021 1295 quod
1062 1241 1377 1294 reprehendas?
1436 1240 1569 1285 Nihil,
1611 1240 1773 1291 opinor.
1823 1240 1875 1278 At
1914 1251 1990 1290 ego

241 1307 448 1346 concedo:
481 1305 676 1359 prohibe,
709 1305 742 1344 si
772 1309 911 1358 potes,
944 1305 977 1343 si
1008 1304 1135 1343 hahes
1168 1304 1239 1356 qui
1273 1309 1311 1342 te
1343 1303 1506 1349 audiat,
1539 1302 1571 1341 si
1603 1307 1741 1354 potest
1774 1301 1848 1340 tibi
1880 1300 1991 1339 dicto

241 1368 414 1408 audiens
446 1380 537 1408 esse
569 1367 804 1421 quisquam.
854 1367 1018 1419 Eripias
1052 1372 1093 1405 tu
1124 1367 1379 1405 voluntatem
1410 1365 1608 1412 mortuis,
1638 1365 1748 1404 bona
1769 1364 1894 1411 vivis,
1927 1364 1991 1402 ius

241 1431 466 1470 omnibus?
525 1430 614 1469 Hoc
653 1430 834 1482 populus
873 1430 1083 1468 Romanus
1122 1442 1204 1467 non
1247 1441 1371 1467 manu
1402 1427 1674 1474 vindicasset,
1712 1426 1791 1466 nisi
1824 1431 1862 1465 te
1893 1424 1993 1466 huic

240 1492 419 1545 tempori
452 1496 577 1546 atque
607 1491 705 1530 huic
735 1491 891 1531 iudicio
923 1492 1209 1530 reservasset?

190 1561 226 1591 20
350 1555 627 1607 Posteaquam
674 1554 737 1593 ius
775 1553 1030 1606 praetorium
1073 1553 1342 1593 constitutum
1382 1557 1463 1599 est,
1505 1565 1668 1604 semper
1697 1551 1775 1591 hoc
1806 1552 1894 1591 iure
1926 1551 1990 1591 usi

241 1629 410 1657 sumus:
443 1616 477 1655 si
507 1615 672 1655 tabulae
704 1615 939 1654 testamenti
970 1628 1054 1654 non
1086 1615 1393 1668 proferrentur,
1424 1621 1510 1654 tum
1540 1614 1599 1654 uti
1623 1628 1831 1667 quemque
1862 1615 1991 1667 potis-

241 1679 392 1718 simum
420 1677 618 1717 heredem
648 1668 738 1717 esse
771 1682 1003 1729 oporteret,
1036 1678 1068 1716 si
1094 1679 1126 1716 is
1149 1678 1369 1716 intestatus
1392 1683 1578 1716 mortuus
1602 1682 1732 1723 esset,
1766 1677 1822 1717 ita
1846 1691 1992 1717 secun-

241 1741 339 1780 dum
379 1753 473 1779 eum
508 1740 720 1792 possessio
763 1740 940 1779 daretur.
1016 1740 1153 1787 Quare
1192 1740 1271 1778 hoc
1314 1740 1365 1779 sit
1406 1739 1727 1792 aequissimum,
1773 1739 1894 1779 facile
1932 1742 1993 1778 est

240 1803 401 1849 dicere,
446 1802 518 1841 sed
556 1802 598 1841 in
637 1816 680 1841 re
722 1808 802 1841 tam
842 1802 995 1841 usitata
1033 1803 1131 1841 satis
1173 1807 1234 1840 est
1265 1801 1484 1840 ostendere
1515 1814 1658 1840 omnes
1689 1806 1811 1841 antea
1840 1802 1904 1840 ius
1935 1801 1992 1839 ita

190 1866 397 1906 25dixisse
428 1870 469 1905 et
496 1865 575 1904 hoc
607 1869 724 1904 vetus
756 1864 935 1903 edictum
970 1864 1354 1915 translaticiumque
1386 1876 1490 1901 esse.
1551 1864 1671 1902 XLV.
1704 1861 1796 1902 slslsj.
1829 1863 1992 1915 Cogno-

240 1928 340 1967 scite
370 1927 551 1967 hominis
582 1927 695 1966 aliud
726 1927 768 1965 in
800 1939 842 1964 re
866 1931 1004 1965 vetere
1030 1926 1210 1965 edictum
1234 1940 1408 1973 novum,
1441 1931 1481 1965 et
1502 1926 1646 1973 simul,
1680 1926 1779 1965 dum
1800 1930 1862 1965 est
1881 1924 1992 1964 unde

238 1989 304 2029 ius
345 1989 464 2029 civile
503 1988 708 2035 discatur,
756 1988 1044 2027 adolescentes
1086 1988 1126 2027 in
1168 1989 1431 2041 disciplinam
1463 1990 1499 2028 ei
1530 1989 1703 2028 tradite:
1749 1988 1900 2028 mirum
1931 1992 1993 2027 est

238 2051 420 2091 hominis
451 2051 683 2103 ingenium,
716 2051 818 2089 mira
848 2051 1083 2102 prudentia.
1144 2051 1352 2089 Minucius
1384 2050 1554 2103 quidam
1584 2056 1773 2091 mortuus
1805 2056 1868 2091 est
1897 2054 1992 2090 ante

238 2114 364 2153 istum
394 2118 652 2166 praetorem:
685 2113 774 2152 eius
806 2117 1099 2152 testamentum
1131 2118 1219 2152 erat
1249 2113 1436 2152 nullum:
1469 2114 1559 2166 lege
1590 2114 1800 2154 hereditas
1821 2114 1872 2154 ad
1895 2126 1990 2166 gen-

190 2184 225 2214 30
239 2180 322 2215 tem
352 2175 575 2215 Minuciam
606 2176 811 2215 veniebat.
873 2175 915 2213 Si
946 2175 1161 2214 habuisset
1192 2175 1268 2214 iste
1301 2176 1503 2222 edictum,
1536 2177 1646 2228 quod
1680 2181 1775 2215 ante
1807 2177 1931 2215 istum
1955 2179 1995 2213 et

239 2243 385 2293 postea
424 2250 567 2277 omnes
603 2237 859 2283 habuerunt,
898 2237 1111 2289 possessio
1143 2237 1350 2276 Minuciae
1383 2238 1492 2289 genti
1525 2243 1635 2277 esset
1665 2239 1785 2277 data:
1828 2238 1863 2278 si
1899 2237 1992 2291 quis

240 2305 486 2341 testamento
519 2313 562 2339 se
592 2300 787 2339 heredem
819 2312 909 2338 esse
941 2299 1229 2346 arbitraretur,
1273 2300 1385 2351 quod
1426 2305 1511 2338 tum
1545 2314 1628 2339 non
1659 2305 1861 2349 exstaret,
1901 2301 1992 2352 lege

241 2368 382 2416 ageret
410 2363 452 2401 in
482 2362 778 2409 hereditatem;
809 2366 880 2401 aut
910 2374 985 2414 pro
1017 2361 1170 2412 praede
1201 2361 1286 2400 litis
1318 2361 1589 2400 vindiciarum
1621 2376 1714 2401 cum
1746 2364 1845 2403 satis
1877 2376 1993 2404 acce—

240 2425 392 2477 pisset,
424 2424 693 2476 sponsionem
724 2424 900 2471 faceret,
932 2425 986 2463 ita
1009 2424 1059 2462 de
1085 2423 1314 2462 hereditate
1336 2428 1525 2463 certaret.
1556 2425 1667 2472 Hoc,
1699 2426 1870 2478 opinor,
1902 2426 1992 2466 iure

192 2495 229 2524 35
243 2492 283 2526 et
312 2487 490 2526 maiores
521 2487 652 2526 nostri
684 2491 725 2526 et
755 2500 831 2526 nos
862 2499 1026 2538 semper
1055 2485 1120 2525 usi
1153 2499 1307 2525 sumus.
1366 2486 1536 2533 Videte,
1566 2491 1613 2525 ut
1642 2487 1722 2527 hoc
1753 2488 1831 2528 iste
1853 2501 1991 2528 corre-

241 2550 364 2590 xerit.
422 2546 515 2588 lslss.
562 2549 783 2602 Componit
823 2548 1006 2588 edictum
1046 2547 1096 2587 iis
1136 2548 1296 2595 verbis,
1336 2552 1382 2587 ut
1419 2548 1555 2601 quivis
1595 2549 1826 2603 intelligere
1856 2551 1993 2605 possit

309 2729 339 2760 3.
357 2727 618 2767 inportunissimae
633 2727 671 2758 V.
688 2744 721 2748 -—
741 2727 771 2758 0.
789 2726 913 2767 vostra]
934 2731 1078 2766 paterna
1095 2727 1195 2767 Lg29.
1214 2745 1247 2749 ——
1274 2727 1326 2759 13.
1344 2727 1467 2757 nullum
1484 2727 1529 2757 V:
1556 2736 1617 2758 non
1637 2729 1694 2759 ctt.
1711 2729 1747 2760 O.
1767 2728 1814 2770 (in
1828 2730 1901 2770 foro
1917 2733 1994 2762 essct

243 2779 330 2810 ret?
354 2779 413 2818 St.)
442 2796 475 2800 ——
504 2777 555 2809 44.
582 2777 639 2818 ita]
664 2777 729 2808 ista
751 2786 803 2818 pr.
822 2778 861 2809 V.
892 2796 926 2800 —
954 2778 1005 2809 45.
1031 2787 1095 2808 non
1111 2778 1229 2809 habeat
1254 2778 1333 2808 V.—
1360 2778 1599 2816 repraehemlas
1622 2778 1658 2810 V.
1686 2797 1719 2800 —
1745 2779 1796 2818 Al]
1822 2780 1865 2811 ad
1888 2779 1927 2811 V.
1956 2797 1991 2802 -

246 2830 297 2861 46.
323 2829 425 2860 edic-to
448 2828 509 2859 dtt.
545 2827 724 2867 Vulgatam
751 2830 865 2859 tuetur
890 2829 992 2859 etiam
1019 2828 1124 2859 Prisc.
1151 2828 1189 2858 ll.
1217 2836 1250 2867 p.
1275 2827 1347 2858 457.
1377 2845 1410 2848 —
1439 2827 1489 2857 47.
1516 2828 1689 2866 qnisquam
1714 2837 1782 2860 om.
1802 2829 1829 2860 V
1855 2830 1890 2860 et
1913 2829 1990 2861 cod.

246 2880 378 2910 Monac.
404 2879 511 2910 Prisc.
548 2878 646 2908 Extat
669 2886 723 2918 ap.
750 2878 856 2909 Prisc.
885 2877 1021 2909 Kretilii.
1052 2896 1085 2900 —
1119 2878 1256 2908 inm-[uis
1278 2877 1385 2907 Prisc.
1413 2877 1443 2907 et
1470 2877 1570 2907 codd.
1597 2880 1736 2918 praeter
1759 2879 1798 2918 V,
1825 2879 1994 2919 qui'mor-

246 2931 300 2959 tuo
323 2927 440 2959 habet.
471 2946 503 2949 —
530 2927 583 2958 ⁶20.
610 2927 681 2957 iure
704 2936 774 2959 om.
799 2928 835 2958 V.
874 2929 915 2959 At
939 2928 982 2959 cf.
1010 2928 1040 2967 ἓ,
1061 2928 1133 2957 415.
1154 2928 1239 2957 extr.
1262 2945 1295 2948 —
1324 2927 1374 2957 Ἣ.
1401 2927 1592 2965 ωτι-1329.
1615 2946 1648 2949 —
1671 2929 1864 2967 prowm-um
1880 2937 1993 2968 quem-

247 2986 308 3016 que
324 2978 358 3008 L.
389 2977 431 3008 cf.
450 2976 564 3007 Baiter
587 2975 629 3006 ad
656 2977 732 3007 Asc.
760 2984 792 3016 p.
813 2976 886 3007 490.
916 2995 950 2999 —
977 2977 1029 3007 022.
1056 2977 1082 3007 si
1105 2977 1131 3007 is
1151 2976 1209 3007 int.
1231 2979 1326 3007 mort.
1352 2979 1428 3006 esset
1452 2984 1634 3016 perperam
1664 2977 1754 3009 delet
1780 2987 1860 3010 cum
1884 2978 1993 3009 Hoto-

248 3034 350 3057 mano
370 3026 406 3057 Ο.
434 3025 476 3057 cf.
503 3024 614 3056 Madv.
633 3026 694 3065 Op.
714 3026 738 3056 I.
766 3034 798 3065 p.
818 3025 879 3057 348
897 3035 949 3065 sq.
976 3026 1047 3056 Rau
1071 3026 1109 3056 11.
1136 3034 1169 3066 p.
1190 3025 1325 3057 :zi-¹24.
1348 3043 1382 3047 ——
1411 3026 1577 3057 inlcslalus
1595 3027 1620 3057 V
1634 3028 1671 3066 A,
1698 3029 1735 3058 ut
1759 3029 1796 3059 11.
1825 3029 1854 3068 ἓ.
1875 3027 1927 3059 53.
1947 3028 1993 3060 ad

249 3076 398 3107 lterenn.
425 3076 448 3106 Ι.
481 3076 511 3115 g.
538 3075 590 3106 ⁶23.
625 3084 657 3115 p.
686 3074 818 3106 Cluent.
853 3075 882 3115 ξ.
909 3076 992 3106 1165:
1029 3076 1179 3106 intestam
1209 3075 1270 3106 dit.
1309 3075 1350 3107 cs.
1385 3075 1428 3107 de
1460 3077 1528 3107 lnv.
1556 3078 1594 3107 ΙΙ.
1622 3076 1651 3117 g.
1679 3076 1751 3108 448.
1779 3077 1822 3108 de
1847 3078 1939 3108 Orat.
1966 3078 1990 3109 I.

249 3125 278 3164 g.
307 3124 379 3156 483.
408 3142 442 3147 —
468 3123 520 3155 Ἡ.
548 3124 652 3155 (licere
677 3124 714 3156 V.
741 3124 779 3155 ΙΙ.
806 3125 887 3163 ng.
913 3126 1054 3164 praeter
1076 3124 1140 3155 [ὣς
1166 3125 1279 3155 docere
1302 3125 1337 3155 O.
1361 3142 1394 3146 —
1421 3125 1472 3155 26.
1499 3125 1635 3156 hominis
1658 3125 1749 3156 aliud
1766 3126 1874 3166 Lg29:
1901 3126 1993 3157 aliud

248 3175 385 3206 hominis
408 3173 468 3205 dtt.
496 3174 532 3204 O.
562 3191 595 3195 -
622 3174 674 3204 ⁶27.
701 3174 734 3203 in
757 3174 881 3212 discipl.
907 3174 935 3205 ei
960 3174 1048 3213 Lg'29
1073 3174 1178 3205 Prisc.
1205 3175 1243 3205 ΙΙ.
1270 3183 1303 3214 p.
1331 3174 1424 3205 1152:
1451 3175 1479 3205 οἱ
1502 3175 1535 3205 in
1559 3176 1636 3206 disc.
1655 3175 1716 3206 dtt.
1736 3176 1772 3206 O.
1796 3193 1829 3197 »-
1856 3174 1907 3206 32.
1927 3183 1993 3206 esse

248 3223 394 3255 heredem
416 3224 523 3254 Prisc.
549 3220 569 3253 l.
595 3221 615 3253 l.
652 3223 693 3253 At
717 3222 759 3253 cs.
787 3224 816 3263 g.
837 3224 849 3254 st
865 3223 910 3255 14.
931 3223 1003 3254 417.
1026 3241 1059 3245 —
1087 3224 1138 3254 33.
1165 3224 1229 3255 litis
1249 3224 1468 3255 vindiciarmn
1486 3225 1587 3256 codd.
1606 3227 1644 3256 A.
1671 3225 1777 3256 Prisc.
1798 3225 1835 3255 ll.
1862 3233 1894 3264 p.
1915 3224 1988 3255 458.

248 3271 383 3304 Probus
407 3280 439 3313 p.
460 3273 531 3303 418.
558 3272 654 3303 Lind.
692 3274 727 3303 ln
755 3273 841 3313 Lg29
867 3274 946 3313 post
968 3274 1033 3304 litis
1055 3274 1213 3305 additur:
1236 3274 1310 3315 fidei
1325 3283 1435 3304 usar-cs
1452 3274 1482 3313 (i.
1503 3284 1533 3305 c.
1552 3273 1788 3312 fideiussores)
1810 3273 1988 3313 fructuum.

250 3322 352 3353 Gaius
376 3323 409 3352 in
434 3322 499 3353 hac
523 3321 669 3354 formula
694 3330 836 3362 semper
860 3322 984 3354 habet:
1014 3324 1078 3354 litis
1100 3327 1128 3355 et
1149 3324 1237 3355 vind.
1266 3341 1300 3346 -—
1334 3323 1385 3355 34.
1411 3325 1532 3363 faceret
1554 3327 1583 3356 et
1606 3324 1653 3356 ila
1676 3323 1753 3356 cod.
1781 3324 1852 3357 Urs.
1881 3323 1927 3365 (et
1948 3324 1988 3363 A,

249 3372 364 3412 recte,
390 3372 524 3413 opinor.
549 3372 654 3413 Bm.)
680 3389 715 3395 -
739 3375 886 3404 certatur
908 3372 986 3405 cod.
1012 3373 1085 3406 Urs.
1113 3390 1147 3397 -—-
1174 3373 1226 3405 36.
1245 3376 1354 3413 posset
1374 3374 1474 3414 Lgaa.
