<?xml version="1.0" encoding="UTF-8"?>
<!DOCTYPE html PUBLIC "-//W3C//DTD XHTML 1.0 Transitional//EN"
    "http://www.w3.org/TR/xhtml1/DTD/xhtml1-transitional.dtd">
<html xmlns="http://www.w3.org/1999/xhtml" xml:lang="en" lang="en">
 <head>
  <title>
</title>
<meta http-equiv="Content-Type" content="text/html;charset=utf-8" />
  <meta name='ocr-system' content='tesseract 3.04.00' />
  <meta name='ocr-capabilities' content='ocr_page ocr_carea ocr_par ocr_line ocrx_word'/>
</head>
<body>
  <div class='ocr_page' id='page_1' title='image "./p1operaquaesupersu02ciceuoft_0488.png"; bbox 0 0 2143 3713; ppageno 0'>
   <div class='ocr_carea' id='block_1_1' title="bbox 228 179 1420 222">
    <p class='ocr_par' dir='ltr' id='par_1_1' title="bbox 228 179 1420 222">
     <span class='ocr_line' id='line_1_1' title="bbox 228 179 1420 222; baseline 0.001 -1"><span class='ocrx_word' id='word_1_1' title='bbox 228 179 308 222; x_wconf 64' lang='lat'>47⁵.)</span> <span class='ocrx_word' id='word_1_2' title='bbox 745 179 942 221; x_wconf 86' lang='lat' dir='ltr'><strong>ORATIO</strong></span> <span class='ocrx_word' id='word_1_3' title='bbox 973 179 1074 220; x_wconf 92' lang='lat' dir='ltr'>PRO</span> <span class='ocrx_word' id='word_1_4' title='bbox 1106 179 1160 220; x_wconf 87' lang='lat' dir='ltr'>M.</span> <span class='ocrx_word' id='word_1_5' title='bbox 1189 180 1420 222; x_wconf 89' lang='lat' dir='ltr'>FONTEIO</span> 
     </span>
    </p>
   </div>
   <div class='ocr_carea' id='block_1_2' title="bbox 174 292 1978 2408">
    <p class='ocr_par' dir='ltr' id='par_1_2' title="bbox 174 292 1978 2408">
     <span class='ocr_line' id='line_1_2' title="bbox 226 292 1972 346; baseline 0.002 -14"><span class='ocrx_word' id='word_1_6' title='bbox 226 294 466 345; x_wconf 83' lang='lat' dir='ltr'>religionem</span> <span class='ocrx_word' id='word_1_7' title='bbox 500 292 787 345; x_wconf 78' lang='lat' dir='ltr'>coniungetis‘?</span> <span class='ocrx_word' id='word_1_8' title='bbox 832 293 882 332; x_wconf 87' lang='lat' dir='ltr'>ab</span> <span class='ocrx_word' id='word_1_9' title='bbox 921 292 986 332; x_wconf 91' lang='lat' dir='ltr'>his</span> <span class='ocrx_word' id='word_1_10' title='bbox 1026 292 1247 346; x_wconf 84' lang='lat' dir='ltr'>quicquam</span> <span class='ocrx_word' id='word_1_11' title='bbox 1288 299 1424 334; x_wconf 85' lang='lat' dir='ltr'>sancte</span> <span class='ocrx_word' id='word_1_12' title='bbox 1463 298 1532 334; x_wconf 86' lang='lat' dir='ltr'>aut</span> <span class='ocrx_word' id='word_1_13' title='bbox 1570 292 1778 333; x_wconf 89' lang='lat' dir='ltr'>moderate</span> <span class='ocrx_word' id='word_1_14' title='bbox 1817 292 1972 335; x_wconf 89' lang='lat' dir='ltr'>dietum</span> 
     </span>
     <span class='ocr_line' id='line_1_3' title="bbox 227 352 1974 408; baseline 0.001 -14"><span class='ocrx_word' id='word_1_15' title='bbox 227 355 457 408; x_wconf 75' lang='lat' dir='ltr'>putabitis?</span> <span class='ocrx_word' id='word_1_16' title='bbox 515 352 582 394; x_wconf 69' lang='lat'>32.</span> <span class='ocrx_word' id='word_1_17' title='bbox 616 352 713 408; x_wconf 57' lang='lat'>[22]</span> <span class='ocrx_word' id='word_1_18' title='bbox 755 355 844 394; x_wconf 89' lang='lat' dir='ltr'>IIoc</span> <span class='ocrx_word' id='word_1_19' title='bbox 879 360 1038 394; x_wconf 82' lang='lat' dir='ltr'>vestrae</span> <span class='ocrx_word' id='word_1_20' title='bbox 1069 360 1226 395; x_wconf 79' lang='lat' dir='ltr'><strong>mentes</strong></span> <span class='ocrx_word' id='word_1_21' title='bbox 1256 361 1337 396; x_wconf 91' lang='lat' dir='ltr'>tam</span> <span class='ocrx_word' id='word_1_22' title='bbox 1370 361 1528 402; x_wconf 82' lang='lat' dir='ltr'>castae,</span> <span class='ocrx_word' id='word_1_23' title='bbox 1569 361 1651 394; x_wconf 87' lang='lat' dir='ltr'>tam</span> <span class='ocrx_word' id='word_1_24' title='bbox 1682 355 1866 407; x_wconf 75' lang='lat' dir='ltr'>integrae</span> <span class='ocrx_word' id='word_1_25' title='bbox 1897 357 1974 396; x_wconf 90' lang='lat' dir='ltr'>sibi</span> 
     </span>
     <span class='ocr_line' id='line_1_4' title="bbox 227 415 1973 470; baseline 0.002 -15"><span class='ocrx_word' id='word_1_26' title='bbox 227 415 472 468; x_wconf 83' lang='lat' dir='ltr'>suscipient,</span> <span class='ocrx_word' id='word_1_27' title='bbox 502 421 567 464; x_wconf 91' lang='lat' dir='ltr'>ut,</span> <span class='ocrx_word' id='word_1_28' title='bbox 599 430 691 456; x_wconf 90' lang='lat' dir='ltr'>eum</span> <span class='ocrx_word' id='word_1_29' title='bbox 723 430 866 456; x_wconf 86' lang='lat' dir='ltr'>omnes</span> <span class='ocrx_word' id='word_1_30' title='bbox 896 417 1019 469; x_wconf 89' lang='lat' dir='ltr'>legati</span> <span class='ocrx_word' id='word_1_31' title='bbox 1050 417 1199 464; x_wconf 89' lang='lat' dir='ltr'>nostri,</span> <span class='ocrx_word' id='word_1_32' title='bbox 1231 418 1302 470; x_wconf 92' lang='lat' dir='ltr'>qui</span> <span class='ocrx_word' id='word_1_33' title='bbox 1333 418 1405 457; x_wconf 93' lang='lat' dir='ltr'>illo</span> <span class='ocrx_word' id='word_1_34' title='bbox 1437 418 1613 457; x_wconf 92' lang='lat' dir='ltr'>triennio</span> <span class='ocrx_word' id='word_1_35' title='bbox 1645 417 1686 455; x_wconf 94' lang='lat' dir='ltr'>in</span> <span class='ocrx_word' id='word_1_36' title='bbox 1712 416 1883 457; x_wconf 87' lang='lat' dir='ltr'>Galliam</span> <span class='ocrx_word' id='word_1_37' title='bbox 1904 432 1973 458; x_wconf 87' lang='lat' dir='ltr'>ve-</span> 
     </span>
     <span class='ocr_line' id='line_1_5' title="bbox 226 478 1973 532; baseline 0.002 -16"><span class='ocrx_word' id='word_1_38' title='bbox 226 483 397 525; x_wconf 89' lang='lat' dir='ltr'>nerunt,</span> <span class='ocrx_word' id='word_1_39' title='bbox 436 492 578 518; x_wconf 88' lang='lat' dir='ltr'>omnes</span> <span class='ocrx_word' id='word_1_40' title='bbox 618 480 778 532; x_wconf 85' lang='lat' dir='ltr'>equites</span> <span class='ocrx_word' id='word_1_41' title='bbox 813 479 1008 525; x_wconf 84' lang='lat' dir='ltr'>Romani,</span> <span class='ocrx_word' id='word_1_42' title='bbox 1051 479 1123 531; x_wconf 89' lang='lat' dir='ltr'>qni</span> <span class='ocrx_word' id='word_1_43' title='bbox 1162 479 1203 518; x_wconf 91' lang='lat' dir='ltr'>in</span> <span class='ocrx_word' id='word_1_44' title='bbox 1244 480 1313 519; x_wconf 92' lang='lat' dir='ltr'>illa</span> <span class='ocrx_word' id='word_1_45' title='bbox 1354 480 1566 532; x_wconf 79' lang='lat' dir='ltr'>provincia</span> <span class='ocrx_word' id='word_1_46' title='bbox 1603 478 1791 525; x_wconf 87' lang='lat' dir='ltr'>suerunt,</span> <span class='ocrx_word' id='word_1_47' title='bbox 1831 492 1973 519; x_wconf 91' lang='lat' dir='ltr'>omnes</span> 
     </span>
     <span class='ocr_line' id='line_1_6' title="bbox 196 539 1975 594; baseline 0.001 -16"><span class='ocrx_word' id='word_1_48' title='bbox 196 539 508 591; x_wconf 72' lang='lat' dir='ltr'>bnegotiatores</span> <span class='ocrx_word' id='word_1_49' title='bbox 547 541 636 581; x_wconf 90' lang='lat' dir='ltr'>eius</span> <span class='ocrx_word' id='word_1_50' title='bbox 676 541 936 594; x_wconf 84' lang='lat' dir='ltr'>provinciae,</span> <span class='ocrx_word' id='word_1_51' title='bbox 983 540 1164 593; x_wconf 90' lang='lat' dir='ltr'>deniqne</span> <span class='ocrx_word' id='word_1_52' title='bbox 1206 554 1348 581; x_wconf 90' lang='lat' dir='ltr'>omnes</span> <span class='ocrx_word' id='word_1_53' title='bbox 1388 542 1429 580; x_wconf 92' lang='lat' dir='ltr'>in</span> <span class='ocrx_word' id='word_1_54' title='bbox 1467 541 1599 580; x_wconf 79' lang='lat' dir='ltr'>Gallia</span> <span class='ocrx_word' id='word_1_55' title='bbox 1640 540 1710 593; x_wconf 90' lang='lat' dir='ltr'>qui</span> <span class='ocrx_word' id='word_1_56' title='bbox 1753 544 1847 579; x_wconf 90' lang='lat' dir='ltr'>sunt</span> <span class='ocrx_word' id='word_1_57' title='bbox 1877 541 1975 580; x_wconf 88' lang='lat' dir='ltr'>socii</span> 
     </span>
     <span class='ocr_line' id='line_1_7' title="bbox 226 601 1974 656; baseline 0.001 -16"><span class='ocrx_word' id='word_1_58' title='bbox 226 601 372 654; x_wconf 90' lang='lat' dir='ltr'>populi</span> <span class='ocrx_word' id='word_1_59' title='bbox 403 602 575 642; x_wconf 89' lang='lat' dir='ltr'>Romani</span> <span class='ocrx_word' id='word_1_60' title='bbox 605 609 728 656; x_wconf 85' lang='lat' dir='ltr'>atque</span> <span class='ocrx_word' id='word_1_61' title='bbox 760 603 877 642; x_wconf 86' lang='lat' dir='ltr'>amici</span> <span class='ocrx_word' id='word_1_62' title='bbox 909 604 962 642; x_wconf 88' lang='lat' dir='ltr'>M.</span> <span class='ocrx_word' id='word_1_63' title='bbox 985 603 1199 641; x_wconf 81' lang='lat' dir='ltr'>Fonteium</span> <span class='ocrx_word' id='word_1_64' title='bbox 1230 603 1475 643; x_wconf 85' lang='lat' dir='ltr'>incolumem</span> <span class='ocrx_word' id='word_1_65' title='bbox 1509 616 1597 642; x_wconf 85' lang='lat' dir='ltr'>esse</span> <span class='ocrx_word' id='word_1_66' title='bbox 1630 602 1820 654; x_wconf 84' lang='lat' dir='ltr'>cupiant,</span> <span class='ocrx_word' id='word_1_67' title='bbox 1852 602 1974 641; x_wconf 91' lang='lat' dir='ltr'>iurati</span> 
     </span>
     <span class='ocr_line' id='line_1_8' title="bbox 227 662 1974 717; baseline 0 -16"><span class='ocrx_word' id='word_1_68' title='bbox 227 663 415 715; x_wconf 88' lang='lat' dir='ltr'>privatim</span> <span class='ocrx_word' id='word_1_69' title='bbox 447 669 487 704; x_wconf 89' lang='lat' dir='ltr'>et</span> <span class='ocrx_word' id='word_1_70' title='bbox 516 665 680 717; x_wconf 90' lang='lat' dir='ltr'>publice</span> <span class='ocrx_word' id='word_1_71' title='bbox 711 665 901 710; x_wconf 89' lang='lat' dir='ltr'>laudent,</span> <span class='ocrx_word' id='word_1_72' title='bbox 932 677 1005 704; x_wconf 68' lang='lat' dir='ltr'>ros</span> <span class='ocrx_word' id='word_1_73' title='bbox 1038 670 1172 703; x_wconf 88' lang='lat' dir='ltr'>tamen</span> <span class='ocrx_word' id='word_1_74' title='bbox 1205 679 1295 705; x_wconf 83' lang='lat' dir='ltr'>cum</span> <span class='ocrx_word' id='word_1_75' title='bbox 1327 665 1452 704; x_wconf 87' lang='lat' dir='ltr'>Gallis</span> <span class='ocrx_word' id='word_1_76' title='bbox 1485 666 1616 705; x_wconf 87' lang='lat' dir='ltr'>iurare</span> <span class='ocrx_word' id='word_1_77' title='bbox 1649 663 1826 703; x_wconf 79' lang='lat' dir='ltr'>malitis?</span> <span class='ocrx_word' id='word_1_78' title='bbox 1865 662 1974 711; x_wconf 88' lang='lat' dir='ltr'>Quid</span> 
     </span>
     <span class='ocr_line' id='line_1_9' title="bbox 227 724 1974 779; baseline -0.001 -15"><span class='ocrx_word' id='word_1_79' title='bbox 227 731 272 765; x_wconf 92' lang='lat' dir='ltr'>ut</span> <span class='ocrx_word' id='word_1_80' title='bbox 302 727 433 766; x_wconf 85' lang='lat' dir='ltr'>secuti</span> <span class='ocrx_word' id='word_1_81' title='bbox 465 740 555 766; x_wconf 89' lang='lat' dir='ltr'>esse</span> <span class='ocrx_word' id='word_1_82' title='bbox 586 727 842 766; x_wconf 74' lang='lat' dir='ltr'>videamini?</span> <span class='ocrx_word' id='word_1_83' title='bbox 882 727 1198 766; x_wconf 67' lang='lat' dir='ltr'>voluntatemne</span> <span class='ocrx_word' id='word_1_84' title='bbox 1237 726 1477 767; x_wconf 71' lang='lat' dir='ltr'>hominum?</span> <span class='ocrx_word' id='word_1_85' title='bbox 1516 728 1676 779; x_wconf 72' lang='lat' dir='ltr'>gravior</span> <span class='ocrx_word' id='word_1_86' title='bbox 1705 725 1829 777; x_wconf 89' lang='lat' dir='ltr'>igitur</span> <span class='ocrx_word' id='word_1_87' title='bbox 1857 724 1974 763; x_wconf 89' lang='lat' dir='ltr'>vobis</span> 
     </span>
     <span class='ocr_line' id='line_1_10' title="bbox 227 786 1974 841; baseline -0.001 -15"><span class='ocrx_word' id='word_1_88' title='bbox 227 787 303 827; x_wconf 90' lang='lat' dir='ltr'>erit</span> <span class='ocrx_word' id='word_1_89' title='bbox 337 787 518 828; x_wconf 88' lang='lat' dir='ltr'>hostium</span> <span class='ocrx_word' id='word_1_90' title='bbox 557 789 774 834; x_wconf 89' lang='lat' dir='ltr'>voluntas,</span> <span class='ocrx_word' id='word_1_91' title='bbox 817 801 940 841; x_wconf 89' lang='lat' dir='ltr'>qnam</span> <span class='ocrx_word' id='word_1_92' title='bbox 979 789 1158 828; x_wconf 76' lang='lat' dir='ltr'>civium?</span> <span class='ocrx_word' id='word_1_93' title='bbox 1208 790 1271 828; x_wconf 82' lang='lat' dir='ltr'>An</span> <span class='ocrx_word' id='word_1_94' title='bbox 1303 789 1541 841; x_wconf 88' lang='lat' dir='ltr'>dignitatem</span> <span class='ocrx_word' id='word_1_95' title='bbox 1573 789 1764 829; x_wconf 79' lang='lat' dir='ltr'>testium?</span> <span class='ocrx_word' id='word_1_96' title='bbox 1804 786 1974 839; x_wconf 88' lang='lat' dir='ltr'>potestis</span> 
     </span>
     <span class='ocr_line' id='line_1_11' title="bbox 178 849 1975 903; baseline -0.001 -15"><span class='ocrx_word' id='word_1_97' title='bbox 178 849 349 902; x_wconf 69' lang='lat' dir='ltr'>toigitur</span> <span class='ocrx_word' id='word_1_98' title='bbox 378 850 541 902; x_wconf 85' lang='lat' dir='ltr'>ignotos</span> <span class='ocrx_word' id='word_1_99' title='bbox 572 851 701 896; x_wconf 86' lang='lat' dir='ltr'>notis,</span> <span class='ocrx_word' id='word_1_100' title='bbox 735 851 900 903; x_wconf 89' lang='lat' dir='ltr'>iniquos</span> <span class='ocrx_word' id='word_1_101' title='bbox 932 851 1100 903; x_wconf 89' lang='lat' dir='ltr'>aequis,</span> <span class='ocrx_word' id='word_1_102' title='bbox 1132 850 1385 902; x_wconf 86' lang='lat' dir='ltr'>alienigenas</span> <span class='ocrx_word' id='word_1_103' title='bbox 1409 851 1666 897; x_wconf 79' lang='lat' dir='ltr'>domesticis,</span> <span class='ocrx_word' id='word_1_104' title='bbox 1698 849 1868 902; x_wconf 85' lang='lat' dir='ltr'>cupidos</span> <span class='ocrx_word' id='word_1_105' title='bbox 1890 861 1975 887; x_wconf 90' lang='lat' dir='ltr'>mo-</span> 
     </span>
     <span class='ocr_line' id='line_1_12' title="bbox 227 910 1974 965; baseline -0.001 -15"><span class='ocrx_word' id='word_1_106' title='bbox 227 912 397 959; x_wconf 91' lang='lat' dir='ltr'>deratis,</span> <span class='ocrx_word' id='word_1_107' title='bbox 429 912 734 951; x_wconf 84' lang='lat' dir='ltr'>mercennarios</span> <span class='ocrx_word' id='word_1_108' title='bbox 765 913 970 964; x_wconf 79' lang='lat' dir='ltr'>gratuitis,</span> <span class='ocrx_word' id='word_1_109' title='bbox 1005 913 1152 965; x_wconf 91' lang='lat' dir='ltr'>impios</span> <span class='ocrx_word' id='word_1_110' title='bbox 1184 912 1407 964; x_wconf 88' lang='lat' dir='ltr'>religiosis,</span> <span class='ocrx_word' id='word_1_111' title='bbox 1439 914 1741 953; x_wconf 81' lang='lat' dir='ltr'>inimicissimos</span> <span class='ocrx_word' id='word_1_112' title='bbox 1772 911 1868 950; x_wconf 81' lang='lat' dir='ltr'>huic</span> <span class='ocrx_word' id='word_1_113' title='bbox 1899 910 1974 950; x_wconf 90' lang='lat' dir='ltr'>im-</span> 
     </span>
     <span class='ocr_line' id='line_1_13' title="bbox 226 974 1797 1027; baseline -0.001 -14"><span class='ocrx_word' id='word_1_114' title='bbox 226 974 338 1027; x_wconf 91' lang='lat' dir='ltr'>perio</span> <span class='ocrx_word' id='word_1_115' title='bbox 369 988 415 1013; x_wconf 87' lang='lat' dir='ltr'>ac</span> <span class='ocrx_word' id='word_1_116' title='bbox 444 974 599 1013; x_wconf 91' lang='lat' dir='ltr'>nomini</span> <span class='ocrx_word' id='word_1_117' title='bbox 630 974 749 1012; x_wconf 90' lang='lat' dir='ltr'>bonis</span> <span class='ocrx_word' id='word_1_118' title='bbox 780 986 827 1012; x_wconf 87' lang='lat' dir='ltr'>ae</span> <span class='ocrx_word' id='word_1_119' title='bbox 858 974 1051 1013; x_wconf 86' lang='lat' dir='ltr'>fidelibus</span> <span class='ocrx_word' id='word_1_120' title='bbox 1083 979 1123 1013; x_wconf 89' lang='lat' dir='ltr'>et</span> <span class='ocrx_word' id='word_1_121' title='bbox 1152 974 1275 1013; x_wconf 87' lang='lat' dir='ltr'>sociis</span> <span class='ocrx_word' id='word_1_122' title='bbox 1306 980 1345 1013; x_wconf 87' lang='lat' dir='ltr'>et</span> <span class='ocrx_word' id='word_1_123' title='bbox 1375 975 1530 1015; x_wconf 73' lang='lat' dir='ltr'>civibus</span> <span class='ocrx_word' id='word_1_124' title='bbox 1562 974 1797 1014; x_wconf 76' lang='lat' dir='ltr'>anteferre?</span> 
     </span>
     <span class='ocr_line' id='line_1_14' title="bbox 337 1032 1974 1090; baseline 0 -14"><span class='ocrx_word' id='word_1_125' title='bbox 337 1037 426 1075; x_wconf 89' lang='lat' dir='ltr'>XV.</span> <span class='ocrx_word' id='word_1_126' title='bbox 448 1034 514 1074; x_wconf 85' lang='lat'>33.</span> <span class='ocrx_word' id='word_1_127' title='bbox 548 1033 635 1089; x_wconf 82' lang='lat' dir='ltr'>[xl.</span> <span class='ocrx_word' id='word_1_128' title='bbox 657 1032 739 1088; x_wconf 62' lang='grc'><strong>(23.]</strong></span> <span class='ocrx_word' id='word_1_129' title='bbox 772 1036 835 1074; x_wconf 85' lang='lat' dir='ltr'>An</span> <span class='ocrx_word' id='word_1_130' title='bbox 866 1048 962 1075; x_wconf 82' lang='lat' dir='ltr'>vero</span> <span class='ocrx_word' id='word_1_131' title='bbox 995 1036 1207 1082; x_wconf 85' lang='lat' dir='ltr'>dubitatis,</span> <span class='ocrx_word' id='word_1_132' title='bbox 1239 1036 1415 1084; x_wconf 89' lang='lat' dir='ltr'>iudices,</span> <span class='ocrx_word' id='word_1_133' title='bbox 1447 1038 1545 1090; x_wconf 89' lang='lat' dir='ltr'>quin</span> <span class='ocrx_word' id='word_1_134' title='bbox 1577 1038 1717 1076; x_wconf 89' lang='lat' dir='ltr'>insitas</span> <span class='ocrx_word' id='word_1_135' title='bbox 1744 1036 1974 1076; x_wconf 84' lang='lat' dir='ltr'>inimicitias</span> 
     </span>
     <span class='ocr_line' id='line_1_15' title="bbox 226 1097 1973 1152; baseline 0 -16"><span class='ocrx_word' id='word_1_136' title='bbox 226 1097 328 1137; x_wconf 88' lang='lat' dir='ltr'>istae</span> <span class='ocrx_word' id='word_1_137' title='bbox 368 1103 511 1149; x_wconf 82' lang='lat' dir='ltr'>gentes</span> <span class='ocrx_word' id='word_1_138' title='bbox 551 1110 694 1137; x_wconf 90' lang='lat' dir='ltr'>omnes</span> <span class='ocrx_word' id='word_1_139' title='bbox 735 1103 776 1137; x_wconf 90' lang='lat' dir='ltr'>et</span> <span class='ocrx_word' id='word_1_140' title='bbox 813 1098 993 1138; x_wconf 88' lang='lat' dir='ltr'>habeant</span> <span class='ocrx_word' id='word_1_141' title='bbox 1024 1103 1063 1137; x_wconf 85' lang='lat' dir='ltr'>et</span> <span class='ocrx_word' id='word_1_142' title='bbox 1099 1103 1242 1150; x_wconf 84' lang='lat' dir='ltr'>gerant</span> <span class='ocrx_word' id='word_1_143' title='bbox 1272 1112 1361 1137; x_wconf 84' lang='lat' dir='ltr'>cum</span> <span class='ocrx_word' id='word_1_144' title='bbox 1392 1100 1537 1152; x_wconf 90' lang='lat' dir='ltr'>populi</span> <span class='ocrx_word' id='word_1_145' title='bbox 1569 1099 1742 1138; x_wconf 85' lang='lat' dir='ltr'>Romani</span> <span class='ocrx_word' id='word_1_146' title='bbox 1774 1099 1973 1138; x_wconf 70' lang='lat' dir='ltr'>nomine?</span> 
     </span>
     <span class='ocr_line' id='line_1_16' title="bbox 178 1159 1975 1213; baseline 0 -15"><span class='ocrx_word' id='word_1_147' title='bbox 178 1169 214 1198; x_wconf 69' lang='lat'>⁴5</span> <span class='ocrx_word' id='word_1_148' title='bbox 228 1159 294 1199; x_wconf 80' lang='lat' dir='ltr'>Sic</span> <span class='ocrx_word' id='word_1_149' title='bbox 327 1159 573 1199; x_wconf 77' lang='lat' dir='ltr'>existimatis</span> <span class='ocrx_word' id='word_1_150' title='bbox 605 1173 674 1200; x_wconf 89' lang='lat' dir='ltr'>eos</span> <span class='ocrx_word' id='word_1_151' title='bbox 706 1160 772 1199; x_wconf 79' lang='lat' dir='ltr'>hic</span> <span class='ocrx_word' id='word_1_152' title='bbox 804 1166 965 1212; x_wconf 86' lang='lat' dir='ltr'>sagatos</span> <span class='ocrx_word' id='word_1_153' title='bbox 995 1160 1267 1213; x_wconf 69' lang='lat' dir='ltr'>bracatosque</span> <span class='ocrx_word' id='word_1_154' title='bbox 1298 1161 1451 1200; x_wconf 78' lang='lat' dir='ltr'>versari</span> <span class='ocrx_word' id='word_1_155' title='bbox 1482 1162 1616 1200; x_wconf 88' lang='lat' dir='ltr'>animo</span> <span class='ocrx_word' id='word_1_156' title='bbox 1647 1160 1826 1199; x_wconf 88' lang='lat' dir='ltr'>demisso</span> <span class='ocrx_word' id='word_1_157' title='bbox 1852 1165 1975 1211; x_wconf 86' lang='lat' dir='ltr'>atque</span> 
     </span>
     <span class='ocr_line' id='line_1_17' title="bbox 224 1219 1976 1275; baseline 0 -15"><span class='ocrx_word' id='word_1_158' title='bbox 224 1221 395 1269; x_wconf 89' lang='lat' dir='ltr'>humili,</span> <span class='ocrx_word' id='word_1_159' title='bbox 426 1226 471 1261; x_wconf 91' lang='lat' dir='ltr'>ut</span> <span class='ocrx_word' id='word_1_160' title='bbox 501 1222 636 1261; x_wconf 89' lang='lat' dir='ltr'>solent</span> <span class='ocrx_word' id='word_1_161' title='bbox 666 1222 714 1269; x_wconf 89' lang='lat' dir='ltr'>ii,</span> <span class='ocrx_word' id='word_1_162' title='bbox 746 1223 816 1275; x_wconf 90' lang='lat' dir='ltr'>qui</span> <span class='ocrx_word' id='word_1_163' title='bbox 847 1222 980 1261; x_wconf 79' lang='lat' dir='ltr'>affecti</span> <span class='ocrx_word' id='word_1_164' title='bbox 1013 1222 1170 1262; x_wconf 88' lang='lat' dir='ltr'>iniuriis</span> <span class='ocrx_word' id='word_1_165' title='bbox 1195 1222 1245 1261; x_wconf 90' lang='lat' dir='ltr'>ad</span> <span class='ocrx_word' id='word_1_166' title='bbox 1268 1236 1390 1275; x_wconf 88' lang='lat' dir='ltr'>opem</span> <span class='ocrx_word' id='word_1_167' title='bbox 1420 1223 1601 1262; x_wconf 88' lang='lat' dir='ltr'>iudicum</span> <span class='ocrx_word' id='word_1_168' title='bbox 1634 1222 1840 1275; x_wconf 84' lang='lat' dir='ltr'>supplices</span> <span class='ocrx_word' id='word_1_169' title='bbox 1872 1219 1976 1260; x_wconf 88' lang='lat' dir='ltr'>infe-</span> 
     </span>
     <span class='ocr_line' id='line_1_18' title="bbox 227 1284 1975 1337; baseline 0.001 -15"><span class='ocrx_word' id='word_1_170' title='bbox 227 1285 441 1337; x_wconf 92' lang='lat' dir='ltr'>rioresque</span> <span class='ocrx_word' id='word_1_171' title='bbox 472 1284 747 1336; x_wconf 75' lang='lat' dir='ltr'>confugiunt?</span> <span class='ocrx_word' id='word_1_172' title='bbox 792 1284 901 1323; x_wconf 75' lang='lat' dir='ltr'>Nihil</span> <span class='ocrx_word' id='word_1_173' title='bbox 932 1297 1030 1324; x_wconf 77' lang='lat' dir='ltr'>vero</span> <span class='ocrx_word' id='word_1_174' title='bbox 1062 1285 1209 1324; x_wconf 89' lang='lat' dir='ltr'>minus.</span> <span class='ocrx_word' id='word_1_175' title='bbox 1262 1285 1295 1324; x_wconf 93' lang='lat' dir='ltr'>Ii</span> <span class='ocrx_word' id='word_1_176' title='bbox 1327 1291 1467 1324; x_wconf 82' lang='lat' dir='ltr'>contra</span> <span class='ocrx_word' id='word_1_177' title='bbox 1500 1291 1695 1337; x_wconf 66' lang='lat' dir='ltr'>vagantur</span> <span class='ocrx_word' id='word_1_178' title='bbox 1725 1284 1819 1323; x_wconf 92' lang='lat' dir='ltr'>laeti</span> <span class='ocrx_word' id='word_1_179' title='bbox 1851 1288 1975 1336; x_wconf 87' lang='lat' dir='ltr'>atque</span> 
     </span>
     <span class='ocr_line' id='line_1_19' title="bbox 227 1345 1976 1400; baseline -0.001 -15"><span class='ocrx_word' id='word_1_180' title='bbox 227 1346 350 1385; x_wconf 86' lang='lat' dir='ltr'>erecti</span> <span class='ocrx_word' id='word_1_181' title='bbox 381 1346 536 1398; x_wconf 89' lang='lat' dir='ltr'>passim</span> <span class='ocrx_word' id='word_1_182' title='bbox 566 1352 650 1386; x_wconf 90' lang='lat' dir='ltr'>toto</span> <span class='ocrx_word' id='word_1_183' title='bbox 681 1347 791 1393; x_wconf 86' lang='lat' dir='ltr'>foro,</span> <span class='ocrx_word' id='word_1_184' title='bbox 827 1360 918 1387; x_wconf 85' lang='lat' dir='ltr'>oum</span> <span class='ocrx_word' id='word_1_185' title='bbox 951 1347 1199 1400; x_wconf 86' lang='lat' dir='ltr'>quibusdam</span> <span class='ocrx_word' id='word_1_186' title='bbox 1232 1348 1350 1386; x_wconf 91' lang='lat' dir='ltr'>minis</span> <span class='ocrx_word' id='word_1_187' title='bbox 1382 1353 1421 1386; x_wconf 88' lang='lat' dir='ltr'>et</span> <span class='ocrx_word' id='word_1_188' title='bbox 1449 1348 1622 1387; x_wconf 87' lang='lat' dir='ltr'>barbaro</span> <span class='ocrx_word' id='word_1_189' title='bbox 1655 1353 1779 1400; x_wconf 88' lang='lat' dir='ltr'>atque</span> <span class='ocrx_word' id='word_1_190' title='bbox 1809 1345 1976 1385; x_wconf 90' lang='lat' dir='ltr'>immani</span> 
     </span>
     <span class='ocr_line' id='line_1_20' title="bbox 226 1408 1976 1462; baseline 0 -15"><span class='ocrx_word' id='word_1_191' title='bbox 226 1413 381 1448; x_wconf 91' lang='lat' dir='ltr'>terrore</span> <span class='ocrx_word' id='word_1_192' title='bbox 412 1409 654 1449; x_wconf 79' lang='lat' dir='ltr'>verborum:</span> <span class='ocrx_word' id='word_1_193' title='bbox 687 1408 799 1462; x_wconf 91' lang='lat' dir='ltr'>qnod</span> <span class='ocrx_word' id='word_1_194' title='bbox 831 1422 906 1461; x_wconf 86' lang='lat' dir='ltr'>ego</span> <span class='ocrx_word' id='word_1_195' title='bbox 936 1408 1121 1461; x_wconf 86' lang='lat' dir='ltr'>profecto</span> <span class='ocrx_word' id='word_1_196' title='bbox 1153 1422 1236 1448; x_wconf 90' lang='lat' dir='ltr'>non</span> <span class='ocrx_word' id='word_1_197' title='bbox 1267 1409 1500 1456; x_wconf 84' lang='lat' dir='ltr'>crederem,</span> <span class='ocrx_word' id='word_1_198' title='bbox 1532 1410 1611 1448; x_wconf 86' lang='lat' dir='ltr'>nisi</span> <span class='ocrx_word' id='word_1_199' title='bbox 1641 1409 1892 1462; x_wconf 82' lang='lat' dir='ltr'>aliquotiens</span> <span class='ocrx_word' id='word_1_200' title='bbox 1924 1422 1976 1447; x_wconf 81' lang='lat' dir='ltr'>ex</span> 
     </span>
     <span class='ocr_line' id='line_1_21' title="bbox 176 1471 1977 1523; baseline 0.001 -15"><span class='ocrx_word' id='word_1_201' title='bbox 176 1471 326 1523; x_wconf 76' lang='lat' dir='ltr'>‘20ipsis</span> <span class='ocrx_word' id='word_1_202' title='bbox 358 1471 664 1510; x_wconf 84' lang='lat' dir='ltr'>accusatoribus</span> <span class='ocrx_word' id='word_1_203' title='bbox 696 1471 906 1511; x_wconf 61' lang='lat' dir='ltr'>vobiscum</span> <span class='ocrx_word' id='word_1_204' title='bbox 939 1471 1080 1517; x_wconf 84' lang='lat' dir='ltr'>simul,</span> <span class='ocrx_word' id='word_1_205' title='bbox 1111 1471 1285 1518; x_wconf 85' lang='lat' dir='ltr'>indices,</span> <span class='ocrx_word' id='word_1_206' title='bbox 1327 1471 1531 1511; x_wconf 82' lang='lat' dir='ltr'>audissem</span> <span class='ocrx_word' id='word_1_207' title='bbox 1565 1486 1656 1511; x_wconf 90' lang='lat' dir='ltr'>cum</span> <span class='ocrx_word' id='word_1_208' title='bbox 1688 1471 1977 1523; x_wconf 71' lang='lat' dir='ltr'>praeciperent</span> 
     </span>
     <span class='ocr_line' id='line_1_22' title="bbox 224 1533 1975 1585; baseline 0 -14"><span class='ocrx_word' id='word_1_209' title='bbox 224 1537 271 1571; x_wconf 88' lang='lat' dir='ltr'>ut</span> <span class='ocrx_word' id='word_1_210' title='bbox 291 1533 509 1579; x_wconf 76' lang='lat' dir='ltr'>caveretis,</span> <span class='ocrx_word' id='word_1_211' title='bbox 538 1546 591 1572; x_wconf 84' lang='lat' dir='ltr'>ne</span> <span class='ocrx_word' id='word_1_212' title='bbox 614 1533 692 1572; x_wconf 83' lang='lat' dir='ltr'>hoc</span> <span class='ocrx_word' id='word_1_213' title='bbox 714 1533 903 1571; x_wconf 88' lang='lat' dir='ltr'>absoluto</span> <span class='ocrx_word' id='word_1_214' title='bbox 926 1547 1078 1572; x_wconf 63' lang='lat' dir='ltr'>novum</span> <span class='ocrx_word' id='word_1_215' title='bbox 1100 1533 1267 1585; x_wconf 85' lang='lat' dir='ltr'>aliquod</span> <span class='ocrx_word' id='word_1_216' title='bbox 1289 1534 1441 1572; x_wconf 89' lang='lat' dir='ltr'>bellum</span> <span class='ocrx_word' id='word_1_217' title='bbox 1465 1533 1664 1572; x_wconf 85' lang='lat' dir='ltr'>Gallicum</span> <span class='ocrx_word' id='word_1_218' title='bbox 1690 1534 1975 1573; x_wconf 81' lang='lat' dir='ltr'>concitaretur.</span> 
     </span>
     <span class='ocr_line' id='line_1_23' title="bbox 225 1591 1976 1647; baseline 0.001 -14"><span class='ocrx_word' id='word_1_219' title='bbox 225 1591 291 1633; x_wconf 67' lang='grc'>34».</span> <span class='ocrx_word' id='word_1_220' title='bbox 327 1591 424 1647; x_wconf 55' lang='lat'>[¹24]</span> <span class='ocrx_word' id='word_1_221' title='bbox 460 1595 501 1633; x_wconf 90' lang='lat' dir='ltr'>Si</span> <span class='ocrx_word' id='word_1_222' title='bbox 528 1596 581 1634; x_wconf 89' lang='lat' dir='ltr'>M.</span> <span class='ocrx_word' id='word_1_223' title='bbox 613 1596 852 1641; x_wconf 86' lang='lat' dir='ltr'>Fonteium,</span> <span class='ocrx_word' id='word_1_224' title='bbox 894 1595 1070 1641; x_wconf 85' lang='lat' dir='ltr'>iudices,</span> <span class='ocrx_word' id='word_1_225' title='bbox 1111 1595 1151 1633; x_wconf 86' lang='lat' dir='ltr'>in</span> <span class='ocrx_word' id='word_1_226' title='bbox 1193 1609 1313 1634; x_wconf 86' lang='lat' dir='ltr'>eausa</span> <span class='ocrx_word' id='word_1_227' title='bbox 1345 1594 1567 1634; x_wconf 85' lang='lat' dir='ltr'>delicerent</span> <span class='ocrx_word' id='word_1_228' title='bbox 1597 1595 1753 1634; x_wconf 89' lang='lat' dir='ltr'>omnia:</span> <span class='ocrx_word' id='word_1_229' title='bbox 1796 1595 1828 1634; x_wconf 90' lang='lat' dir='ltr'>si</span> <span class='ocrx_word' id='word_1_230' title='bbox 1869 1596 1976 1647; x_wconf 84' lang='lat' dir='ltr'>turpi</span> 
     </span>
     <span class='ocr_line' id='line_1_24' title="bbox 226 1656 1975 1710; baseline 0 -14"><span class='ocrx_word' id='word_1_231' title='bbox 226 1656 526 1704; x_wconf 84' lang='lat' dir='ltr'>adolescentia,</span> <span class='ocrx_word' id='word_1_232' title='bbox 558 1658 639 1698; x_wconf 69' lang='lat' dir='ltr'>vita</span> <span class='ocrx_word' id='word_1_233' title='bbox 671 1657 835 1703; x_wconf 82' lang='lat' dir='ltr'>infami,</span> <span class='ocrx_word' id='word_1_234' title='bbox 867 1657 1191 1707; x_wconf 82' lang='lat' dir='ltr'>magistratilms,</span> <span class='ocrx_word' id='word_1_235' title='bbox 1225 1670 1329 1710; x_wconf 88' lang='lat' dir='ltr'>quos</span> <span class='ocrx_word' id='word_1_236' title='bbox 1361 1663 1455 1696; x_wconf 87' lang='lat' dir='ltr'>ante</span> <span class='ocrx_word' id='word_1_237' title='bbox 1486 1657 1625 1696; x_wconf 87' lang='lat' dir='ltr'>oeulos</span> <span class='ocrx_word' id='word_1_238' title='bbox 1648 1663 1803 1696; x_wconf 75' lang='lat' dir='ltr'>vestros</span> <span class='ocrx_word' id='word_1_239' title='bbox 1837 1657 1975 1709; x_wconf 80' lang='lat' dir='ltr'>gessit,</span> 
     </span>
     <span class='ocr_line' id='line_1_25' title="bbox 225 1719 1976 1771; baseline -0.002 -11"><span class='ocrx_word' id='word_1_240' title='bbox 225 1720 424 1760; x_wconf 78' lang='lat' dir='ltr'>convictis</span> <span class='ocrx_word' id='word_1_241' title='bbox 455 1720 633 1759; x_wconf 78' lang='lat' dir='ltr'>virorum</span> <span class='ocrx_word' id='word_1_242' title='bbox 665 1720 867 1759; x_wconf 86' lang='lat' dir='ltr'>bonorum</span> <span class='ocrx_word' id='word_1_243' title='bbox 898 1719 1164 1766; x_wconf 81' lang='lat' dir='ltr'>testimoniis,</span> <span class='ocrx_word' id='word_1_244' title='bbox 1204 1719 1477 1771; x_wconf 81' lang='lat' dir='ltr'>legationibus</span> <span class='ocrx_word' id='word_1_245' title='bbox 1510 1719 1710 1770; x_wconf 80' lang='lat' dir='ltr'>flagitiose</span> <span class='ocrx_word' id='word_1_246' title='bbox 1742 1720 1884 1766; x_wconf 85' lang='lat' dir='ltr'>obitis,</span> <span class='ocrx_word' id='word_1_247' title='bbox 1916 1720 1976 1758; x_wconf 86' lang='lat' dir='ltr'>in-</span> 
     </span>
     <span class='ocr_line' id='line_1_26' title="bbox 176 1781 1974 1829; baseline -0.001 -8"><span class='ocrx_word' id='word_1_248' title='bbox 176 1782 339 1821; x_wconf 66' lang='lat' dir='ltr'>‘25visus</span> <span class='ocrx_word' id='word_1_249' title='bbox 379 1783 462 1822; x_wconf 92' lang='lat' dir='ltr'>suis</span> <span class='ocrx_word' id='word_1_250' title='bbox 499 1783 689 1821; x_wconf 90' lang='lat' dir='ltr'>omnibus</span> <span class='ocrx_word' id='word_1_251' title='bbox 729 1783 771 1821; x_wconf 90' lang='lat' dir='ltr'>in</span> <span class='ocrx_word' id='word_1_252' title='bbox 808 1781 1008 1820; x_wconf 82' lang='lat' dir='ltr'>iudicium</span> <span class='ocrx_word' id='word_1_253' title='bbox 1047 1787 1288 1829; x_wconf 80' lang='lat' dir='ltr'>voearetur;</span> <span class='ocrx_word' id='word_1_254' title='bbox 1328 1781 1361 1819; x_wconf 92' lang='lat' dir='ltr'>si</span> <span class='ocrx_word' id='word_1_255' title='bbox 1402 1781 1442 1819; x_wconf 94' lang='lat' dir='ltr'>in</span> <span class='ocrx_word' id='word_1_256' title='bbox 1475 1794 1523 1820; x_wconf 84' lang='lat' dir='ltr'>eo</span> <span class='ocrx_word' id='word_1_257' title='bbox 1555 1781 1706 1819; x_wconf 83' lang='lat' dir='ltr'>iudicio</span> <span class='ocrx_word' id='word_1_258' title='bbox 1738 1782 1974 1821; x_wconf 87' lang='lat' dir='ltr'>colonorum</span> 
     </span>
     <span class='ocr_line' id='line_1_27' title="bbox 224 1843 1976 1897; baseline -0.001 -13"><span class='ocrx_word' id='word_1_259' title='bbox 224 1844 365 1897; x_wconf 91' lang='lat' dir='ltr'>populi</span> <span class='ocrx_word' id='word_1_260' title='bbox 410 1845 581 1883; x_wconf 80' lang='lat' dir='ltr'>Romani</span> <span class='ocrx_word' id='word_1_261' title='bbox 619 1844 972 1891; x_wconf 85' lang='lat' dir='ltr'>Narbonensium,</span> <span class='ocrx_word' id='word_1_262' title='bbox 1017 1844 1352 1883; x_wconf 84' lang='lat' dir='ltr'>fidelissimorum</span> <span class='ocrx_word' id='word_1_263' title='bbox 1395 1844 1601 1883; x_wconf 86' lang='lat' dir='ltr'>sociorum</span> <span class='ocrx_word' id='word_1_264' title='bbox 1646 1843 1976 1890; x_wconf 84' lang='lat' dir='ltr'>Massiliensium,</span> 
     </span>
     <span class='ocr_line' id='line_1_28' title="bbox 225 1905 1977 1959; baseline -0.001 -14"><span class='ocrx_word' id='word_1_265' title='bbox 225 1906 376 1945; x_wconf 80' lang='lat' dir='ltr'>civium</span> <span class='ocrx_word' id='word_1_266' title='bbox 418 1908 695 1946; x_wconf 82' lang='lat' dir='ltr'>Romanorum</span> <span class='ocrx_word' id='word_1_267' title='bbox 738 1907 920 1946; x_wconf 87' lang='lat' dir='ltr'>omnium</span> <span class='ocrx_word' id='word_1_268' title='bbox 959 1905 1204 1946; x_wconf 84' lang='lat' dir='ltr'>testimoniis</span> <span class='ocrx_word' id='word_1_269' title='bbox 1244 1906 1476 1959; x_wconf 88' lang='lat' dir='ltr'>tabulisque</span> <span class='ocrx_word' id='word_1_270' title='bbox 1517 1912 1798 1958; x_wconf 86' lang='lat' dir='ltr'>premeretur:</span> <span class='ocrx_word' id='word_1_271' title='bbox 1840 1911 1977 1945; x_wconf 88' lang='lat' dir='ltr'>tamen</span> 
     </span>
     <span class='ocr_line' id='line_1_29' title="bbox 225 1968 1977 2021; baseline 0 -14"><span class='ocrx_word' id='word_1_272' title='bbox 225 1973 335 2007; x_wconf 87' lang='lat' dir='ltr'>esset</span> <span class='ocrx_word' id='word_1_273' title='bbox 371 1968 486 2008; x_wconf 89' lang='lat' dir='ltr'>vobis</span> <span class='ocrx_word' id='word_1_274' title='bbox 532 1982 679 2021; x_wconf 86' lang='lat' dir='ltr'>magno</span> <span class='ocrx_word' id='word_1_275' title='bbox 719 1982 843 2021; x_wconf 86' lang='lat' dir='ltr'>opere</span> <span class='ocrx_word' id='word_1_276' title='bbox 886 1969 1188 2021; x_wconf 84' lang='lat' dir='ltr'>providendum</span> <span class='ocrx_word' id='word_1_277' title='bbox 1228 1982 1301 2015; x_wconf 92' lang='lat' dir='ltr'>ne,</span> <span class='ocrx_word' id='word_1_278' title='bbox 1346 1983 1451 2021; x_wconf 87' lang='lat' dir='ltr'>quos</span> <span class='ocrx_word' id='word_1_279' title='bbox 1491 1970 1545 2008; x_wconf 88' lang='lat' dir='ltr'>ita</span> <span class='ocrx_word' id='word_1_280' title='bbox 1576 1968 1748 2008; x_wconf 86' lang='lat' dir='ltr'>aftlietos</span> <span class='ocrx_word' id='word_1_281' title='bbox 1779 1981 1803 2008; x_wconf 86' lang='lat' dir='ltr'>a</span> <span class='ocrx_word' id='word_1_282' title='bbox 1831 1968 1977 2008; x_wconf 73' lang='lat' dir='ltr'>vestris</span> 
     </span>
     <span class='ocr_line' id='line_1_30' title="bbox 223 2030 1976 2084; baseline 0.001 -15"><span class='ocrx_word' id='word_1_283' title='bbox 223 2031 407 2082; x_wconf 88' lang='lat' dir='ltr'>patribus</span> <span class='ocrx_word' id='word_1_284' title='bbox 429 2031 737 2084; x_wconf 82' lang='lat' dir='ltr'>maioribusque</span> <span class='ocrx_word' id='word_1_285' title='bbox 759 2031 1044 2083; x_wconf 77' lang='lat' dir='ltr'>accepissetis,</span> <span class='ocrx_word' id='word_1_286' title='bbox 1067 2037 1109 2070; x_wconf 91' lang='lat' dir='ltr'>nt</span> <span class='ocrx_word' id='word_1_287' title='bbox 1132 2031 1424 2069; x_wconf 87' lang='lat' dir='ltr'>contemnendi</span> <span class='ocrx_word' id='word_1_288' title='bbox 1447 2037 1598 2077; x_wconf 80' lang='lat' dir='ltr'>essent,</span> <span class='ocrx_word' id='word_1_289' title='bbox 1621 2044 1691 2069; x_wconf 90' lang='lat' dir='ltr'>eos</span> <span class='ocrx_word' id='word_1_290' title='bbox 1713 2030 1976 2084; x_wconf 84' lang='lat' dir='ltr'>pertimuisse</span> 
     </span>
     <span class='ocr_line' id='line_1_31' title="bbox 174 2091 1975 2147; baseline 0 -15"><span class='ocrx_word' id='word_1_291' title='bbox 174 2104 210 2132; x_wconf 84' lang='lat'>30</span> <span class='ocrx_word' id='word_1_292' title='bbox 225 2098 264 2131; x_wconf 88' lang='lat' dir='ltr'>et</span> <span class='ocrx_word' id='word_1_293' title='bbox 295 2106 436 2132; x_wconf 89' lang='lat' dir='ltr'>eorum</span> <span class='ocrx_word' id='word_1_294' title='bbox 470 2094 593 2132; x_wconf 89' lang='lat' dir='ltr'>minis</span> <span class='ocrx_word' id='word_1_295' title='bbox 626 2097 666 2132; x_wconf 87' lang='lat' dir='ltr'>et</span> <span class='ocrx_word' id='word_1_296' title='bbox 695 2099 849 2132; x_wconf 86' lang='lat' dir='ltr'>terrore</span> <span class='ocrx_word' id='word_1_297' title='bbox 882 2094 1072 2132; x_wconf 85' lang='lat' dir='ltr'>commoti</span> <span class='ocrx_word' id='word_1_298' title='bbox 1105 2108 1194 2132; x_wconf 85' lang='lat' dir='ltr'>esse</span> <span class='ocrx_word' id='word_1_299' title='bbox 1216 2093 1474 2133; x_wconf 64' lang='lat' dir='ltr'>videremini.</span> <span class='ocrx_word' id='word_1_300' title='bbox 1515 2093 1580 2133; x_wconf 71' lang='lat'>:3:5.</span> <span class='ocrx_word' id='word_1_301' title='bbox 1607 2091 1702 2147; x_wconf 49' lang='lat'>[252]</span> <span class='ocrx_word' id='word_1_302' title='bbox 1728 2095 1844 2133; x_wconf 78' lang='lat' dir='ltr'>Nune</span> <span class='ocrx_word' id='word_1_303' title='bbox 1865 2106 1975 2140; x_wconf 70' lang='lat' dir='ltr'>vero,</span> 
     </span>
     <span class='ocr_line' id='line_1_32' title="bbox 225 2154 1978 2209; baseline -0.001 -16"><span class='ocrx_word' id='word_1_304' title='bbox 225 2167 316 2193; x_wconf 86' lang='lat' dir='ltr'>cum</span> <span class='ocrx_word' id='word_1_305' title='bbox 358 2154 493 2194; x_wconf 86' lang='lat' dir='ltr'>laedat</span> <span class='ocrx_word' id='word_1_306' title='bbox 529 2168 650 2194; x_wconf 91' lang='lat' dir='ltr'>nemo</span> <span class='ocrx_word' id='word_1_307' title='bbox 689 2155 845 2201; x_wconf 87' lang='lat' dir='ltr'>bonus,</span> <span class='ocrx_word' id='word_1_308' title='bbox 888 2154 1056 2195; x_wconf 85' lang='lat' dir='ltr'>laudent</span> <span class='ocrx_word' id='word_1_309' title='bbox 1095 2170 1238 2195; x_wconf 90' lang='lat' dir='ltr'>omnes</span> <span class='ocrx_word' id='word_1_310' title='bbox 1277 2157 1401 2195; x_wconf 72' lang='lat' dir='ltr'>vestri</span> <span class='ocrx_word' id='word_1_311' title='bbox 1441 2156 1551 2196; x_wconf 80' lang='lat' dir='ltr'>cives</span> <span class='ocrx_word' id='word_1_312' title='bbox 1583 2162 1705 2209; x_wconf 91' lang='lat' dir='ltr'>atque</span> <span class='ocrx_word' id='word_1_313' title='bbox 1737 2155 1855 2202; x_wconf 84' lang='lat' dir='ltr'>Socii3</span> <span class='ocrx_word' id='word_1_314' title='bbox 1905 2167 1978 2208; x_wconf 88' lang='lat' dir='ltr'>op-</span> 
     </span>
     <span class='ocr_line' id='line_1_33' title="bbox 224 2217 1975 2272; baseline 0.001 -17"><span class='ocrx_word' id='word_1_315' title='bbox 224 2222 410 2269; x_wconf 87' lang='lat' dir='ltr'>pugnent</span> <span class='ocrx_word' id='word_1_316' title='bbox 448 2217 498 2263; x_wconf 89' lang='lat' dir='ltr'>ii,</span> <span class='ocrx_word' id='word_1_317' title='bbox 539 2217 610 2269; x_wconf 89' lang='lat' dir='ltr'>qui</span> <span class='ocrx_word' id='word_1_318' title='bbox 652 2217 892 2269; x_wconf 84' lang='lat' dir='ltr'>saepissime</span> <span class='ocrx_word' id='word_1_319' title='bbox 933 2219 1037 2257; x_wconf 73' lang='lat' dir='ltr'>lianc,</span> <span class='ocrx_word' id='word_1_320' title='bbox 1067 2218 1209 2257; x_wconf 91' lang='lat' dir='ltr'>urbem</span> <span class='ocrx_word' id='word_1_321' title='bbox 1242 2224 1281 2257; x_wconf 90' lang='lat' dir='ltr'>et</span> <span class='ocrx_word' id='word_1_322' title='bbox 1311 2218 1387 2257; x_wconf 80' lang='lat' dir='ltr'>hoc</span> <span class='ocrx_word' id='word_1_323' title='bbox 1420 2220 1633 2272; x_wconf 87' lang='lat' dir='ltr'>imperinm</span> <span class='ocrx_word' id='word_1_324' title='bbox 1665 2223 1975 2271; x_wconf 82' lang='lat' dir='ltr'>oppugnarunt3</span> 
     </span>
     <span class='ocr_line' id='line_1_34' title="bbox 226 2279 1975 2332; baseline 0.002 -16"><span class='ocrx_word' id='word_1_325' title='bbox 226 2291 404 2330; x_wconf 86' lang='lat' dir='ltr'>cumque</span> <span class='ocrx_word' id='word_1_326' title='bbox 442 2279 594 2318; x_wconf 85' lang='lat' dir='ltr'>inimici</span> <span class='ocrx_word' id='word_1_327' title='bbox 626 2280 678 2318; x_wconf 88' lang='lat' dir='ltr'>M.</span> <span class='ocrx_word' id='word_1_328' title='bbox 710 2280 852 2319; x_wconf 78' lang='lat' dir='ltr'>Fontei</span> <span class='ocrx_word' id='word_1_329' title='bbox 884 2280 1000 2319; x_wconf 75' lang='lat' dir='ltr'>vobis</span> <span class='ocrx_word' id='word_1_330' title='bbox 1036 2294 1081 2319; x_wconf 83' lang='lat' dir='ltr'>ae</span> <span class='ocrx_word' id='word_1_331' title='bbox 1114 2280 1266 2332; x_wconf 88' lang='lat' dir='ltr'>populo</span> <span class='ocrx_word' id='word_1_332' title='bbox 1298 2281 1482 2319; x_wconf 87' lang='lat' dir='ltr'>Romano</span> <span class='ocrx_word' id='word_1_333' title='bbox 1514 2281 1744 2326; x_wconf 90' lang='lat' dir='ltr'>minentur,</span> <span class='ocrx_word' id='word_1_334' title='bbox 1779 2279 1898 2319; x_wconf 84' lang='lat' dir='ltr'>amic-i</span> <span class='ocrx_word' id='word_1_335' title='bbox 1929 2292 1975 2320; x_wconf 85' lang='lat' dir='ltr'>ac</span> 
     </span>
     <span class='ocr_line' id='line_1_35' title="bbox 226 2340 1976 2408; baseline 0.002 -30"><span class='ocrx_word' id='word_1_336' title='bbox 226 2340 450 2392; x_wconf 88' lang='lat' dir='ltr'>propinqui</span> <span class='ocrx_word' id='word_1_337' title='bbox 492 2340 727 2394; x_wconf 84' lang='lat' dir='ltr'>supplicent</span> <span class='ocrx_word' id='word_1_338' title='bbox 762 2342 906 2381; x_wconf 67' lang='lat' dir='ltr'>xobis:</span> <span class='ocrx_word' id='word_1_339' title='bbox 951 2342 1193 2408; x_wconf 55' lang='lat' dir='ltr'>dubitabitis</span> <span class='ocrx_word' id='word_1_340' title='bbox 1231 2356 1312 2381; x_wconf 92' lang='lat' dir='ltr'>non</span> <span class='ocrx_word' id='word_1_341' title='bbox 1353 2342 1474 2382; x_wconf 89' lang='lat' dir='ltr'>modo</span> <span class='ocrx_word' id='word_1_342' title='bbox 1505 2343 1649 2383; x_wconf 73' lang='lat' dir='ltr'>vestris</span> <span class='ocrx_word' id='word_1_343' title='bbox 1681 2342 1859 2390; x_wconf 75' lang='lat' dir='ltr'>civibus,</span> <span class='ocrx_word' id='word_1_344' title='bbox 1905 2343 1976 2396; x_wconf 92' lang='lat' dir='ltr'>qui</span> 
     </span>
    </p>
   </div>
   <div class='ocr_carea' id='block_1_3' title="bbox 224 2556 1976 3328">
    <p class='ocr_par' dir='ltr' id='par_1_3' title="bbox 225 2556 1976 2898">
     <span class='ocr_line' id='line_1_36' title="bbox 314 2556 1973 2600; baseline 0.003 -13"><span class='ocrx_word' id='word_1_345' title='bbox 314 2557 342 2587; x_wconf 73' lang='lat' dir='ltr'>l.</span> <span class='ocrx_word' id='word_1_346' title='bbox 370 2556 410 2587; x_wconf 79' lang='lat' dir='ltr'>ab</span> <span class='ocrx_word' id='word_1_347' title='bbox 433 2557 490 2598; x_wconf 76' lang='lat' dir='ltr'>his]</span> <span class='ocrx_word' id='word_1_348' title='bbox 517 2556 558 2587; x_wconf 81' lang='lat' dir='ltr'>ab</span> <span class='ocrx_word' id='word_1_349' title='bbox 582 2557 620 2593; x_wconf 75' lang='lat' dir='ltr'>V,</span> <span class='ocrx_word' id='word_1_350' title='bbox 646 2560 702 2587; x_wconf 79' lang='lat' dir='ltr'>aut</span> <span class='ocrx_word' id='word_1_351' title='bbox 727 2558 746 2588; x_wconf 86' lang='lat' dir='ltr'>S</span> <span class='ocrx_word' id='word_1_352' title='bbox 774 2558 853 2596; x_wconf 87' lang='lat' dir='ltr'>(om.</span> <span class='ocrx_word' id='word_1_353' title='bbox 879 2558 948 2596; x_wconf 56' lang='lat' dir='ltr'>his).</span> <span class='ocrx_word' id='word_1_354' title='bbox 981 2577 1013 2580; x_wconf 34' lang='grc' dir='ltr'><em>ψ</em></span> <span class='ocrx_word' id='word_1_355' title='bbox 1048 2562 1158 2589; x_wconf 61' lang='lat' dir='ltr'>ssim-le</span> <span class='ocrx_word' id='word_1_356' title='bbox 1181 2562 1237 2589; x_wconf 81' lang='lat' dir='ltr'>aul</span> <span class='ocrx_word' id='word_1_357' title='bbox 1269 2560 1432 2590; x_wconf 63' lang='lat' dir='ltr'>moder-ule</span> <span class='ocrx_word' id='word_1_358' title='bbox 1456 2560 1491 2589; x_wconf 93' lang='lat' dir='ltr'>S.</span> <span class='ocrx_word' id='word_1_359' title='bbox 1523 2560 1711 2590; x_wconf 64' lang='lat' dir='ltr'>satu-lusani</span> <span class='ocrx_word' id='word_1_360' title='bbox 1738 2560 1911 2591; x_wconf 73' lang='lat' dir='ltr'>moderata</span> <span class='ocrx_word' id='word_1_361' title='bbox 1934 2561 1973 2600; x_wconf 85' lang='lat' dir='ltr'>V,</span> 
     </span>
     <span class='ocr_line' id='line_1_37' title="bbox 227 2606 1973 2648; baseline 0.003 -12"><span class='ocrx_word' id='word_1_362' title='bbox 227 2606 320 2646; x_wconf 81' lang='lat' dir='ltr'>quod</span> <span class='ocrx_word' id='word_1_363' title='bbox 345 2616 456 2646; x_wconf 81' lang='lat' dir='ltr'>aeque</span> <span class='ocrx_word' id='word_1_364' title='bbox 483 2609 578 2638; x_wconf 81' lang='lat' dir='ltr'>reete</span> <span class='ocrx_word' id='word_1_365' title='bbox 605 2607 646 2637; x_wconf 82' lang='lat' dir='ltr'>ita</span> <span class='ocrx_word' id='word_1_366' title='bbox 673 2608 846 2645; x_wconf 69' lang='lat' dir='ltr'>corrigere</span> <span class='ocrx_word' id='word_1_367' title='bbox 871 2609 999 2648; x_wconf 79' lang='lat' dir='ltr'>possis:</span> <span class='ocrx_word' id='word_1_368' title='bbox 1037 2609 1141 2639; x_wconf 63' lang='lat' dir='ltr'>min-(27</span> <span class='ocrx_word' id='word_1_369' title='bbox 1165 2612 1221 2639; x_wconf 75' lang='lat' dir='ltr'>au!</span> <span class='ocrx_word' id='word_1_370' title='bbox 1244 2609 1415 2639; x_wconf 49' lang='grc' dir='ltr'>Ἰηιωιίυναβὶ.</span> <span class='ocrx_word' id='word_1_371' title='bbox 1445 2627 1478 2630; x_wconf 90' lang='grc'>-</span> <span class='ocrx_word' id='word_1_372' title='bbox 1506 2608 1536 2639; x_wconf 58' lang='lat' dir='ltr'>l».</span> <span class='ocrx_word' id='word_1_373' title='bbox 1564 2618 1670 2639; x_wconf 76' lang='lat' dir='ltr'>omnes</span> <span class='ocrx_word' id='word_1_374' title='bbox 1695 2610 1848 2648; x_wconf 75' lang='lat' dir='ltr'>inequiles</span> <span class='ocrx_word' id='word_1_375' title='bbox 1870 2611 1909 2642; x_wconf 75' lang='lat' dir='ltr'>V.</span> <span class='ocrx_word' id='word_1_376' title='bbox 1938 2629 1973 2634; x_wconf 88' lang='lat'>—-</span> 
     </span>
     <span class='ocr_line' id='line_1_38' title="bbox 225 2656 1976 2698; baseline 0.003 -12"><span class='ocrx_word' id='word_1_377' title='bbox 225 2657 255 2686; x_wconf 76' lang='lat'>7.</span> <span class='ocrx_word' id='word_1_378' title='bbox 283 2659 390 2686; x_wconf 76' lang='lat' dir='ltr'>lamen</span> <span class='ocrx_word' id='word_1_379' title='bbox 414 2665 487 2686; x_wconf 83' lang='lat' dir='ltr'>cum</span> <span class='ocrx_word' id='word_1_380' title='bbox 512 2658 550 2687; x_wconf 82' lang='grc' dir='ltr'>(ι’.</span> <span class='ocrx_word' id='word_1_381' title='bbox 577 2656 689 2687; x_wconf 74' lang='lat' dir='ltr'>iurare</span> <span class='ocrx_word' id='word_1_382' title='bbox 713 2657 761 2685; x_wconf 64' lang='lat' dir='ltr'>Y:</span> <span class='ocrx_word' id='word_1_383' title='bbox 790 2661 894 2687; x_wconf 65' lang='lat' dir='ltr'>Numen</span> <span class='ocrx_word' id='word_1_384' title='bbox 921 2657 1022 2687; x_wconf 74' lang='lat' dir='ltr'>Gallis</span> <span class='ocrx_word' id='word_1_385' title='bbox 1045 2659 1175 2688; x_wconf 72' lang='lat' dir='ltr'>credere</span> <span class='ocrx_word' id='word_1_386' title='bbox 1199 2659 1230 2688; x_wconf 74' lang='lat' dir='ltr'>S.</span> <span class='ocrx_word' id='word_1_387' title='bbox 1260 2671 1272 2685; x_wconf 80' lang='lat' dir='ltr'>u</span> <span class='ocrx_word' id='word_1_388' title='bbox 1285 2659 1418 2698; x_wconf 79' lang='lat' dir='ltr'>Optime</span> <span class='ocrx_word' id='word_1_389' title='bbox 1437 2659 1480 2689; x_wconf 63' lang='lat' dir='ltr'>Y:</span> <span class='ocrx_word' id='word_1_390' title='bbox 1509 2659 1606 2689; x_wconf 84' lang='lat' dir='ltr'>iurati</span> <span class='ocrx_word' id='word_1_391' title='bbox 1632 2659 1723 2689; x_wconf 75' lang='lat' dir='ltr'>enlin</span> <span class='ocrx_word' id='word_1_392' title='bbox 1746 2659 1877 2690; x_wconf 84' lang='lat' dir='ltr'>iudices</span> <span class='ocrx_word' id='word_1_393' title='bbox 1895 2668 1976 2691; x_wconf 86' lang='lat' dir='ltr'>cum</span> 
     </span>
     <span class='ocr_line' id='line_1_39' title="bbox 226 2705 1973 2749; baseline 0.003 -13"><span class='ocrx_word' id='word_1_394' title='bbox 226 2705 373 2737; x_wconf 78' lang='lat' dir='ltr'>testibus</span> <span class='ocrx_word' id='word_1_395' title='bbox 399 2706 517 2736; x_wconf 85' lang='lat' dir='ltr'>iuratis</span> <span class='ocrx_word' id='word_1_396' title='bbox 543 2708 636 2737; x_wconf 85' lang='lat' dir='ltr'>recte</span> <span class='ocrx_word' id='word_1_397' title='bbox 664 2705 784 2744; x_wconf 84' lang='lat' dir='ltr'>(simul)</span> <span class='ocrx_word' id='word_1_398' title='bbox 811 2707 922 2737; x_wconf 82' lang='lat' dir='ltr'>iurare</span> <span class='ocrx_word' id='word_1_399' title='bbox 949 2708 1142 2738; x_wconf 75' lang='lat' dir='ltr'>dicuntur.»</span> <span class='ocrx_word' id='word_1_400' title='bbox 1168 2710 1224 2738; x_wconf 78' lang='lat' dir='ltr'>On.</span> <span class='ocrx_word' id='word_1_401' title='bbox 1254 2726 1287 2730; x_wconf 92' lang='lat'>-—</span> <span class='ocrx_word' id='word_1_402' title='bbox 1325 2710 1355 2739; x_wconf 79' lang='grc'>8.</span> <span class='ocrx_word' id='word_1_403' title='bbox 1382 2709 1544 2739; x_wconf 72' lang='lat' dir='ltr'>uideumin</span> <span class='ocrx_word' id='word_1_404' title='bbox 1570 2709 1608 2739; x_wconf 63' lang='grc' dir='ltr'>Υ.</span> <span class='ocrx_word' id='word_1_405' title='bbox 1637 2726 1669 2729; x_wconf 81' lang='lat'>—</span> <span class='ocrx_word' id='word_1_406' title='bbox 1699 2710 1728 2739; x_wconf 75' lang='lat' dir='ltr'>t).</span> <span class='ocrx_word' id='word_1_407' title='bbox 1755 2710 1911 2749; x_wconf 66' lang='lat' dir='ltr'>dispulsae</span> <span class='ocrx_word' id='word_1_408' title='bbox 1935 2711 1973 2741; x_wconf 78' lang='lat' dir='ltr'>V.</span> 
     </span>
     <span class='ocr_line' id='line_1_40' title="bbox 229 2756 1976 2799; baseline 0.002 -13"><span class='ocrx_word' id='word_1_409' title='bbox 229 2774 261 2777; x_wconf 90' lang='lat'>—</span> <span class='ocrx_word' id='word_1_410' title='bbox 292 2756 341 2787; x_wconf 83' lang='lat' dir='ltr'>lt.</span> <span class='ocrx_word' id='word_1_411' title='bbox 368 2756 609 2786; x_wconf 68' lang='lat' dir='ltr'>vnercennarios</span> <span class='ocrx_word' id='word_1_412' title='bbox 626 2756 704 2785; x_wconf 68' lang='lat' dir='ltr'>vVS:</span> <span class='ocrx_word' id='word_1_413' title='bbox 733 2757 949 2787; x_wconf 68' lang='lat' dir='ltr'>mercenarius</span> <span class='ocrx_word' id='word_1_414' title='bbox 973 2760 1008 2787; x_wconf 77' lang='lat' dir='ltr'>t).</span> <span class='ocrx_word' id='word_1_415' title='bbox 1042 2756 1133 2787; x_wconf 74' lang='lat' dir='ltr'>llluni</span> <span class='ocrx_word' id='word_1_416' title='bbox 1160 2758 1366 2797; x_wconf 73' lang='lat' dir='ltr'>scripturam</span> <span class='ocrx_word' id='word_1_417' title='bbox 1393 2767 1459 2788; x_wconf 83' lang='lat' dir='ltr'>non</span> <span class='ocrx_word' id='word_1_418' title='bbox 1479 2760 1610 2789; x_wconf 79' lang='lat' dir='ltr'>tantuin</span> <span class='ocrx_word' id='word_1_419' title='bbox 1629 2758 1729 2788; x_wconf 85' lang='lat' dir='ltr'>codd.</span> <span class='ocrx_word' id='word_1_420' title='bbox 1750 2759 1868 2799; x_wconf 82' lang='lat' dir='ltr'>optimi</span> <span class='ocrx_word' id='word_1_421' title='bbox 1886 2767 1976 2790; x_wconf 85' lang='lat' dir='ltr'>sem—</span> 
     </span>
     <span class='ocr_line' id='line_1_41' title="bbox 225 2804 1970 2846; baseline 0.003 -12"><span class='ocrx_word' id='word_1_422' title='bbox 225 2813 305 2844; x_wconf 90' lang='lat' dir='ltr'>per,</span> <span class='ocrx_word' id='word_1_423' title='bbox 339 2804 400 2835; x_wconf 83' lang='lat' dir='ltr'>sed</span> <span class='ocrx_word' id='word_1_424' title='bbox 426 2805 529 2835; x_wconf 76' lang='lat' dir='ltr'>ctiam</span> <span class='ocrx_word' id='word_1_425' title='bbox 558 2805 750 2837; x_wconf 83' lang='lat' dir='ltr'>deteriores</span> <span class='ocrx_word' id='word_1_426' title='bbox 780 2805 985 2846; x_wconf 79' lang='lat' dir='ltr'>plerumque</span> <span class='ocrx_word' id='word_1_427' title='bbox 1012 2806 1152 2837; x_wconf 72' lang='lat' dir='ltr'>liabent.</span> <span class='ocrx_word' id='word_1_428' title='bbox 1183 2825 1215 2827; x_wconf 33' lang='lat' dir='ltr'>m</span> <span class='ocrx_word' id='word_1_429' title='bbox 1250 2808 1300 2838; x_wconf 66' lang='lat'>«12.</span> <span class='ocrx_word' id='word_1_430' title='bbox 1330 2817 1370 2838; x_wconf 76' lang='lat' dir='ltr'>ac</span> <span class='ocrx_word' id='word_1_431' title='bbox 1399 2808 1520 2838; x_wconf 65' lang='lat' dir='ltr'>nonunt</span> <span class='ocrx_word' id='word_1_432' title='bbox 1552 2817 1620 2838; x_wconf 80' lang='lat'>0111.</span> <span class='ocrx_word' id='word_1_433' title='bbox 1648 2808 1724 2839; x_wconf 82' lang='lat' dir='ltr'>eod.</span> <span class='ocrx_word' id='word_1_434' title='bbox 1752 2807 1907 2845; x_wconf 77' lang='lat' dir='ltr'>Oelileri3</span> <span class='ocrx_word' id='word_1_435' title='bbox 1941 2817 1970 2839; x_wconf 86' lang='lat' dir='ltr'>v.</span> 
     </span>
     <span class='ocr_line' id='line_1_42' title="bbox 226 2853 1971 2898; baseline 0.002 -13"><span class='ocrx_word' id='word_1_436' title='bbox 226 2862 329 2894; x_wconf 86' lang='lat' dir='ltr'>snpra</span> <span class='ocrx_word' id='word_1_437' title='bbox 349 2862 381 2894; x_wconf 89' lang='lat' dir='ltr'>p.</span> <span class='ocrx_word' id='word_1_438' title='bbox 400 2853 473 2885; x_wconf 76' lang='lat'>465.</span> <span class='ocrx_word' id='word_1_439' title='bbox 493 2853 534 2884; x_wconf 86' lang='lat' dir='ltr'>ad</span> <span class='ocrx_word' id='word_1_440' title='bbox 553 2856 583 2893; x_wconf 65' lang='lat' dir='ltr'>g.</span> <span class='ocrx_word' id='word_1_441' title='bbox 602 2855 652 2885; x_wconf 81' lang='lat' dir='ltr'>lO.</span> <span class='ocrx_word' id='word_1_442' title='bbox 672 2855 726 2894; x_wconf 74' lang='lat' dir='ltr'>(ast</span> <span class='ocrx_word' id='word_1_443' title='bbox 743 2865 804 2896; x_wconf 85' lang='lat' dir='ltr'>pro</span> <span class='ocrx_word' id='word_1_444' title='bbox 823 2865 862 2886; x_wconf 78' lang='lat' dir='ltr'>ac</span> <span class='ocrx_word' id='word_1_445' title='bbox 875 2856 927 2895; x_wconf 62' lang='lat' dir='ltr'>Y.)</span> <span class='ocrx_word' id='word_1_446' title='bbox 942 2875 975 2879; x_wconf 85' lang='lat'>—</span> <span class='ocrx_word' id='word_1_447' title='bbox 997 2858 1008 2888; x_wconf 65' lang='lat'>.1</span> <span class='ocrx_word' id='word_1_448' title='bbox 1019 2857 1047 2889; x_wconf 63' lang='lat' dir='ltr'>l.</span> <span class='ocrx_word' id='word_1_449' title='bbox 1066 2858 1168 2897; x_wconf 59' lang='lat' dir='ltr'>(sentis</span> <span class='ocrx_word' id='word_1_450' title='bbox 1184 2859 1215 2888; x_wconf 80' lang='lat' dir='ltr'>S.</span> <span class='ocrx_word' id='word_1_451' title='bbox 1235 2873 1267 2879; x_wconf 90' lang='lat'>—-</span> <span class='ocrx_word' id='word_1_452' title='bbox 1289 2859 1300 2888; x_wconf 74' lang='lat'>,1</span> <span class='ocrx_word' id='word_1_453' title='bbox 1310 2858 1340 2888; x_wconf 70' lang='lat'>55.</span> <span class='ocrx_word' id='word_1_454' title='bbox 1359 2866 1410 2888; x_wconf 82' lang='lat' dir='ltr'>eos</span> <span class='ocrx_word' id='word_1_455' title='bbox 1425 2857 1485 2898; x_wconf 79' lang='lat' dir='ltr'>hic]</span> <span class='ocrx_word' id='word_1_456' title='bbox 1503 2858 1584 2888; x_wconf 74' lang='lat' dir='ltr'>eosic</span> <span class='ocrx_word' id='word_1_457' title='bbox 1598 2858 1678 2888; x_wconf 71' lang='grc' dir='ltr'>Υ.-</span> <span class='ocrx_word' id='word_1_458' title='bbox 1705 2857 1918 2896; x_wconf 78' lang='lat' dir='ltr'>bracatosque</span> <span class='ocrx_word' id='word_1_459' title='bbox 1934 2858 1971 2888; x_wconf 88' lang='lat' dir='ltr'>S:</span> 
     </span>
    </p>

    <p class='ocr_par' dir='ltr' id='par_1_4' title="bbox 911 2910 928 2929">
     <span class='ocr_line' id='line_1_43' title="bbox 911 2910 928 2929; baseline 0 0"><span class='ocrx_word' id='word_1_460' title='bbox 911 2910 928 2929; x_wconf 79' lang='grc' dir='ltr'>ί)</span> 
     </span>
    </p>

    <p class='ocr_par' dir='ltr' id='par_1_5' title="bbox 224 2939 1974 3328">
     <span class='ocr_line' id='line_1_44' title="bbox 226 2939 1974 2984; baseline 0.003 -15"><span class='ocrx_word' id='word_1_461' title='bbox 226 2939 444 2980; x_wconf 72' lang='lat' dir='ltr'>brayalosque</span> <span class='ocrx_word' id='word_1_462' title='bbox 461 2941 498 2979; x_wconf 80' lang='lat' dir='ltr'>V,</span> <span class='ocrx_word' id='word_1_463' title='bbox 526 2941 757 2981; x_wconf 68' lang='lat' dir='ltr'>ltracealosque</span> <span class='ocrx_word' id='word_1_464' title='bbox 774 2943 810 2974; x_wconf 85' lang='grc' dir='ltr'>Ο.</span> <span class='ocrx_word' id='word_1_465' title='bbox 826 2961 859 2965; x_wconf 89' lang='grc'>-</span> <span class='ocrx_word' id='word_1_466' title='bbox 879 2945 1008 2974; x_wconf 74' lang='lat' dir='ltr'>uersari</span> <span class='ocrx_word' id='word_1_467' title='bbox 1024 2945 1062 2979; x_wconf 72' lang='lat' dir='ltr'>V,</span> <span class='ocrx_word' id='word_1_468' title='bbox 1090 2946 1121 2975; x_wconf 89' lang='lat' dir='ltr'>et</span> <span class='ocrx_word' id='word_1_469' title='bbox 1140 2946 1188 2975; x_wconf 83' lang='lat' dir='ltr'>sie</span> <span class='ocrx_word' id='word_1_470' title='bbox 1207 2945 1310 2976; x_wconf 83' lang='lat' dir='ltr'>etiam</span> <span class='ocrx_word' id='word_1_471' title='bbox 1328 2944 1357 2984; x_wconf 59' lang='grc' dir='ltr'>ἓ.</span> <span class='ocrx_word' id='word_1_472' title='bbox 1380 2945 1428 2975; x_wconf 76' lang='lat'>27.</span> <span class='ocrx_word' id='word_1_473' title='bbox 1443 2963 1476 2966; x_wconf 87' lang='lat'>—</span> <span class='ocrx_word' id='word_1_474' title='bbox 1504 2945 1630 2975; x_wconf 75' lang='lat' dir='ltr'>(mimos</span> <span class='ocrx_word' id='word_1_475' title='bbox 1645 2945 1723 2975; x_wconf 73' lang='lat' dir='ltr'>Y.—</span> <span class='ocrx_word' id='word_1_476' title='bbox 1754 2945 1804 2975; x_wconf 73' lang='lat'>46.</span> <span class='ocrx_word' id='word_1_477' title='bbox 1826 2945 1850 2976; x_wconf 80' lang='lat' dir='ltr'>ii</span> <span class='ocrx_word' id='word_1_478' title='bbox 1866 2945 1904 2975; x_wconf 88' lang='lat' dir='ltr'>S:</span> <span class='ocrx_word' id='word_1_479' title='bbox 1930 2945 1974 2976; x_wconf 77' lang='lat' dir='ltr'>hii</span> 
     </span>
     <span class='ocr_line' id='line_1_45' title="bbox 226 2991 1969 3033; baseline 0.003 -14"><span class='ocrx_word' id='word_1_480' title='bbox 226 2991 265 3021; x_wconf 62' lang='lat' dir='ltr'>V.</span> <span class='ocrx_word' id='word_1_481' title='bbox 287 3008 320 3011; x_wconf 87' lang='lat'>—</span> <span class='ocrx_word' id='word_1_482' title='bbox 348 2991 465 3030; x_wconf 76' lang='lat' dir='ltr'>adfecti</span> <span class='ocrx_word' id='word_1_483' title='bbox 487 2991 605 3021; x_wconf 76' lang='lat' dir='ltr'>iniuris</span> <span class='ocrx_word' id='word_1_484' title='bbox 629 2992 666 3022; x_wconf 72' lang='lat' dir='ltr'>V.</span> <span class='ocrx_word' id='word_1_485' title='bbox 695 3010 730 3013; x_wconf 89' lang='lat'>—</span> <span class='ocrx_word' id='word_1_486' title='bbox 758 2992 808 3023; x_wconf 45' lang='lat'>117.</span> <span class='ocrx_word' id='word_1_487' title='bbox 836 2993 858 3023; x_wconf 69' lang='lat' dir='ltr'>ii</span> <span class='ocrx_word' id='word_1_488' title='bbox 884 3002 963 3024; x_wconf 84' lang='lat' dir='ltr'>nos:</span> <span class='ocrx_word' id='word_1_489' title='bbox 990 2994 1034 3024; x_wconf 76' lang='grc' dir='ltr'>Ιιίἱ</span> <span class='ocrx_word' id='word_1_490' title='bbox 1059 2995 1101 3031; x_wconf 66' lang='grc' dir='ltr'>Υς</span> <span class='ocrx_word' id='word_1_491' title='bbox 1126 2995 1157 3025; x_wconf 78' lang='lat' dir='ltr'>hi</span> <span class='ocrx_word' id='word_1_492' title='bbox 1186 2995 1255 3025; x_wconf 86' lang='lat' dir='ltr'>SO.</span> <span class='ocrx_word' id='word_1_493' title='bbox 1285 3012 1317 3015; x_wconf 90' lang='lat'>——</span> <span class='ocrx_word' id='word_1_494' title='bbox 1347 2997 1444 3033; x_wconf 75' lang='lat' dir='ltr'>atque</span> <span class='ocrx_word' id='word_1_495' title='bbox 1467 2995 1562 3025; x_wconf 78' lang='lat' dir='ltr'>ereclz&#39;</span> <span class='ocrx_word' id='word_1_496' title='bbox 1586 2997 1629 3025; x_wconf 71' lang='lat' dir='ltr'>S:</span> <span class='ocrx_word' id='word_1_497' title='bbox 1655 2998 1752 3033; x_wconf 78' lang='lat' dir='ltr'>alque</span> <span class='ocrx_word' id='word_1_498' title='bbox 1775 2995 1853 3025; x_wconf 72' lang='lat' dir='ltr'>recti</span> <span class='ocrx_word' id='word_1_499' title='bbox 1876 2994 1915 3025; x_wconf 70' lang='lat' dir='ltr'>V.</span> <span class='ocrx_word' id='word_1_500' title='bbox 1936 3012 1969 3016; x_wconf 89' lang='lat'><strong>—</strong></span> 
     </span>
     <span class='ocr_line' id='line_1_46' title="bbox 233 3040 1974 3081; baseline 0.003 -12"><span class='ocrx_word' id='word_1_501' title='bbox 233 3040 277 3070; x_wconf 73' lang='lat' dir='ltr'>to.</span> <span class='ocrx_word' id='word_1_502' title='bbox 298 3040 491 3079; x_wconf 75' lang='lat' dir='ltr'>aliquotiens</span> <span class='ocrx_word' id='word_1_503' title='bbox 508 3041 533 3070; x_wconf 88' lang='lat' dir='ltr'>V</span> <span class='ocrx_word' id='word_1_504' title='bbox 547 3042 584 3071; x_wconf 90' lang='lat' dir='ltr'>S:</span> <span class='ocrx_word' id='word_1_505' title='bbox 611 3041 782 3080; x_wconf 66' lang='lat' dir='ltr'>aliquoties</span> <span class='ocrx_word' id='word_1_506' title='bbox 799 3043 835 3073; x_wconf 93' lang='lat' dir='ltr'>O.</span> <span class='ocrx_word' id='word_1_507' title='bbox 851 3060 882 3066; x_wconf 86' lang='lat'>-</span> <span class='ocrx_word' id='word_1_508' title='bbox 904 3044 956 3074; x_wconf 77' lang='lat'>⁶23.</span> <span class='ocrx_word' id='word_1_509' title='bbox 977 3045 1193 3075; x_wconf 63' lang='lat' dir='ltr'>adulescentia</span> <span class='ocrx_word' id='word_1_510' title='bbox 1212 3045 1249 3074; x_wconf 75' lang='lat' dir='ltr'>V.</span> <span class='ocrx_word' id='word_1_511' title='bbox 1264 3061 1295 3065; x_wconf 93' lang='lat'><strong>—</strong></span> <span class='ocrx_word' id='word_1_512' title='bbox 1317 3043 1367 3074; x_wconf 69' lang='grc' dir='ltr'>Ἡ.</span> <span class='ocrx_word' id='word_1_513' title='bbox 1388 3044 1540 3074; x_wconf 54' lang='lat' dir='ltr'>convictis</span> <span class='ocrx_word' id='word_1_514' title='bbox 1557 3046 1581 3074; x_wconf 68' lang='grc' dir='ltr'>Υ</span> <span class='ocrx_word' id='word_1_515' title='bbox 1598 3053 1603 3074; x_wconf 88' lang='lat'>:</span> <span class='ocrx_word' id='word_1_516' title='bbox 1628 3045 1817 3075; x_wconf 79' lang='lat' dir='ltr'>coniunctus</span> <span class='ocrx_word' id='word_1_517' title='bbox 1836 3045 1868 3081; x_wconf 81' lang='lat' dir='ltr'>S,</span> <span class='ocrx_word' id='word_1_518' title='bbox 1894 3053 1974 3075; x_wconf 74' lang='lat' dir='ltr'>con-</span> 
     </span>
     <span class='ocr_line' id='line_1_47' title="bbox 224 3089 1974 3134; baseline 0.003 -16"><span class='ocrx_word' id='word_1_519' title='bbox 224 3089 326 3119; x_wconf 63' lang='lat' dir='ltr'>melus</span> <span class='ocrx_word' id='word_1_520' title='bbox 350 3091 411 3120; x_wconf 38' lang='lat' dir='ltr'>lat)</span> <span class='ocrx_word' id='word_1_521' title='bbox 437 3098 516 3121; x_wconf 81' lang='lat' dir='ltr'>oum</span> <span class='ocrx_word' id='word_1_522' title='bbox 542 3090 596 3120; x_wconf 85' lang='lat' dir='ltr'>ed.</span> <span class='ocrx_word' id='word_1_523' title='bbox 623 3091 751 3121; x_wconf 56' lang='lat' dir='ltr'>Veneta</span> <span class='ocrx_word' id='word_1_524' title='bbox 778 3091 886 3132; x_wconf 57' lang='lat'>4483„</span> <span class='ocrx_word' id='word_1_525' title='bbox 924 3102 992 3133; x_wconf 84' lang='lat' dir='ltr'>quo</span> <span class='ocrx_word' id='word_1_526' title='bbox 1018 3096 1157 3134; x_wconf 75' lang='lat' dir='ltr'>recepto</span> <span class='ocrx_word' id='word_1_527' title='bbox 1184 3095 1396 3125; x_wconf 77' lang='lat' dir='ltr'>Hotomanus</span> <span class='ocrx_word' id='word_1_528' title='bbox 1421 3090 1566 3125; x_wconf 75' lang='lat' dir='ltr'>incisum</span> <span class='ocrx_word' id='word_1_529' title='bbox 1590 3095 1753 3125; x_wconf 67' lang='lat' dir='ltr'>convictus</span> <span class='ocrx_word' id='word_1_530' title='bbox 1774 3103 1805 3124; x_wconf 82' lang='lat' dir='ltr'>v.</span> <span class='ocrx_word' id='word_1_531' title='bbox 1832 3093 1859 3123; x_wconf 81' lang='lat' dir='ltr'>b.</span> <span class='ocrx_word' id='word_1_532' title='bbox 1885 3093 1974 3123; x_wconf 80' lang='lat' dir='ltr'>lesti-</span> 
     </span>
     <span class='ocr_line' id='line_1_48' title="bbox 225 3139 1970 3183; baseline 0.004 -17"><span class='ocrx_word' id='word_1_533' title='bbox 225 3139 342 3168; x_wconf 79' lang='lat' dir='ltr'>moniis</span> <span class='ocrx_word' id='word_1_534' title='bbox 375 3141 450 3179; x_wconf 87' lang='lat' dir='ltr'>post</span> <span class='ocrx_word' id='word_1_535' title='bbox 486 3139 578 3170; x_wconf 75' lang='lat' dir='ltr'>obitis</span> <span class='ocrx_word' id='word_1_536' title='bbox 612 3141 909 3180; x_wconf 77' lang='lat' dir='ltr'>transponendum</span> <span class='ocrx_word' id='word_1_537' title='bbox 940 3144 1090 3179; x_wconf 73' lang='lat' dir='ltr'>censuit,</span> <span class='ocrx_word' id='word_1_538' title='bbox 1127 3145 1161 3174; x_wconf 90' lang='lat' dir='ltr'>ut</span> <span class='ocrx_word' id='word_1_539' title='bbox 1191 3143 1282 3173; x_wconf 72' lang='lat' dir='ltr'>abilis</span> <span class='ocrx_word' id='word_1_540' title='bbox 1310 3144 1411 3174; x_wconf 80' lang='lat' dir='ltr'>ctiam</span> <span class='ocrx_word' id='word_1_541' title='bbox 1445 3143 1487 3174; x_wconf 83' lang='lat' dir='ltr'>ad</span> <span class='ocrx_word' id='word_1_542' title='bbox 1519 3143 1762 3183; x_wconf 16' lang='lat' dir='ltr'>mwayistrazibus</span> <span class='ocrx_word' id='word_1_543' title='bbox 1784 3142 1970 3180; x_wconf 83' lang='lat' dir='ltr'>reseratur;</span> 
     </span>
     <span class='ocr_line' id='line_1_49' title="bbox 227 3188 1969 3232; baseline 0.004 -17"><span class='ocrx_word' id='word_1_544' title='bbox 227 3188 345 3217; x_wconf 83' lang='lat' dir='ltr'>eontra</span> <span class='ocrx_word' id='word_1_545' title='bbox 370 3188 537 3220; x_wconf 84' lang='lat' dir='ltr'>Lambino</span> <span class='ocrx_word' id='word_1_546' title='bbox 562 3191 640 3229; x_wconf 88' lang='lat' dir='ltr'>post</span> <span class='ocrx_word' id='word_1_547' title='bbox 662 3191 755 3229; x_wconf 69' lang='lat' dir='ltr'>[sessis</span> <span class='ocrx_word' id='word_1_548' title='bbox 779 3190 906 3231; x_wconf 86' lang='lat' dir='ltr'>aliquid</span> <span class='ocrx_word' id='word_1_549' title='bbox 931 3192 1163 3230; x_wconf 77' lang='lat' dir='ltr'>intercidisse,</span> <span class='ocrx_word' id='word_1_550' title='bbox 1190 3191 1407 3232; x_wconf 68' lang='lat' dir='ltr'>utm(1le(vel</span> <span class='ocrx_word' id='word_1_551' title='bbox 1428 3194 1572 3231; x_wconf 74' lang='lat' dir='ltr'>pessime)</span> <span class='ocrx_word' id='word_1_552' title='bbox 1589 3193 1697 3232; x_wconf 56' lang='lat' dir='ltr'>(semis,</span> <span class='ocrx_word' id='word_1_553' title='bbox 1724 3191 1918 3223; x_wconf 61' lang='lat' dir='ltr'>videbatur.</span> <span class='ocrx_word' id='word_1_554' title='bbox 1935 3209 1969 3213; x_wconf 85' lang='lat'>-</span> 
     </span>
     <span class='ocr_line' id='line_1_50' title="bbox 226 3236 1969 3282; baseline 0.005 -17"><span class='ocrx_word' id='word_1_555' title='bbox 226 3236 348 3266; x_wconf 73' lang='lat' dir='ltr'>inrisus</span> <span class='ocrx_word' id='word_1_556' title='bbox 373 3238 561 3270; x_wconf 82' lang='lat' dir='ltr'>Manutius:</span> <span class='ocrx_word' id='word_1_557' title='bbox 591 3239 710 3269; x_wconf 73' lang='lat' dir='ltr'>invitus</span> <span class='ocrx_word' id='word_1_558' title='bbox 734 3241 772 3278; x_wconf 65' lang='lat' dir='ltr'>Y,</span> <span class='ocrx_word' id='word_1_559' title='bbox 799 3241 906 3271; x_wconf 72' lang='lat' dir='ltr'>invitis</span> <span class='ocrx_word' id='word_1_560' title='bbox 929 3242 962 3272; x_wconf 88' lang='lat' dir='ltr'>S.</span> <span class='ocrx_word' id='word_1_561' title='bbox 991 3259 1025 3264; x_wconf 91' lang='lat'>—</span> <span class='ocrx_word' id='word_1_562' title='bbox 1052 3243 1103 3273; x_wconf 59' lang='grc' dir='ltr'>’Ξῖ</span> <span class='ocrx_word' id='word_1_563' title='bbox 1131 3245 1358 3280; x_wconf 73' lang='lat' dir='ltr'>praemerelw·</span> <span class='ocrx_word' id='word_1_564' title='bbox 1382 3242 1453 3273; x_wconf 60' lang='lat' dir='ltr'>VS.</span> <span class='ocrx_word' id='word_1_565' title='bbox 1482 3259 1515 3263; x_wconf 79' lang='lat'>—</span> <span class='ocrx_word' id='word_1_566' title='bbox 1546 3243 1596 3273; x_wconf 70' lang='lat'>28.</span> <span class='ocrx_word' id='word_1_567' title='bbox 1621 3250 1818 3282; x_wconf 70' lang='lat' dir='ltr'>mafflzopere</span> <span class='ocrx_word' id='word_1_568' title='bbox 1840 3242 1913 3274; x_wconf 81' lang='lat' dir='ltr'>VS.</span> <span class='ocrx_word' id='word_1_569' title='bbox 1935 3258 1969 3264; x_wconf 83' lang='lat'>—-</span> 
     </span>
     <span class='ocr_line' id='line_1_51' title="bbox 228 3284 1581 3328; baseline 0.004 -13"><span class='ocrx_word' id='word_1_570' title='bbox 228 3284 374 3326; x_wconf 68' lang='lat' dir='ltr'>adflictos</span> <span class='ocrx_word' id='word_1_571' title='bbox 398 3286 436 3319; x_wconf 70' lang='grc' dir='ltr'>Υ.</span> <span class='ocrx_word' id='word_1_572' title='bbox 465 3304 498 3309; x_wconf 84' lang='grc'>-</span> <span class='ocrx_word' id='word_1_573' title='bbox 526 3288 578 3320; x_wconf 68' lang='lat'>29.</span> <span class='ocrx_word' id='word_1_574' title='bbox 605 3291 848 3328; x_wconf 73' lang='lat' dir='ltr'>contempnendi</span> <span class='ocrx_word' id='word_1_575' title='bbox 872 3290 910 3321; x_wconf 79' lang='lat' dir='ltr'>V.</span> <span class='ocrx_word' id='word_1_576' title='bbox 940 3308 974 3311; x_wconf 87' lang='lat'>—</span> <span class='ocrx_word' id='word_1_577' title='bbox 1001 3291 1053 3323; x_wconf 79' lang='grc'>31.</span> <span class='ocrx_word' id='word_1_578' title='bbox 1080 3292 1144 3322; x_wconf 66' lang='lat' dir='ltr'>sot-i</span> <span class='ocrx_word' id='word_1_579' title='bbox 1168 3291 1205 3323; x_wconf 63' lang='lat' dir='ltr'>Y.</span> <span class='ocrx_word' id='word_1_580' title='bbox 1235 3309 1268 3312; x_wconf 97' lang='lat'><strong>—</strong></span> <span class='ocrx_word' id='word_1_581' title='bbox 1297 3291 1348 3321; x_wconf 68' lang='lat'>232.</span> <span class='ocrx_word' id='word_1_582' title='bbox 1377 3291 1397 3322; x_wconf 79' lang='lat' dir='ltr'>ii</span> <span class='ocrx_word' id='word_1_583' title='bbox 1422 3292 1460 3322; x_wconf 83' lang='lat' dir='ltr'>S:</span> <span class='ocrx_word' id='word_1_584' title='bbox 1489 3292 1520 3321; x_wconf 78' lang='lat' dir='ltr'>id</span> <span class='ocrx_word' id='word_1_585' title='bbox 1546 3291 1581 3322; x_wconf 76' lang='lat' dir='ltr'>V.</span> 
     </span>
    </p>
   </div>
  </div>
 </body>
</html>
