2143 3713
402 231 600 272 ORATIO
633 229 732 270 PRO
766 230 808 269 L.
840 229 1058 270 MURENA
1090 226 1349 268 cmi—11.
1379 224 1452 279 §§.
1475 224 1607 264 '1—3.
1795 222 1873 264 717

139 357 232 383 nam
254 344 463 384 consulem
486 343 731 388 renuntiavi,
754 348 796 381 ut
817 355 864 381 ea
886 355 949 380 res
972 340 1084 386 mihi,
1106 338 1201 378 fidei
1230 338 1571 390 magistratuique
1593 350 1698 384 meo,
1720 337 1876 390 populo

138 405 332 458 plebique
363 406 570 445 Romanae
600 405 703 444 bene
735 411 857 457 atque
886 403 1062 442 feliciter
1082 403 1288 441 eveniret:
1321 400 1463 439 eadem
1486 413 1631 452 precor
1649 402 1699 440 ab
1723 402 1876 441 eisdem

140 467 202 506 dis
241 468 540 507 immortalibus
577 466 629 505 ob
664 466 847 504 eiusdem
879 465 1058 504 hominis
1089 462 1348 502 consulatum
1380 476 1459 500 una
1491 476 1581 501 cum
1614 463 1742 503 salute
1773 464 1879 503 obti-

138 529 339 575 nendum,
371 534 411 569 et
441 535 486 569 ut
515 534 673 568 vostrae
705 534 862 566 mentes
893 533 1018 580 atque
1054 524 1282 565 sententiae
1313 537 1404 561 cum
1436 524 1577 575 populi
1608 525 1779 564 Romani
1810 539 1880 565 vo-

138 591 365 630 luntatibus
397 590 686 643 suffragiisque
718 591 997 635 consentiant,
1029 600 1158 640 eaque
1188 598 1251 625 res
1284 585 1397 623 vobis
1427 585 1667 638 populoque
1695 587 1912 627 Romanor.

140 666 304 704 pacem,
337 652 700 706 tranquillitatem,
732 653 858 691 otium
893 649 1242 701 concordiamque
1274 648 1426 687 afferat.
1478 648 1600 694 Quod
1632 648 1664 686 si
1697 648 1766 687 illa
1799 649 1880 688 sol—

138 715 285 755 lemnis
306 716 565 755 comitiorum
597 715 779 766 precatio
802 713 1085 753 consularibus
1105 710 1302 763 auspiciis
1323 715 1560 748 consecrata
1582 715 1737 749 tantam
1759 710 1882 750 habet

139 779 178 817 in
211 792 254 817 se
285 780 364 818 vim
397 782 437 817 et
466 776 731 827 religionem,
773 781 965 829 quantam
1009 774 1066 813 rei
1098 772 1287 826 publicae
1318 771 1497 824 dignitas
1528 773 1731 824 postulat,
1773 773 1879 812 idem

139 852 214 891 ego
254 854 342 879 suni
379 843 568 891 precatus
609 844 654 877 ut
684 838 743 877 eis
774 850 942 891 quoque
972 835 1229 881 hominihus,
1270 833 1421 886 quibus
1451 833 1517 872 hic
1549 835 1786 874 consulatus
1817 849 1881 874 me

140 908 310 953 rogante
342 901 460 940 datus
491 906 618 946 esset,
651 914 698 940 ea
718 914 781 940 res
804 900 937 940 fauste
958 899 1135 938 feliciter
1155 910 1437 950 prospereque
1459 896 1657 936 eveniret.
1704 894 1741 935 ’2.
1765 897 1881 945 Quae
1899 913 1932 939 w

140 978 230 1003 cum
264 965 318 1003 ita
349 963 451 1010 sint,
492 962 671 1008 iudices,
711 969 750 1001 ct
786 976 877 1001 cum
910 961 1044 1000 omnis
1076 960 1246 999 deorum
1277 958 1568 998 immortalium
1602 964 1784 1011 potestas
1814 967 1884 1000 aut

141 1026 337 1065 translata
367 1025 420 1065 sit
450 1025 502 1065 ad
533 1038 606 1064 vos
638 1031 705 1064 aut
739 1030 846 1064 certe
879 1023 1176 1063 communicata
1207 1020 1444 1067 vobiscum,
1476 1020 1585 1060 idem
1617 1022 1760 1061 consul
1789 1036 1881 1063 eum

141 1094 299 1128 vestrae
337 1085 432 1127 fidei
465 1087 748 1133 commendat,
790 1087 860 1140 qui
899 1092 1019 1125 antea
1051 1085 1112 1124 dis
1143 1083 1443 1122 immortalibus
1475 1084 1802 1133 commendavit3
1841 1093 1885 1126 ut

141 1150 325 1189 eiusdem
356 1150 535 1189 hominis
565 1163 664 1188 voce
696 1154 735 1188 et
766 1148 997 1188 declaratus
1029 1146 1171 1186 consul
1193 1151 1234 1185 et
1254 1144 1449 1184 defensus
1472 1146 1718 1203 heneficium
1740 1148 1884 1201 populi

140 1213 312 1251 Romani
353 1225 444 1251 cum
486 1216 624 1251 vestra
661 1217 784 1264 atque
815 1210 999 1249 omnium
1032 1209 1181 1248 civium
1214 1208 1344 1247 salute
1375 1213 1549 1247 tueatur.
1607 1209 1660 1248 Et
1688 1211 1884 1262 quoniam
1905 1223 1936 1251 ιε’.

141 1274 181 1312 in
222 1274 299 1313 hoc
341 1272 476 1313 officio
518 1274 700 1313 studium
741 1286 855 1312 meae
895 1271 1147 1311 defensionis
1189 1270 1238 1309 ab
1270 1270 1579 1310 accusatoribus
1609 1277 1733 1325 atque
1765 1273 1886 1312 etiam

142 1336 232 1387 ipsa
273 1336 478 1389 susceptio
520 1349 668 1375 causae
709 1334 961 1388 reprehensa
993 1338 1073 1379 est,
1115 1338 1335 1385 antequam
1365 1344 1440 1384 pro
1472 1332 1517 1370 L.
1547 1333 1719 1373 Murena
1750 1335 1887 1375 dicere

142 1397 338 1446 instituo,
377 1412 450 1451 pro
492 1411 555 1437 me
596 1399 687 1450 ipso
723 1410 855 1450 pauca
886 1396 1039 1441 dicam;
1083 1408 1166 1434 non
1199 1407 1282 1447 quo
1315 1393 1413 1433 mihi
1444 1394 1582 1446 potior
1610 1395 1689 1434 hoc
1720 1396 1887 1449 quidem

141 1459 182 1497 in
222 1464 408 1512 tempore
448 1460 500 1500 sit
539 1459 663 1500 officii
704 1459 785 1499 mei
821 1472 944 1512 quam
981 1458 1155 1497 huiusce
1185 1456 1328 1496 salutis
1359 1455 1572 1504 defensio,
1619 1458 1690 1497 sed
1720 1464 1766 1498 ut
1796 1472 1887 1499 meo

142 1519 247 1560 facto
280 1522 397 1562 vobis
427 1523 601 1575 probato
633 1524 787 1561 maiore
809 1521 1052 1561 auctoritate
1073 1520 1123 1559 ab
1147 1519 1270 1559 huius
1290 1518 1470 1566 honore,
1500 1518 1609 1560 fama
1628 1519 1888 1575 fortunisque
1902 1536 1938 1563 <20

144 1584 337 1624 omnibus
367 1585 628 1625 inimicorum
660 1584 839 1637 impetus
869 1582 1111 1636 propulsare
1142 1581 1309 1635 possim.

259 1647 305 1686 ΙΙ.
336 1644 374 1685 23.
414 1648 467 1686 Et
495 1648 672 1700 primum
703 1647 756 1686 M.
789 1646 955 1692 Catoni,
994 1645 1119 1685 vitam
1149 1644 1200 1684 ad
1232 1649 1382 1683 certam
1413 1645 1583 1684 rationis
1614 1660 1798 1687 normam
1829 1647 1890 1687 di-

144 1709 292 1761 rigenti
333 1714 373 1749 et
412 1709 728 1761 diligentissime
769 1707 1042 1761 perpendenti
1082 1713 1289 1747 momenta
1325 1704 1555 1747 officiorum
1587 1710 1796 1757 omnium,
1841 1711 1890 1750 de

147 1771 285 1811 officio
318 1784 409 1811 meo
441 1771 717 1823 respondebo.
778 1773 908 1822 Negat
947 1769 1074 1809 fuisse
1104 1775 1261 1810 rectum
1294 1769 1412 1816 Cam,
1443 1783 1508 1809 me
1540 1777 1579 1810 et
1609 1772 1820 1812 consulem
1852 1778 1892 1812 et

146 1833 248 1885 legis
278 1833 455 1873 ambitus
486 1833 660 1872 latorem
691 1839 730 1873 et
760 1838 841 1873 tam
875 1845 1017 1872 severe
1047 1838 1163 1885 gesto
1194 1831 1412 1872 consulatu
1443 1846 1608 1873 causam
1629 1834 1673 1873 L.
1695 1835 1891 1875 Murenae
1906 1849 1941 1876 ²25

145 1895 360 1946 attingere.
408 1895 534 1935 Cuius
565 1896 835 1948 reprehensio
868 1908 930 1934 me
956 1895 1223 1934 vehementer
1243 1899 1401 1942 movet,
1432 1908 1516 1934 non
1537 1896 1673 1935 solum
1693 1902 1739 1937 ut
1759 1898 1891 1945 vobis,

145 1955 324 2003 iudices,
357 1958 506 2009 quibus
537 1958 715 1998 maxime
748 1958 901 2004 debeo,
932 1971 1074 1997 verum
1105 1956 1229 1997 etiam
1260 1963 1305 1997 ut
1334 1957 1412 2010 ipsi
1445 1957 1610 2005 Catoni,
1648 1959 1890 2010 gravissimo

145 2023 270 2071 atque
300 2020 563 2071 integerrimo
595 2020 706 2068 viro,
737 2021 935 2060 rationem
966 2019 1062 2059 facti
1094 2020 1175 2059 mei
1204 2020 1388 2072 probem.
1437 2021 1470 2059 A
1504 2033 1588 2073 quo
1619 2021 1807 2069 tandem,
1837 2023 1891 2061 M.

148 2079 268 2127 Cato,
309 2087 370 2121 est
410 2082 584 2134 aequius
616 2082 827 2122 consulem
859 2081 1025 2122 defendi
1056 2095 1180 2135 quam
1212 2096 1235 2122 a
1265 2081 1466 2121 consule?
1508 2082 1612 2131 Quis
1644 2083 1744 2122 mihi
1775 2084 1816 2123 in
1848 2098 1891 2124 re

146 2142 312 2194 publica
343 2148 477 2196 potest
500 2150 570 2183 aut
591 2144 714 2184 debet
744 2158 833 2184 esse
865 2144 1126 2184 coniunctior
1146 2157 1271 2197 quam
1302 2144 1358 2190 is,
1390 2144 1456 2183 cui
1485 2157 1550 2184 res
1579 2144 1746 2197 publica
1774 2159 1796 2185 a
1826 2159 1891 2185 me
1905 2159 1941 2187 30

146 2204 174 2254 †
204 2217 286 2243 una
315 2205 490 2244 traditur
519 2206 782 2253 sustinenda,
814 2207 971 2258 magnis
994 2207 1095 2245 meis
1117 2206 1328 2246 laboribus
1351 2212 1391 2245 et
1412 2207 1608 2260 periculis
1636 2211 1892 2248 sustentata?

147 2265 266 2314 Quod
298 2265 331 2306 si
362 2267 405 2305 in
436 2267 489 2306 iis
519 2268 641 2307 rebus
668 2267 905 2321 repetendis
923 2298 932 2314 ,
965 2281 1071 2320 quae
1092 2268 1273 2321 mancipi
1295 2273 1410 2315 sunt,
1441 2269 1476 2308 is
1497 2269 1730 2322 periculum
1750 2270 1890 2310 iudicii

146 2334 354 2380 praestare
386 2329 528 2376 debet,
561 2330 632 2383 qui
665 2343 708 2369 se
738 2343 849 2369 nexu
880 2330 1096 2383 obligavit,
1128 2329 1314 2384 profecto
1345 2331 1468 2371 etiam
1499 2331 1651 2371 rectius
1672 2331 1715 2371 in
1737 2332 1891 2372 iudicio

146 2391 330 2430 consulis
361 2390 564 2444 designati
595 2392 629 2431 is
660 2392 922 2445 potissimum
956 2390 1154 2446 [consul],
1197 2392 1268 2446 qui
1299 2392 1512 2434 consulem
1542 2393 1789 2441 declaravit,
1820 2408 1892 2435 au-

233 2594 264 2625 1l.
294 2594 389 2632 mihi,
418 2595 493 2635 fidei
522 2595 796 2635 magistratuique
821 2595 1029 2627 Lambinus:
1066 2596 1161 2627 inichi
1187 2597 1266 2637 fides
1290 2597 1568 2637 magistratusque
1591 2599 1639 2633 G;
1675 2598 1753 2629 mihi
1780 2600 1890 2640 mayn·-

145 2643 327 2681 stratuique
348 2644 373 2674 E
390 2644 421 2674 M
438 2653 458 2674 v
475 2644 512 2675 Ο.
540 2644 657 2675 «Conf.
673 2644 781 2675 Varro
806 2644 848 2676 de
874 2646 908 2677 L.
936 2646 971 2676 L.
998 2646 1037 2681 V,
1064 2647 1094 2677 9.
1123 2646 1187 2685 [VI.
1216 2646 1247 2687 g.
1274 2646 1325 2678 87.
1353 2645 1479 2687 Muell.]
1506 2647 1603 2679 Ennii
1624 2647 1748 2687 fragm.
1775 2657 1808 2688 p.
1835 2649 1887 2680 39.

148 2691 220 2723 Col.
251 2692 400 2724 Arntzen
431 2692 475 2724 ad
502 2693 582 2724 Plin.
613 2694 730 2734 Paney.
757 2702 834 2734 pag.
861 2694 956 2726 32¹.»
982 2695 1114 2726 ORELLl.
1143 2712 1176 2716 —
1211 2695 1242 2726 ⁶2.
1270 2696 1311 2726 ab
1333 2697 1451 2727 eisdem
1473 2697 1519 2728 T:
1556 2696 1597 2727 ab
1625 2697 1735 2728 iisdem
1769 2698 1888 2736 EMv,

148 2742 188 2772 ab
210 2742 271 2772 hiis
297 2743 337 2772 G.
366 2760 401 2764 —
432 2742 462 2773 3.
489 2743 589 2782 optt'n.
616 2744 641 2773 G
654 2752 687 2774 v.
708 2761 742 2765 —
770 2743 800 2775 4.
825 2743 989 2775 voluntate
1012 2744 1080 2775 Tv.
1103 2761 1134 2765 —
1163 2745 1194 2776 5.
1212 2746 1405 2777 conveniant
1428 2746 1498 2777 Tv.
1528 2764 1563 2769 —
1600 2747 1631 2778 6.
1657 2747 1787 2786 adferat
1811 2748 1886 2779 EG.

151 2809 184 2814 —
222 2791 253 2823 8.
282 2791 428 2830 postulat
457 2800 525 2823 om.
553 2794 590 2824 G.
626 2809 659 2813 —
698 2793 749 2823 sto.
776 2801 895 2832 rogare
921 2795 963 2830 G;
993 2796 1148 2833 rogator-e
1176 2795 1437 2827 Mommsenius.
1465 2813 1499 2817 —
1539 2796 1590 2827 tt.
1618 2797 1762 2827 omnium
1787 2797 1823 2828 C.
1854 2815 1887 2819 ——

150 2841 200 2873 ⁴2.
227 2841 309 2872 idem
332 2849 402 2872 om.
427 2841 464 2872 T.
493 2859 528 2863 —
553 2842 636 2881 eum]
662 2842 690 2873 εἰ
714 2843 737 2873 Ε
752 2844 776 2873 G
791 2842 815 2873 C
830 2842 943 2880 Τχν,
968 2843 1069 2874 eidem
1092 2843 1131 2874 H.
1152 2861 1188 2866 —
1216 2844 1267 2876 213.
1294 2846 1349 2884 qui
1373 2844 1528 2876 codices:
1555 2853 1649 2884 quem
1665 2845 1754 2876 coni.
1774 2845 1810 2876 C.
1830 2846 1892 2876 Be-

148 2891 258 2922 necke
283 2891 316 2922 in
339 2891 435 2922 Leclc.
464 2891 542 2922 Tull.
569 2900 601 2932 p.
622 2891 673 2923 43.
696 2910 729 2914 —
758 2892 808 2923 48.
836 2900 899 2922 non
922 2893 1007 2930 quod
1031 2892 1151 2924 Lamb.
1173 2911 1207 2915 —
1234 2894 1286 2925 ΞΟ.
1314 2894 1355 2924 ab
1378 2894 1508 2925 huiusce
1530 2900 1575 2933 ψ.
1597 2911 1631 2915 —
1660 2895 1712 2926 Ἣ.
1738 2896 1890 2934 impetum

148 2950 184 2977 χ.
213 2957 247 2962 -
274 2940 326 2972 25.
353 2939 492 2971 ambitus
514 2940 592 2980 legis
614 2941 652 2972 E.
681 2959 716 2963 —
743 2941 902 2972 latronem
925 2941 957 2972 M
980 2949 1026 2972 111.
1052 2950 1104 2982 pr.
1133 2959 1168 2964 —-
1193 2942 1246 2973 26.
1272 2952 1322 2973 me
1345 2951 1416 2978 om.
1435 2943 1510 2974 CE.
1530 2960 1565 2964 ——
1592 2943 1644 2974 29.
1670 2947 1715 2975 est
1737 2953 1836 2984 equus
1851 2946 1888 2975 G.

150 3006 184 3010 —
211 2989 264 3021 30.
290 2998 339 3021 me
362 2998 431 3020 om.
458 2989 540 3020 EC:
566 2998 616 3021 me
639 2993 668 3021 et
691 2999 723 3022 ν.
752 3008 786 3011 -
814 2990 866 3021 31.
894 2999 962 3021 una
986 2991 1093 3021 EGM
1107 3000 1162 3027 νχ
1179 2997 1230 3030 ψ,
1257 2992 1275 3023 3
1300 2993 1413 3022 Parr.:
1444 3000 1508 3022 ¹mio
1532 2992 1607 3022 Par.
1635 2993 1664 3024 ἶ.
1693 2996 1725 3025 et
1749 2995 1792 3026 O:
1824 3004 1891 3026 una

148 3037 215 3070 del.
242 3040 387 3070 censent
408 3038 488 3069 Ern.
516 3040 549 3070 et
572 3039 729 3077 Schiitz.;
757 3041 825 3071 iam
848 3040 935 3071 coni.
962 3039 1128 3071 Klotzius:
1156 3041 1321 3080 equidem
1344 3041 1519 3081 suspicor:
1544 3046 1674 3074 cuncta.
1702 3043 1751 3075 Cf.
1771 3044 1814 3075 ad
1839 3053 1889 3076 or.

148 3096 210 3127 pro
233 3087 357 3119 Archia
381 3087 411 3128 S.
429 3087 460 3118 2.
483 3105 517 3110 —
543 3087 595 3120 32.
621 3090 655 3120 in
677 3089 726 3120 his
748 3090 829 3121 mei.
850 3106 884 3111 —-
910 3089 1067 3129 mancipii
1090 3089 1196 3127 Τχν.
1219 3107 1253 3112 -
1279 3090 1331 3121 33.
1358 3089 1502 3129 obligare
1524 3089 1612 3122 debet
1633 3100 1665 3123 v.
1686 3109 1722 3115 —
1748 3092 1800 3125 3⁵..
1818 3103 1893 3125 con-

147 3136 286 3175 sulisque
309 3138 346 3168 G.
376 3154 410 3158 -
442 3137 553 3168 consul
579 3137 766 3170 delendum
799 3147 876 3171 esse
902 3139 1078 3179 perspexit
1100 3138 1289 3178 Madvigius
1315 3139 1346 3170 in
1368 3139 1513 3178 Appenni.
1538 3140 1610 3171 crit.
1636 3142 1679 3172 ad
1704 3143 1829 3182 Disput.
1855 3144 1893 3174 de

149 3186 186 3224 Q.
211 3185 345 3217 Asconio
373 3193 451 3226 pag.
477 3187 530 3218 50.
569 3188 676 3220 «Cum
709 3188 736 3219 is
762 3189 962 3228 potissimum
992 3187 1103 3219 consul
1125 3187 1268 3225 dicitur,
1302 3196 1369 3219 non
1393 3187 1426 3219 id
1451 3188 1678 3228 significatur,
1713 3190 1890 3223 consulem

148 3236 288 3275 praeter
311 3237 448 3267 ceteros
472 3235 660 3268 defendere
685 3236 836 3275 debere,
863 3236 925 3268 sed
948 3237 1032 3267 hunc
1055 3236 1233 3268 consulem
1257 3239 1398 3277 praeter
1412 3235 1577 3276 alterum,
1605 3238 1698 3278 quod
1722 3239 1893 3281 ineptissi-

149 3292 246 3315 mum
271 3286 339 3321 est;
366 3294 480 3325 neque
505 3286 597 3317 enim
621 3287 817 3326 quaeritur,
844 3295 927 3318 num
951 3286 1006 3317 hic
1029 3285 1166 3321 consul.
1193 3285 1254 3317 sed
1278 3294 1362 3317 num
1386 3286 1506 3318 consul
1529 3287 1679 3320 ambitus
1704 3297 1804 3322 reum
1827 3290 1891 3321 de-

149 3333 291 3365 fendere
314 3334 475 3366 debeat.»
