2127 3708
711 235 806 276 cu».
835 235 1019 276 Ix-x.
1057 233 1130 288 §§·
1162 232 1358 275 23—28.
1855 232 1911 276 37

164 363 354 404 sogonus·
378 354 419 390 ct
447 350 536 403 ipse
566 348 616 388 ad
647 360 718 387 eos
749 348 909 387 accedit
938 353 979 387 et
1007 347 1197 387 homines
1228 346 1391 385 nobiles
1422 345 1574 398 allegat
1599 347 1669 394 iis,
1701 348 1772 401 qui
1795 352 1910 401 pete-

163 417 276 460 rent,
307 426 359 452 ne
388 412 439 452 ad
471 411 625 450 Sullam
658 410 840 457 adirent,
872 415 913 449 et
943 409 1082 448 omnia
1105 408 1445 462 Chrysogonum,
1477 421 1584 461 quae
1611 410 1788 457 vellent,
1819 423 1910 449 esse

164 474 368 514 facturum
398 473 706 527 pollicerentur.
756 470 822 510 26.
855 473 993 525 Usque
1024 472 1128 511 adeo
1160 476 1298 510 autem
1324 471 1394 509 ille
1415 471 1705 524 pertimuerat,
1737 478 1783 511 ut
1804 473 1909 513 mori

165 536 307 576 mallet
336 548 460 588 quam
493 535 543 574 de
573 535 637 574 his
667 535 789 574 rebus
822 535 978 574 Sullam
1011 534 1165 573 doceri.
1214 533 1414 572 Homines
1445 533 1629 586 antiqui,
1661 534 1733 587 qui
1758 548 1809 573 ex
1837 548 1911 574 sua

164 603 311 639 natura
350 602 509 637 ceteros
544 595 768 649 fingerent,
811 610 903 635 cum
945 596 1016 635 ille
1047 593 1309 634 confirmaret
1339 607 1429 634 sese
1461 607 1613 634 nomen
1645 596 1739 635 Sex.
1771 596 1910 635 Roscii
1943 606 1961 635 5

165 662 214 700 de
244 659 395 699 tabulis
427 664 738 712 exempturum,
778 658 947 711 praedia
986 670 1115 697 vacua
1147 655 1230 696 filio
1263 657 1530 704 traditurum,
1573 671 1751 711 cumque
1783 658 1824 696 id
1855 658 1912 697 ita

162 723 346 762 futurum
385 723 430 760 T.
462 722 638 760 Roscius
671 721 838 773 Capito,
879 720 950 773 qui
991 720 1033 759 in
1064 719 1206 758 decem
1247 719 1392 772 legatis
1425 725 1533 767 erat,
1576 720 1910 773 appromitteret‚

163 784 449 824 crediderunt:
494 784 701 823 Ameriam
746 797 788 822 re
829 783 990 821 inorata
1028 786 1299 821 reverterunt.
1358 782 1416 821 Ac
1455 782 1589 835 primo
1628 795 1716 821 rem
1747 782 1912 820 differre

163 845 351 900 quotidie
380 859 427 885 ac
458 846 762 898 procrastinare
793 845 861 885 isti
894 849 1143 897 coeperunt,
1176 843 1328 882 deinde
1358 843 1574 896 aliquanto
1597 844 1748 883 lentius
1773 839 1909 897 [nihil]

162 920 283 961 agere
313 912 438 961 atque
470 909 690 955 deludere;
723 913 954 961 postremo,
985 907 1026 946 id
1059 907 1171 960 quod
1202 905 1324 945 facile
1346 906 1603 946 intellectum
1626 910 1708 953 est,
1738 905 1912 945 insidias
1928 917 1962 945 lo

162 972 269 1011 vitae
298 970 474 1010 huiusce
508 970 602 1010 Sex.
633 970 772 1009 Roscii
805 982 973 1023 parare,
1005 982 1141 1021 neque
1164 981 1254 1007 sese
1276 968 1464 1007 arbitrari
1486 981 1610 1020 posse
1633 968 1791 1008 diutius
1812 966 1913 1007 alie-

162 1047 257 1073 nam
287 1033 508 1085 pecuniam
539 1033 708 1072 domino
741 1032 941 1072 incolumi
974 1032 1173 1071 obtinere.
1220 1031 1271 1069 X.
1302 1028 1368 1070 ⁶27.
1405 1030 1529 1078 Quod
1549 1031 1619 1070 hic
1640 1029 1764 1070 simul
1785 1034 1912 1082 atque

163 1095 312 1142 sensit,
357 1095 407 1134 de
448 1094 675 1133 amicorum
708 1099 1063 1147 cognatorumque
1094 1093 1300 1133 sententia
1329 1094 1501 1133 Romam
1533 1092 1721 1146 confugit
1750 1097 1791 1132 et
1821 1104 1911 1131 sese

162 1159 214 1198 ad
248 1158 491 1205 Caeciliam,
522 1156 551 1209 ·1-
581 1158 755 1210 Nepotis
785 1155 934 1202 filiam,
975 1169 1099 1209 quam
1128 1155 1303 1195 honoris
1334 1168 1458 1194 causa
1487 1156 1681 1203 nomino,
1713 1153 1911 1200 contulit,

163 1233 246 1274 qua
275 1224 393 1273 pater
421 1233 522 1259 usus
554 1225 641 1259 erat
669 1220 915 1272 plurimum:
948 1219 990 1257 in
1013 1232 1095 1272 qua
1120 1218 1315 1265 muliere,
1347 1218 1529 1264 iudices,
1561 1218 1685 1256 etiam
1707 1230 1838 1264 nunc,
1869 1216 1911 1255 id
1927 1228 1962 1258 15

163 1283 276 1336 quod
307 1295 449 1322 omnes
481 1296 645 1335 semper
665 1282 1027 1328 existimaverunt,
1059 1281 1178 1334 quasi
1206 1279 1385 1333 exempli
1409 1293 1534 1320 causa
1552 1280 1729 1334 vestigia
1749 1278 1912 1332 antiqui

165 1342 289 1385 officii
321 1349 546 1384 remanent.
596 1346 656 1384 Ea
687 1345 780 1384 Sex.
811 1344 1008 1384 Roscium
1040 1344 1231 1397 inopem,
1263 1343 1441 1382 eiectum
1473 1343 1596 1382 domo
1619 1346 1745 1395 atque
1767 1340 1913 1394 expul-

163 1421 254 1447 sum
294 1419 345 1446 ex
376 1407 462 1447 suis
492 1408 635 1454 honis,
672 1407 899 1459 fugientem
934 1406 1143 1447 latronum
1174 1405 1257 1445 tela
1288 1409 1328 1444 et
1358 1404 1514 1452 minas,
1553 1404 1712 1457 recepit
1742 1403 1912 1444 domum

162 1469 404 1522 hospitique
442 1482 643 1522 oppresso
684 1470 765 1508 iam
796 1469 1104 1523 desperatoque
1135 1468 1186 1508 ab
1218 1467 1411 1506 omnibus
1443 1467 1648 1519 opitulata
1678 1471 1752 1507 est.
1810 1466 1911 1506 Eius

163 1532 334 1578 virtute,
381 1530 480 1579 fide,
520 1532 736 1585 diligentia
772 1531 927 1571 factum
965 1537 1047 1579 est,
1091 1536 1138 1570 ut
1166 1530 1234 1569 hic
1264 1530 1405 1583 potius
1435 1529 1556 1569 vivus
1587 1529 1629 1568 in
1659 1541 1754 1569 reos
1786 1542 1912 1582 quam
1926 1541 1962 1571 20

164 1594 326 1634 occisus
364 1594 406 1632 in
445 1594 704 1646 proscriptos
735 1593 969 1633 referretur.
1029 1592 1095 1633 ⁶28.
1126 1594 1228 1632 Nam
1260 1597 1485 1645 postquam
1515 1591 1584 1631 isti
1614 1591 1914 1631 intellexerunt

165 1669 325 1696 summa
362 1655 579 1708 diligentia
618 1656 745 1695 vitam
787 1656 881 1695 Sex.
914 1656 1052 1696 Roscii
1093 1656 1295 1695 custodiri
1336 1669 1473 1709 neque
1506 1655 1584 1695 sibi
1614 1655 1743 1695 ullam
1774 1655 1912 1695 caedis

164 1719 378 1759 faciendae
409 1722 657 1771 potestatem
688 1718 795 1764 dari,
829 1718 1050 1757 consilium
1081 1722 1283 1772 ceperunt
1310 1718 1482 1771 plenum
1513 1717 1683 1757 sceleris
1715 1722 1756 1758 et
1786 1718 1913 1758 auda-

167 1781 274 1828 ciae,
312 1785 359 1820 ut
388 1794 541 1820 nomen
570 1780 695 1820 huius
727 1780 777 1819 de
808 1780 1032 1833 parricidio
1064 1781 1293 1829 deferrent,
1332 1786 1379 1821 ut
1408 1781 1459 1821 ad
1490 1794 1581 1821 eam
1610 1794 1698 1820 rem
1729 1781 1913 1835 aliquem

167 1847 448 1882 accusatorem
477 1846 660 1881 veterem
693 1847 1001 1895 compararent,
1047 1843 1119 1896 qui
1151 1843 1201 1882 de
1233 1856 1281 1883 ea
1309 1856 1353 1882 re
1383 1846 1528 1896 posset
1557 1842 1696 1884 dicere
1727 1842 1964 1897 aliquid,25

168 1904 211 1943 in
249 1917 331 1956 qua
368 1917 412 1943 re
450 1903 566 1942 nulla
607 1903 795 1943 subesset
826 1904 1031 1957 suspicio,
1074 1905 1256 1958 denique
1286 1909 1353 1952 ut,
1392 1905 1591 1958 quoniam
1623 1905 1796 1945 crimine
1825 1919 1913 1946 non

168 1969 378 2018 poterant,
410 1969 595 2018 tempore
625 1966 717 2018 ipso
748 1971 994 2018 pugnarent.
1044 1966 1105 2005 Ita
1134 1966 1255 2020 loqui
1274 1967 1486 2007 homines:
1519 1967 1632 2021 quod
1653 1967 1810 2007 iudicia
1829 1972 1913 2008 tam

169 2027 240 2066 diu
269 2026 377 2066 facta
407 2040 491 2066 11011
523 2033 683 2075 essent,
716 2028 982 2068 condemnari
1005 2041 1098 2067 eum
1126 2033 1339 2081 oportere,
1372 2028 1445 2082 qui
1466 2028 1625 2082 primus
1645 2029 1689 2068 in
1709 2028 1913 2070 iudicium

168 2088 369 2128 adductus
401 2093 530 2136 esset;
569 2089 666 2128 huic
698 2095 835 2130 autern
866 2095 1064 2143 patronos
1095 2096 1269 2143 propter
1300 2090 1561 2144 Chrysogoni
1592 2091 1766 2143 gratiam
1797 2090 1913 2130 defu-

253 2205 282 2235 4.
311 2204 432 2245 αῐίεῃαι
453 2204 503 2245 iis]
535 2205 695 2245 allegatus
724 2207 802 2246 Lag.
831 2206 882 2237 43.
909 2214 955 2236 111.
982 2214 1054 2246 pr.;
1088 2206 1251 2246 alleyabat
1281 2207 1321 2236 iis
1345 2206 1422 2237 cod.
1448 2205 1585 2244 Lamb.,
1620 2206 1713 2237 unde
1737 2207 1812 2247 ipse
1836 2206 1917 2239 fecit

166 2254 304 2294 allegat,
330 2253 370 2284 ab
394 2254 433 2284 iis
456 2255 529 2294 qui;
557 2257 675 2286 contra
702 2256 778 2286 Ern.
807 2258 839 2287 et
864 2257 975 2286 Garat.
1002 2255 1032 2285 2.
1064 2256 1104 2286 iis
1127 2254 1316 2287 delendum
1341 2258 1497 2287 censent.
1536 2255 1708 2296 Equidem
1732 2257 1914 2297 suspicor:

166 2303 312 2343 adleyat,
349 2303 389 2334 ab
411 2303 525 2345 leyatis
548 2306 603 2345 qui
620 2309 776 2345 peterent.
806 2323 840 2328 —
869 2306 928 2337 Hic
953 2305 1115 2336 desinunt
1139 2306 1301 2346 excerpta
1326 2304 1503 2336 Niebuhrii
1527 2314 1569 2336 ex
1593 2304 1832 2338 collationibus
1855 2307 1917 2338 La-

166 2353 439 2393 gomarsinianis.
469 2372 502 2377 —
529 2355 560 2386 7.
587 2355 702 2396 decem]
732 2355 830 2395 legem
855 2356 898 2391 G;
925 2357 1087 2396 suspecta
1113 2357 1165 2387 est
1187 2364 1254 2386 vox
1272 2356 1307 2386 O.
1328 2356 1370 2387 M.
1390 2354 1572 2393 Muellero;
1597 2364 1631 2387 v.
1647 2356 1781 2396 Allyem.
1801 2356 1918 2387 Schul-

165 2403 238 2434 zeit.
266 2402 359 2434 ⁴830.
386 2412 418 2444 p.
445 2403 518 2435 731.
548 2421 582 2426 -
610 2404 736 2445 legatus
757 2414 794 2442 χ.
824 2422 857 2426 -
884 2404 914 2436 8.
939 2414 975 2436 re
998 2406 1110 2436 inorsa
1133 2407 1204 2442 ΜΗ
1230 2415 1265 2437 re
1287 2408 1422 2437 morata
1445 2410 1498 2445 ψς
1523 2409 1726 2436 remoratam
1747 2414 1788 2442 v;
1813 2414 1918 2436 remo-

165 2453 232 2483 rali
255 2453 291 2483 G.
321 2471 356 2475 -—
380 2457 546 2485 revertunt
570 2455 674 2486 HSa.
705 2472 738 2477 —
778 2455 903 2494 deferre
926 2456 1040 2486 cotidie
1064 2456 1102 2486 G.
1131 2473 1165 2477 —
1198 2455 1228 2486 9.
1255 2458 1428 2495 coeperunt
1451 2455 1667 2495 Heusingero
1691 2456 1915 2495 suspectum;

166 2504 200 2534 at
222 2503 304 2535 satis
328 2502 486 2535 firmatur
508 2503 603 2544 loco,
641 2513 745 2545 quem
778 2504 911 2536 obtinet
941 2514 1134 2546 pronomen
1168 2505 1231 2536 isli.
1260 2523 1295 2527 —
1332 2505 1412 2536 nihil
1442 2506 1479 2536 ut
1502 2504 1674 2545 glossema
1698 2513 1776 2537 voc.
1802 2505 1918 2538 lentius

166 2552 301 2584 uncinis
325 2551 467 2585 inclusi:
494 2555 662 2595 aliquanto
686 2555 817 2593 lentius,
845 2555 923 2586 nihil
947 2564 1045 2595 agere
1069 2555 1148 2586 edd.
1170 2573 1205 2577 -
1232 2555 1283 2586 40.
1302 2554 1461 2595 deludere]
1487 2555 1591 2586 delere
1613 2555 1685 2593 Ml?
1712 2555 1868 2586 deducere
1883 2563 1914 2586 ν.

169 2620 204 2625 -
230 2602 315 2642 quod
338 2611 405 2634 om.
433 2605 469 2635 G.
499 2622 533 2626 —
561 2605 611 2636 112.
639 2605 782 2644 optinere
808 2607 832 2636 G
849 2614 881 2635 v.
912 2624 946 2628 —
972 2606 1022 2636 hic
1047 2607 1202 2644 Gilva,
1228 2606 1341 2637 Parr.:
1367 2606 1394 2636 is
1417 2605 1485 2636 Oc.
1515 2622 1550 2626 —-
1576 2604 1708 2635 simulat
1724 2606 1750 2636 G
1767 2612 1847 2636 cum
1870 2602 1918 2635 la-

167 2660 267 2683 cuna.
295 2669 331 2674 —
359 2652 409 2684 44.
437 2654 528 2686 Caec.
553 2655 686 2694 Nepotis
707 2655 811 2696 filiam
837 2653 960 2686 codd.:
987 2655 1178 2692 Caeciliam,
1203 2655 1370 2686 Balearici
1390 2655 1513 2695 filiam,
1538 2654 1671 2693 Nepotis
1685 2662 1831 2685 sororem
1847 2654 1918 2685 Ho-

166 2703 248 2732 tom.
276 2710 318 2733 ex
340 2700 487 2735 lectione
511 2703 542 2744 g.
569 2704 662 2742 447.;
691 2705 782 2736 Caec.
809 2705 941 2744 Nepotis
964 2713 1124 2742 sororem,
1149 2705 1224 2736 Bal.
1248 2705 1353 2745 filiam
1377 2705 1489 2736 Garat.
1516 2704 1555 2744 (2)
1584 2705 1618 2735 et
1641 2703 1735 2735 Klotz
1753 2704 1813 2744 (l);
1839 2705 1919 2735 Pas-

166 2750 313 2782 seratius
337 2753 471 2783 censuit
494 2755 551 2784 aut
574 2752 761 2794 legendum
786 2755 878 2786 Cacc.
904 2754 1036 2793 Nepotis
1060 2763 1205 2785 sororem
1234 2756 1292 2786 aut
1314 2763 1370 2786 vv.
1395 2755 1528 2794 Nepotis
1552 2754 1658 2795 filiam
1685 2762 1830 2794 prorsus
1854 2753 1919 2785 de-

165 2798 266 2831 lenda
286 2808 375 2832 esse.
401 2799 486 2832 Illud
504 2803 672 2842 Buechn.,
692 2803 758 2834 hoo
774 2803 932 2835 Schuetz.
954 2807 987 2835 et
1004 2804 1116 2836 Madv.
1137 2803 1285 2845 amplexi
1303 2806 1402 2842 sunt;
1429 2806 1463 2835 at
1479 2805 1574 2835 recte
1591 2803 1725 2835 monuit
1741 2801 1840 2834 Orelli
1856 2803 1915 2843 (2):

166 2850 287 2888 «Quod
312 2851 493 2883 Schuetzio
517 2851 664 2893 placuit,
691 2854 729 2884 ut
753 2852 953 2887 delerentur
975 2863 1031 2885 vv.
1057 2852 1276 2895 parentelae,
1304 2853 1405 2885 nimis
1429 2853 1521 2884 nude
1545 2853 1675 2884 dictum
1690 2851 1848 2883 videtur:
1875 2853 1920 2883 ad

166 2900 361 2939 Caeciliam,
398 2910 496 2941 quam
531 2903 662 2934 honoris
694 2913 795 2935 causa
826 2904 975 2942 πονηὶηος
1014 2913 1092 2936 cum
1118 2902 1318 2935 addendum
1343 2901 1467 2934 saltem
1490 2902 1612 2934 fuisset
1634 2902 1841 2933 lectissimam
1862 2900 1918 2934 vel

164 2951 432 2989 spectatissimum
459 2953 627 2993 feminam.
673 2954 898 2985 Buechnerus
929 2962 1009 2984 cum
1042 2955 1177 2985 Passer.
1204 2952 1248 2982 ad
1271 2951 1362 2983 Caec.
1389 2951 1522 2991 Nepotis
1542 2960 1699 2983 sororem.
1736 2951 1803 2982 Sed
1827 2960 1917 2992 quae

166 2999 209 3030 de
234 3000 324 3031 notis
347 3001 529 3034 nominum
553 3003 653 3041 dicit,
678 3005 719 3035 N.
739 3004 771 3035 S.
800 3002 898 3035 facile
923 3002 1085 3034 confundi
1108 3003 1264 3043 potuisse
1288 3010 1367 3032 cum
1392 3001 1434 3032 N.
1453 3002 1509 3040 F.‚
1538 3010 1578 3032 ea
1603 3010 1672 3033 non
1694 3009 1806 3041 usque
1830 3010 1919 3041 qua-

166 3057 234 3089 que
258 3058 342 3082 vera
373 3052 474 3089 sunt;
512 3061 704 3094 numquam
738 3055 830 3084 enim
861 3062 893 3083 v.
920 3062 1015 3083 soror
1036 3051 1146 3083 littera
1173 3052 1206 3082 S.
1233 3050 1379 3092 (Sextus)
1403 3060 1469 3082 nec
1491 3060 1524 3082 ν.
1549 3052 1656 3091 Nepos
1680 3050 1763 3091 (scil.
1789 3059 1919 3083 nomen

165 3100 355 3141 proprium)
374 3099 486 3133 littera
501 3103 541 3134 N.
562 3102 762 3143 (Numerius)
781 3103 952 3142 signatum
971 3102 1057 3133 est.»
1079 3119 1113 3123 -
1141 3102 1192 3132 45.
1218 3109 1318 3139 quam
1331 3109 1364 3139 p.
1386 3100 1468 3131 GM.
1490 3117 1524 3122 —
1545 3100 1596 3131 47.
1616 3101 1771 3140 domoque
1787 3109 1861 3140 exp.
1877 3102 1914 3132 G.

170 3167 205 3172 -
231 3149 283 3180 ⁴8.
309 3149 444 3182 domum
467 3153 623 3184 GMvc:
651 3153 737 3184 domi
760 3153 866 3184 HSa.
895 3169 929 3172 -
958 3150 1009 3182 ⁴9.
1034 3151 1214 3190 hospitique
1237 3159 1258 3180 v
1275 3159 1292 3180 a
1311 3159 1352 3181 c:
1377 3150 1576 3192 hospitioque
1599 3151 1727 3190 lei
1760 3150 1897 3190 hospitio
1907 3161 1917 3182 .-

167 3207 228 3238 que
250 3199 283 3230 M
313 3200 370 3240 (Ml
401 3200 509 3241 quae).
543 3219 578 3224 —
614 3202 666 3233 ⁶20.
695 3203 757 3243 fide
785 3205 813 3233 et
837 3201 891 3232 dil.
919 3209 950 3231 v,
980 3217 1015 3221 —
1052 3200 1104 3231 ⁶211.
1135 3200 1296 3240 referetur
1319 3200 1421 3231 GMvz.
1450 3216 1487 3222 —
1524 3200 1576 3230 22.
1602 3200 1685 3231 sexti
1706 3200 1792 3231 rosci
1815 3201 1852 3231 G.
1881 3218 1916 3223 -

168 3247 220 3279 23.
244 3248 422 3289 faciundae
444 3259 462 3280 a
481 3259 511 3281 c.
541 3267 575 3273 -
602 3251 766 3292 ceperunt]
792 3251 940 3290 operiunt
965 3251 1001 3281 G.
1030 3267 1065 3271 ·—
1091 3249 1143 3282 ⁶24.
1168 3258 1285 3281 nomen
1307 3250 1375 3281 eius
1395 3258 1428 3280 v.
1457 3267 1491 3271 —
1513 3249 1677 3288 paricidio
1700 3257 1738 3287 v,
1764 3250 1801 3280 ut
1823 3257 1919 3281 sem-

168 3305 250 3338 per;
281 3299 461 3337 patricidio
485 3301 526 3340 L,
559 3302 593 3332 et
615 3302 664 3332 sic
687 3310 751 3342 per
782 3302 889 3332 totam
920 3300 1123 3331 orationem.
1153 3317 1185 3322 —
1220 3302 1256 3330 ut
1279 3299 1332 3340 ad]
1358 3302 1388 3330 et
1410 3299 1454 3330 ad
1477 3299 1514 3331 C.
1554 3316 1589 3320 —
1626 3299 1678 3330 25.
1705 3302 1812 3338 posset
1839 3307 1858 3329 a
1876 3307 1915 3330 c:

163 3347 265 3386 possit
287 3349 395 3383 GMC
411 3349 490 3390 Ην,
516 3350 580 3384 sed
604 3352 627 3383 C
652 3359 699 3384 m.
727 3359 798 3383 sec.
821 3353 937 3392 posset.
967 3366 1002 3371 —
1027 3349 1081 3381 26.
1106 3349 1199 3381 nulla
1221 3352 1299 3382 esset
1321 3350 1359 3381 G.
1380 3365 1415 3371 —
1442 3348 1576 3388 suspicio
1598 3357 1639 3389 v,
1670 3349 1705 3381 et
1726 3349 1777 3382 sic
1799 3348 1893 3383 alias.
