2143 3713
619 216 689 257 AD
718 215 918 256 LIBRUM
946 216 997 256 ΙΙ.
1025 215 1424 257 ACCUSATIONIS.
1804 213 1885 255 455

236 324 313 356 pag.
339 315 411 347 498.
437 324 470 347 v.
497 316 526 346 4.
550 312 681 346 Heracli
699 313 739 351 V,
763 313 913 344 Heraclei
935 313 989 346 29.
1007 313 1058 346 42.
1079 331 1110 335 —
1141 313 1264 353 optumi
1285 313 1359 344 nob.
1378 313 1589 345 adulescentis
1610 313 1663 345 29.
1684 331 1718 336 -
1745 314 1776 345 2.
1796 313 1887 345 testi-

149 372 294 403 monium
318 371 397 411 (non
420 368 657 409 testumonium)
680 367 720 399 V.
749 385 783 390 —
809 367 840 399 4.
868 368 1024 409 quodque]
1052 369 1173 408 QVOQ.
1196 369 1236 400 V.
1264 385 1298 390 -
1325 369 1356 399 5.
1383 369 1461 399 duos
1487 368 1619 400 habent
1641 377 1765 400 omnes
1782 369 1883 409 Lagg.

149 428 288 468 praeter
311 426 363 459 42.
390 443 424 448 —
451 426 531 457 ciuis
552 423 593 456 42
617 432 650 464 p.
677 440 711 445 —
739 423 911 455 iudicasset
935 424 1040 455 hahet
1066 424 1090 454 V
1113 425 1209 455 recte
1234 423 1455 463 (iudicavisset
1478 424 1579 463 Lagg.
1606 425 1745 464 praeter
1768 423 1830 462 42),
1847 441 1882 446 -

150 483 179 515 6.
206 483 343 514 iudicem
366 481 470 513 habet
492 481 531 518 V,
564 480 601 510 ut
623 478 777 517 videtur,
811 487 877 510 non
901 479 1067 510 iudicium.
1095 496 1129 501 —-
1162 479 1284 518 falsum
1308 486 1371 509 nos
1396 479 1627 515 restituimu53
1653 487 1768 519 neque
1793 480 1886 511 enim

150 537 190 570 42
212 538 295 577 salso
318 537 440 575 habet,
472 535 535 567 sed
558 535 690 566 tantum
715 534 786 564 trcs
811 534 891 565 edd.
917 537 1000 566 vett.
1026 543 1067 566 ex
1098 535 1266 575 apparatu
1289 534 1429 573 Lagom.
1466 534 1586 573 Neque
1611 535 1665 565 est
1687 533 1780 574 quod
1805 543 1887 566 cum

150 593 306 634 Zumptio
337 592 380 624 de
412 590 567 623 lectionis
590 589 734 620 veritate
760 588 916 625 dubites;
951 590 993 620 cf.
1020 589 1063 621 de
1088 588 1181 620 Offic.
1209 589 1264 619 111.
1290 588 1320 628 S.
1348 588 1421 620 408.
1445 588 1566 628 falsum
1588 589 1717 627 iurare,
1751 589 1796 620 ad
1818 591 1885 622 Att.

149 649 218 680 Vll.
245 647 295 680 44.
318 648 439 688 falsum
459 645 607 678 scribere.
636 662 670 666 —
698 644 728 675 9.
755 645 880 675 actione
904 644 943 675 V.
972 662 1005 666 —
1033 645 1084 675 44.
1112 644 1145 675 in
1162 644 1371 684 provinciam
1395 643 1466 683 (sic)
1490 643 1587 675 verbo
1610 644 1650 682 V,
1676 645 1714 675 ut
1735 644 1885 676 videtur.

152 722 185 725 -—
212 704 322 744 neque]
346 712 402 735 nec
424 702 480 740 29,
505 710 544 732 ne
566 700 606 732 42
623 709 656 741 p.
678 700 752 741 (pro
776 709 847 740 neq.
867 702 946 731 ante
965 699 1162 739 quisquam.)
1185 717 1218 722 —-
1247 700 1298 730 42.
1324 699 1521 731 auctoritate
1542 707 1604 730 sua
1618 699 1671 730 29.
1693 716 1727 721 —
1754 699 1805 731 44.
1824 698 1888 731 sal-

149 768 227 791 sum
251 760 303 791 est
325 758 418 799 quod
441 758 474 789 Z.
500 757 545 787 ait
569 756 602 787 in
626 755 666 787 42
690 755 814 787 deesse
838 756 977 792 mansit3
1005 755 1106 787 abest
1128 754 1172 786 ab
1197 755 1264 786 hoc
1288 754 1365 785 cod.
1384 754 1443 786 illa
1459 756 1540 786 ante
1556 755 1688 795 =qram's,
1714 756 1886 796 notaeque

149 814 335 856 apographi
358 812 454 845 Nieb.
474 813 599 843 iterum
623 810 666 842 ab
684 820 725 842 co
743 811 908 843 confusae
925 813 1022 849 sunt,
1048 811 1106 851 qui
1123 810 1281 851 Zumptio
1298 808 1464 860 lect—iones
1482 810 1678 851 descripsit.
1701 828 1736 833 —
1756 811 1807 842 45.
1822 819 1889 850 pu-

149 871 240 902 tastis
254 869 337 901 V.—
355 865 606 902 LOCl'PLEs'lS
622 866 701 897 V.-
727 867 779 897 27.
797 867 927 906 facilius
942 868 1021 898 V.——
1043 866 1094 898 31.
1113 874 1208 905 eques
1225 865 1328 906 Rom]
1344 874 1398 905 pr.
1418 865 1458 897 42
1477 874 1553 906 p.—
1581 866 1634 898 33.
1652 865 1780 897 videtur
1795 865 1835 898 42
1852 874 1885 907 p.

233 933 310 966 pag.
337 924 409 955 499.
435 932 465 955 ν.
493 921 544 954 44.
570 922 726 953 iudicium
750 923 924 954 dimittitur
946 923 998 954 29.
1019 940 1053 944 —
1081 922 1132 954 48.
1161 922 1385 953 Timarchiden
1408 921 1461 953 29.
1484 939 1518 944 -—-
1546 921 1599 953 24.
1623 920 1759 952 habebat
1783 921 1813 953 6.
1831 920 1884 953 42.

151 999 185 1004 —-
211 981 262 1012 ⁵25.
289 980 372 1011 idem
393 979 423 1010 6-
442 978 501 1014 ⁶293
527 979 561 1010 et
585 978 635 1009 Sic
659 987 691 1009 v.
711 978 763 1008 ΞΠ.
789 979 867 1018 Lag.
887 979 905 1010 6
930 979 964 1010 et
979 978 1031 1010 45.
1053 996 1088 1000 —-
1116 978 1169 1009 29.
1189 977 1310 1019 eodem]
1334 978 1419 1009 idem
1433 977 1487 1009 29.
1509 995 1544 1000 -
1570 977 1623 1009 34.
1648 977 1708 1017 Μ.]
1732 977 1774 1008 Ν.
1793 976 1834 1009 42
1850 985 1885 1018 p.

230 1043 307 1076 pag.
331 1034 404 1066 200.
441 1043 473 1065 v.
500 1034 529 1065 2.
560 1032 705 1065 dicebant
737 1034 845 1065 adesse
876 1034 1028 1065 alterutri
1059 1034 1099 1065 29
1132 1032 1298 1074 (alter-iuri
1321 1033 1385 1073 42).
1415 1051 1450 1056 —
1486 1034 1518 1064 7.
1543 1033 1652 1064 Siculo
1675 1036 1705 1065 et
1728 1032 1889 1065 Graeculo

146 1089 265 1122 Lamb.
295 1108 329 1113 —-
364 1090 394 1122 8.
421 1089 595 1130 adsuerunt
617 1089 669 1120 29.
706 1106 739 1110 ——
778 1093 973 1130 coynoscant
996 1089 1036 1121 42
1060 1098 1094 1130 p.
1122 1107 1157 1110 —
1193 1089 1224 1120 9.
1250 1089 1432 1120 Minuntius
1455 1088 1513 1127 42,
1542 1090 1581 1120 ut
1603 1097 1708 1130 supra
1731 1097 1764 1120 v.
1790 1087 1822 1121 4.
1849 1105 1883 1110 -

147 1147 198 1177 44.
224 1145 326 1178 verbis
348 1154 417 1178 om.
443 1144 483 1177 42
506 1153 539 1186 p.
570 1163 603 1167 —-
631 1145 840 1184 persequitur
863 1146 893 1177 5.
920 1146 972 1176 27.
998 1144 1051 1176 42.
1080 1162 1114 1167 —
1149 1145 1200 1175 42.
1226 1144 1356 1185 qratius
1378 1145 1477 1175 etiam
1500 1144 1553 1175 29.
1582 1162 1618 1167 —
1649 1145 1684 1175 in
1707 1152 1739 1175 se
1761 1143 1799 1175 ia
1819 1147 1888 1175 tum

146 1201 185 1233 42
209 1210 242 1243 p.
271 1219 306 1224 -
332 1200 383 1233 44.
409 1210 440 1233 se
462 1201 509 1232 ita
532 1199 651 1232 Lamb.
681 1218 714 1222 —
753 1201 804 1232 46.
830 1201 1001 1241 respondet
1023 1200 1075 1231 29.
1106 1218 1139 1222 —
1178 1201 1229 1231 47.
1256 1203 1355 1239 atque
1377 1199 1487 1232 ablato
1510 1199 1551 1232 42
1574 1208 1608 1241 p.
1645 1217 1680 1222 —
1714 1199 1765 1231 49.
1791 1203 1889 1239 atque

145 1257 287 1288 audacia
310 1257 362 1288 29.
389 1274 425 1280 -
451 1256 503 1288 24.
529 1265 603 1287 cum
626 1257 682 1287 iste
702 1265 755 1296 pr.
782 1256 822 1288 42
847 1265 880 1298 p.
909 1273 943 1278 —
970 1257 1023 1288 27.
1050 1265 1115 1287 non
1138 1255 1242 1286 solum
1262 1258 1368 1287 mente
1391 1263 1460 1286 om.
1479 1254 1519 1287 42
1539 1263 1573 1296 p.
1595 1271 1629 1276 -—
1656 1255 1709 1287 29.
1734 1263 1890 1295 suprema

145 1313 324 1352 escpectatio
346 1311 386 1344 42
411 1321 444 1353 p.
473 1329 505 1335 -
541 1311 593 1343 34.
622 1312 834 1343 Timarchidis
863 1312 894 1343 6.
921 1311 973 1343 29.
1014 1328 1048 1333 —
1081 1311 1133 1343 32.
1158 1312 1238 1351 Lag.
1265 1311 1323 1349 29,
1354 1311 1397 1342 de
1429 1319 1497 1351 quo
1522 1311 1556 1342 Z.
1582 1309 1708 1342 fallitur
1739 1311 1785 1351 (et
1807 1311 1885 1344 fort.

145 1368 247 1399 etiam
271 1367 314 1399 de
337 1369 362 1399 A
377 1368 431 1408 B),
462 1368 511 1399 sic
535 1367 658 1399 habet:
695 1367 854 1407 Sopatrus
889 1368 1023 1399 deorum
1046 1370 1143 1406 atque
1166 1367 1332 1398 hominum
1353 1367 1449 1401 tidem
1472 1365 1652 1398 obsecrare.
1683 1383 1718 1388 -
1753 1366 1805 1398 33.
1830 1367 1889 1399 isle

141 1426 270 1463 repente
291 1423 345 1454 29.
373 1439 409 1446 —
434 1423 515 1454 nihil
536 1424 758 1464 interroyatus
777 1433 840 1464 pro
864 1431 927 1462 quo
950 1423 1084 1454 dixisset
1107 1422 1147 1463 42
1171 1431 1205 1463 p.

227 1487 305 1520 pag.
330 1479 405 1510 204.
436 1488 468 1510 v.
494 1480 525 1510 2.
551 1480 796 1520 haruspicisque
824 1479 864 1511 29
889 1480 923 1511 et
950 1479 990 1511 42
1015 1487 1127 1514 corn:
1164 1477 1388 1518 aruspicisque
1417 1477 1457 1510 42
1486 1486 1521 1519 p.
1553 1479 1587 1509 et
1619 1477 1693 1510 ren.
1718 1479 1820 1519 Lagg.
1847 1495 1882 1500 —

143 1535 172 1566 6.
198 1535 388 1566 sententiam
411 1535 498 1566 dicat
521 1534 642 1566 Lamb.
672 1553 706 1557 ——
736 1535 871 1567 Tametsi
886 1553 934 1557 --
949 1535 1065 1575 sutura
1087 1534 1127 1565 sit
1150 1543 1220 1566 om.
1246 1534 1348 1574 Lagg.
1374 1534 1515 1574 praeter
1537 1533 1578 1565 29
1603 1534 1637 1565 et
1658 1533 1711 1566 42.
1737 1533 1888 1575 (eamque

140 1591 167 1622 si
189 1591 296 1622 minus
324 1591 358 1622 id
391 1591 475 1630 quod
504 1590 594 1622 nobis
617 1590 657 1623 42
687 1592 733 1632 p.)
762 1609 796 1613 —
834 1592 886 1623 42.
914 1590 1134 1622 Ptolomaeum
1165 1598 1288 1621 omnes
1315 1591 1416 1630 Lagg.
1445 1607 1479 1611 —
1517 1589 1569 1621 43.
1599 1589 1707 1621 minus
1735 1591 1779 1621 ad
1800 1591 1887 1623 vitae

143 1649 273 1678 nostrae
295 1646 468 1677 discrimen
491 1655 560 1678 om.
587 1646 627 1678 42
650 1656 684 1687 p.
712 1665 746 1668 —
772 1650 962 1678 nostrarum
985 1655 1054 1678 om.
1074 1646 1126 1678 42.
1149 1664 1181 1669 -
1211 1646 1262 1677 46.
1287 1646 1314 1676 si
1338 1654 1380 1677 ea.-
1401 1645 1521 1676 iudicio
1541 1653 1610 1677 om.
1628 1645 1687 1677 hoc
1709 1645 1816 1678 habet
1830 1646 1883 1679 42.

149 1720 183 1724 —
209 1710 274 1733 sese
301 1702 457 1741 eripuerit
484 1701 524 1733 42
548 1710 582 1742 p.
610 1702 689 1742 (om.
717 1703 763 1743 Ζ.)
792 1721 826 1725 -
859 1703 912 1734 47.
937 1702 982 1733 sic
1011 1703 1045 1733 in
1068 1703 1136 1733 eius
1158 1702 1188 1733 5.
1215 1700 1268 1733 42.
1296 1719 1331 1724 —-
1362 1702 1415 1733 20.
1441 1709 1483 1733 eae
1504 1701 1575 1743 isto]
1602 1701 1663 1733 isto
1687 1710 1757 1733 non
1780 1701 1887 1734 habet

145 1757 204 1796 42,
235 1756 299 1789 sed
325 1766 388 1798 pro
419 1766 460 1789 eo
490 1766 538 1796 eS‚
572 1759 772 1799 corruptum
802 1767 844 1789 ex
873 1767 928 1796 eo,
960 1759 997 1789 ut
1025 1757 1131 1789 habet
1154 1759 1192 1795 F,
1224 1757 1319 1797 quod
1347 1757 1403 1789 hic
1437 1757 1556 1798 utique
1591 1756 1659 1789 dici
1691 1758 1815 1799 potuit.
1848 1776 1883 1782 -

146 1813 199 1844 22.
227 1811 363 1844 Falsum
387 1814 439 1845 est
464 1813 558 1853 quod
581 1813 627 1844 ait
642 1814 690 1851 Z.,
717 1822 736 1844 a
760 1813 837 1844 cod.
863 1815 892 1846 N
914 1813 1066 1854 reliquos
1091 1813 1191 1845 codd.
1210 1822 1279 1845 non
1295 1813 1483 1851 dissidere3
1508 1814 1616 1845 immo
1632 1812 1765 1846 habent
1779 1815 1884 1856 Lagg.

146 1869 306 1909 (excepto
330 1867 381 1908 42)
406 1869 521 1907 istum,
547 1877 616 1900 non
639 1869 735 1900 istum
757 1870 871 1909 etiam,
897 1871 934 1900 ut
956 1878 989 1910 p.
1014 1870 1088 1901 204.
1114 1870 1148 1901 in
1172 1868 1288 1900 adnot.
1307 1869 1547 1901 indicavimus.
1567 1886 1602 1891 —
1629 1869 1682 1902 24.
1708 1870 1810 1902 trium
1831 1871 1887 1902 iu—

143 1924 264 1955 dicium
286 1923 339 1955 29.
366 1922 416 1955 42.
446 1942 481 1947 —-
506 1924 559 1955 27.
586 1924 624 1955 ob
646 1933 715 1956 rem
738 1925 914 1956 iucundam
937 1925 994 1964 29,
1019 1926 1057 1956 ut
1079 1926 1264 1966 peccatum
1288 1926 1341 1956 est
1364 1925 1397 1956 in
1422 1924 1524 1956 codd.
1551 1933 1602 1957 or.
1620 1933 1655 1966 p.
1674 1926 1760 1957 Mur.
1780 1925 1810 1967 S.
1830 1927 1883 1958 64.

144 1997 177 2000 -
205 1979 258 2011 30.
284 1980 318 2010 in
342 1988 410 2011 om.
435 1978 476 2012 42
500 1988 533 2020 p.
562 1997 596 2001 —
623 1980 674 2011 31.
699 1981 807 2011 maius
829 1981 935 2021 Lg29:
968 1981 1075 2021 magis
1098 1980 1201 2012 codd.
1227 1979 1300 2012 rell.
1325 1981 1395 2012 noti
1420 1982 1454 2012 et
1478 1980 1558 2012 edd.
1595 1981 1797 2013 Lectionem
1821 1990 1883 2014 co-

142 2035 227 2066 dicis
252 2035 340 2075 Lg29
364 2044 383 2066 a
400 2036 555 2076 Zumptio
579 2044 647 2067 non
671 2034 806 2068 allatam
825 2045 887 2068 nos
904 2037 1135 2076 restituimus,
1162 2045 1228 2068 nec
1245 2044 1446 2074 movemur,
1474 2035 1568 2077 quod
1584 2034 1682 2068 locus
1699 2037 1734 2069 in
1749 2038 1882 2070 Anecd.

141 2090 270 2121 rhetor.
296 2091 401 2122 Paris.
428 2090 482 2122 ed.
508 2091 668 2123 Eckstein
693 2100 724 2131 p.
751 2092 781 2130 7,
808 2093 860 2124 42.
891 2093 940 2123 sic
970 2093 1127 2124 affertur:
1161 2092 1270 2123 Scelus
1297 2095 1341 2123 est
1373 2092 1521 2131 accipere
1550 2101 1572 2123 a
1602 2101 1656 2124 reo
1683 2093 1878 2132 pecuniam:

141 2149 262 2185 quanto
285 2146 390 2187 magis
413 2146 453 2177 ab
476 2150 674 2178 accusatore.
700 2164 734 2168 —-
762 2146 813 2179 32.
835 2148 1055 2187 proposuisses
1077 2149 1107 2179 4.
1134 2147 1186 2180 42.
1217 2164 1250 2170 -
1278 2147 1330 2179 36.
1353 2151 1467 2187 postea
1489 2148 1621 2180 tandem
1643 2148 1684 2180 42
1701 2157 1735 2190 p.
1757 2167 1791 2172 —
1818 2150 1884 2181 ad-

140 2203 286 2234 versario
310 2202 412 2233 etiam
436 2202 496 2242 29,
522 2204 559 2233 ut
582 2203 728 2234 videtur.

225 2266 302 2299 pag.
328 2258 402 2289 202.
429 2266 462 2289 V.
489 2259 518 2289 4.
544 2261 573 2289 et
596 2259 704 2290 trades
726 2258 778 2289 cui
800 2259 885 2290 voles
908 2267 976 2289 om.
997 2258 1037 2290 42
1061 2267 1094 2299 p.
1116 2276 1149 2280 —
1177 2260 1209 2291 2.
1234 2259 1343 2290 reddis
1366 2259 1467 2299 Lagg.
1487 2259 1628 2299 praeter
1649 2259 1690 2291 29
1715 2261 1750 2291 et
1771 2259 1825 2293 42.
1845 2278 1880 2283 —

139 2313 170 2345 3.
197 2314 350 2345 audimus
377 2314 434 2350 29;
472 2317 529 2345 aut
556 2315 709 2345 audimus
737 2313 790 2346 42.
828 2332 862 2336 -—
899 2315 930 2346 5.
956 2318 1077 2345 norunt
1106 2314 1135 2345 6.
1163 2315 1203 2345 27
1229 2315 1263 2346 et
1284 2313 1325 2346 42
1350 2323 1383 2355 p.
1416 2332 1451 2337 —-
1488 2314 1519 2345 7.
1544 2314 1696 2346 habemus
1718 2314 1758 2347 42
1781 2324 1815 2357 p.
1844 2334 1877 2340 —

138 2370 169 2401 8.
194 2369 295 2401 iudex
318 2369 477 2412 obtinebit]
502 2370 647 2401 videlicet
669 2369 710 2401 42
734 2379 768 2410 p.
797 2387 831 2391 —
859 2370 888 2401 9.
914 2370 942 2400 si
965 2369 1065 2401 abest
1089 2379 1107 2401 3
1131 2369 1172 2402 42
1196 2379 1230 2411 p.
1259 2388 1295 2392 —-
1321 2371 1373 2402 44.
1400 2372 1492 2411 neyet
1514 2378 1584 2402 om.
1609 2370 1670 2409 29,
1695 2375 1794 2412 negat
1815 2373 1882 2404 ati-

138 2421 262 2465 quer-iq.
291 2424 362 2465 (sic)
388 2426 443 2465 qui
466 2426 643 2465 Sopatrum
666 2424 706 2457 42
730 2434 764 2466 p.
786 2443 819 2448 —
845 2425 896 2457 42.
923 2426 1065 2466 defendet
1088 2425 1142 2457 29.
1163 2442 1197 2446 —
1226 2425 1278 2458 43.
1304 2425 1435 2457 iuratus
1449 2442 1497 2448 --
1514 2426 1628 2458 datam
1643 2435 1712 2458 om.
1730 2427 1771 2459 42
1788 2436 1822 2469 p.
1843 2445 1878 2450 ——

138 2480 189 2513 44.
213 2481 386 2520 pecuniam
409 2481 449 2512 ab
472 2481 715 2512 accusatoribus
737 2480 777 2513 42
801 2490 834 2522 p.
860 2482 966 2512 recte.
995 2481 1074 2521 (om.
1093 2481 1141 2521 Z.)
1168 2498 1202 2503 —
1230 2482 1281 2512 45.
1306 2481 1524 2513 Habilicenses
1545 2480 1586 2513 42
1610 2490 1646 2523 p.
1670 2498 1705 2503 —-
1732 2482 1784 2514 48.
1802 2483 1883 2515 illud

136 2545 258 2578 negare
277 2539 368 2577 poles
391 2545 486 2578 susp.
505 2537 629 2568 Bakius
654 2536 675 2568 l.
695 2546 725 2568 c.
752 2545 786 2577 p.
806 2536 878 2568 498.
902 2554 935 2558 -
961 2536 1014 2567 20.
1040 2540 1133 2575 teque
1154 2536 1237 2578 eum]
1263 2540 1367 2568 tecum
1389 2536 1430 2569 42
1447 2546 1480 2578 p.
1502 2553 1538 2559 —
1563 2537 1617 2569 22.
1642 2538 1881 2571 condemnasset

137 2601 210 2624 cum
239 2593 270 2624 h.
295 2592 379 2633 conf.
405 2593 469 2624 eris
491 2601 585 2632 quem
608 2592 650 2624 42
675 2601 707 2633 p.
736 2610 770 2614 —
803 2592 856 2623 25.
882 2592 1002 2624 occulte
1031 2593 1117 2633 9eris
1145 2596 1203 2624 aut
1226 2593 1304 2632 quid
1327 2593 1447 2625 dubitet
1469 2592 1510 2625 42
1534 2601 1569 2634 p.
1597 2611 1632 2616 —
1666 2593 1718 2625 30.
1744 2595 1882 2635 accipite

136 2657 201 2680 non
223 2648 383 2688 attupeius
402 2649 532 2689 facinus
553 2648 594 2680 42
618 2657 651 2689 p.
681 2666 715 2670 —-
741 2648 794 2679 34.
819 2651 855 2679 ut
877 2657 969 2679 nemo
993 2649 1103 2679 omnia
1118 2665 1166 2671 --
1182 2649 1332 2680 videntur
1355 2648 1396 2681 42
1419 2657 1454 2690 p.

222 2712 298 2745 pag.
325 2704 400 2736 203.
425 2713 458 2735 ν.
485 2705 514 2735 4.
539 2704 644 2735 Huius
665 2704 801 2743 hospitio
828 2704 940 2735 Verres
961 2712 1036 2735 cum
1057 2713 1135 2735 usus
1156 2707 1235 2736 esset
1256 2707 1286 2736 et
1307 2705 1396 2744 apud
1419 2713 1508 2744 eum,
1532 2713 1607 2736 cum
1623 2705 1764 2737 Thermis
1785 2714 1880 2746 saepe

136 2768 270 2791 numero
297 2759 425 2800 fuisset,
460 2761 558 2792 etiam
589 2759 760 2791 habitasset
789 2761 889 2791 acute
918 2761 1115 2800 suspicatur
1136 2761 1261 2792 Bakius
1284 2759 1304 2792 1.
1332 2770 1361 2792 c.
1389 2769 1422 2802 p.
1449 2761 1524 2792 498.
1559 2778 1595 2784 -
1631 2761 1660 2792 2.
1688 2770 1754 2792 non
1774 2762 1879 2793 solum

135 2824 198 2856 pro
222 2824 287 2847 non
308 2816 403 2847 modo
424 2824 488 2847 nos
511 2816 741 2854 restituimus,
773 2817 853 2856 quia
882 2815 1044 2847 distinete
1075 2823 1095 2846 a
1118 2816 1258 2856 Lagom.
1287 2816 1452 2848 traditum
1477 2818 1531 2850 est
1559 2817 1592 2848 in
1616 2816 1778 2849 omnibus
1805 2819 1878 2851 suis

134 2871 238 2903 solum
259 2879 323 2912 pro
345 2872 440 2903 modo
462 2872 619 2903 inveniri.
648 2889 683 2894 —
709 2872 764 2903 sed
779 2889 828 2895 --
844 2872 937 2902 domo
961 2872 1029 2902 eius
1051 2880 1119 2903 om.
1145 2870 1187 2903 42
1211 2881 1244 2913 p.
1266 2890 1301 2894 —
1328 2872 1359 2904 3.
1386 2872 1498 2904 omnia
1520 2873 1614 2905 domo
1637 2880 1706 2905 om.
1731 2873 1799 2904 eius
1820 2873 1873 2906 29.

138 2944 173 2949 —
199 2927 231 2958 6.
256 2926 372 2959 delicia
395 2926 434 2959 42
458 2936 512 2968 p.;
539 2927 710 2958 deliaciam
732 2926 805 2959 rell.
824 2928 925 2967 Lagg.
948 2943 982 2949 —
1009 2931 1039 2958 et
1061 2928 1223 2958 corinthia
1244 2931 1275 2959 el
1297 2928 1427 2960 tabulas
1449 2927 1490 2961 42
1505 2937 1540 2970 p.
1562 2947 1597 2951 —-
1624 2929 1654 2960 6.
1673 2927 1759 2970 bene]
1781 2929 1877 2969 fabre

137 2990 254 3022 margo
279 2982 334 3014 ed.
361 2983 472 3019 crat.;
498 2982 624 3023 affabre
646 2982 767 3014 Lamb.
797 3001 832 3005 —
858 2983 910 3014 23.
935 2983 1223 3024 Karthayinienses
1246 2984 1280 3015 et
1302 2992 1335 3015 v.
1360 2984 1413 3015 26.
1438 2985 1608 3025 Karthago
1630 2983 1738 3016 habet
1761 2983 1813 3017 42.
1834 3003 1870 3008 —

137 3037 190 3068 26.
216 3046 411 3078 recuperare
433 3046 502 3069 om.
521 3037 562 3070 42
584 3047 618 3079 p.
638 3056 673 3060 —
699 3039 752 3070 27.
776 3039 802 3070 ii
823 3047 888 3070 sese
906 3038 1056 3080 Thermis]
1080 3039 1128 3070 his
1150 3039 1342 3070 ocherminis
1363 3039 1404 3071 42
1419 3049 1469 3081 p.,
1495 3048 1537 3072 ex
1560 3049 1629 3080 quo
1653 3039 1781 3072 mendo
1804 3040 1873 3074 hoc

139 3091 280 3132 quidem
304 3094 450 3135 apparet
472 3094 506 3125 in
530 3094 604 3126 eius
627 3094 818 3135 archetypo
842 3103 910 3126 non
933 3103 1014 3133 sese,
1039 3093 1101 3125 sed
1124 3102 1156 3125 se
1179 3094 1274 3134 quod
1295 3095 1324 3125 V
1347 3094 1472 3134 habet,
1498 3097 1666 3138 scriptum
1688 3096 1805 3128 fuisse.
1833 3114 1869 3125 -,

137 3147 190 3179 29.
214 3147 257 3189 hi]
281 3151 310 3180 et
331 3148 372 3181 42
395 3158 429 3191 p.
456 3150 536 3190 (om.
563 3149 631 3189 Z.),
657 3152 860 3192 corruptum
883 3159 925 3181 ex
948 3150 976 3181 ei
1000 3149 1036 3190 (ii
1058 3148 1166 3181 habet
1188 3150 1240 3189 V).
1268 3167 1304 3171 —
1330 3150 1382 3182 34.
1407 3151 1476 3191 ipse
1497 3151 1538 3184 42
1562 3161 1596 3193 p.
1623 3153 1657 3183 et
1678 3151 1732 3182 29.

223 3211 299 3244 pag.
324 3204 398 3237 204.
424 3214 457 3237 v.
484 3206 514 3236 4.
538 3205 717 3245 formatam
731 3206 772 3237 V.
801 3224 835 3228 —-
861 3206 892 3237 2.
918 3214 992 3236 cum
1013 3204 1095 3236 libro
1119 3213 1188 3236 om.
1214 3205 1267 3237 29.
1287 3223 1321 3227 -—
1349 3206 1379 3237 3.
1405 3207 1462 3247 qui
1481 3207 1545 3247 fuit
1564 3207 1756 3239 Himeraeus
1776 3206 1869 3240 bene

138 3265 233 3299 susp.
257 3259 380 3293 Bakius
402 3259 423 3293 Ι.
444 3270 473 3292 c.
499 3269 532 3302 p.
553 3261 626 3292 499.
647 3279 682 3284 -
707 3261 739 3294 4.
763 3261 826 3293 hac
848 3262 906 3293 iste
928 3261 1159 3292 arduissimam
1181 3261 1413 3301 concupiverat
1434 3263 1475 3295 42
1496 3272 1531 3304 p.
1553 3281 1587 3286 -
1613 3264 1644 3294 5.
1668 3265 1704 3294 ul
1725 3262 1794 3294 iam
1810 3272 1869 3295 nos

137 3311 178 3345 42
200 3321 234 3354 p.
262 3331 299 3338 -
330 3315 360 3347 6.
384 3315 502 3348 harum
529 3325 641 3349 rerum
668 3317 764 3349 rudes
787 3317 839 3349 29.
873 3334 910 3340 -
935 3325 1108 3358 possumus
1136 3316 1268 3349 habent
1291 3318 1323 3349 6.
1347 3317 1399 3349 29.
1424 3317 1476 3351 48.
1504 3319 1585 3359 (om.
1609 3318 1676 3359 Z.):
1706 3319 1868 3359 possimus
