2143 3713
679 224 773 265 cst.
805 224 981 264 v—vi.
1019 221 1091 276 §§·
1124 218 1314 261 sil—46.
1787 217 1867 258 545

133 338 302 390 (lignum
323 350 412 377 esse
435 336 592 376 ducetis
611 351 619 375 :
640 358 693 365 —
715 349 762 375 ea
792 336 916 387 igitur
947 341 1074 375 mater
1094 333 1254 380 Habiti,
1284 331 1424 370 Melini
1451 331 1560 370 illius
1582 330 1868 377 adolescentis,

134 401 271 451 generi
303 400 389 447 sui,
421 405 563 439 contra
593 411 714 451 quain
746 397 807 436 sas
840 403 941 443 erat,
973 410 1111 436 amore
1143 399 1284 447 capta,
1315 393 1468 445 primo,
1500 406 1635 445 neque
1665 392 1704 431 id
1734 394 1869 444 ipsum

133 461 225 507 (liu,
267 475 432 514 quoquo
472 460 592 499 modo
632 464 815 512 poterat,
858 460 897 498 in
930 460 1000 498 illa
1031 458 1254 510 cupiditate
1286 455 1594 501 continebatur3
1633 455 1783 494 deinde
1815 455 1869 493 ita

133 524 302 575 flagrare
333 523 469 574 coepit
497 521 695 567 amentia,
727 521 786 560 sic
817 522 1065 560 inflammata
1093 519 1188 558 ferri
1217 517 1411 564 libidine,
1443 522 1488 556 ut
1507 530 1596 555 eam
1619 530 1700 555 non
1723 515 1869 568 pudor,

134 582 232 636 [non
254 581 481 637 pudicitia,]
514 596 596 622 non
619 583 762 634 pietas,
795 596 877 621 non
904 583 1060 622 macula
1087 580 1279 626 familiae,
1303 592 1386 618 non
1410 578 1621 617 hominum
1641 577 1763 623 fama,
1785 584 1898 616 n0n5

132 644 201 685 lilii
224 646 355 693 dolor,
376 658 458 684 non
482 642 586 683 [iliae
606 657 766 683 maeror
786 658 809 684 a
830 645 1054 697 cupiditate
1076 646 1298 682 revocaret.
1332 638 1395 679 «13.
1417 640 1609 679 Animum
1631 639 1870 678 adolescen-

133 708 201 755 tis,
223 708 405 747 nondum
432 706 604 745 consilio
631 719 678 745 ac
707 707 865 745 ratione
888 705 1100 751 lirmatum,
1131 703 1303 756 pellexit
1327 703 1377 742 iis
1399 701 1587 742 omnibus
1608 701 1747 747 rebus,
1780 700 1870 753 qui-

131 770 206 809 bus
236 769 304 808 illa
324 774 435 808 aetas
459 768 547 820 capi
570 781 617 807 ac
639 768 813 807 deleniri
837 774 982 821 potest.
1025 766 1148 812 Filia,
1182 779 1286 819 quae
1312 778 1394 805 non
1417 764 1548 803 solum
1571 763 1642 802 illo
1664 761 1868 801 communi

131 830 271 870 dolore
300 829 489 869 muliebri
520 830 560 868 in
592 830 678 869 eius
711 830 821 869 modi
845 830 918 869 viri
950 828 1112 868 iniuriis
1138 833 1380 879 angeretur,
1413 825 1485 866 sed
1507 824 1708 865 nefarium
1730 824 1869 863 matris

129 892 363 944 pellicatum
401 891 506 930 ferre
544 905 627 931 non
667 898 827 944 posset,
867 891 917 930 de
957 904 1039 944 quo
1079 903 1128 929 ne
1170 890 1286 943 queri
1319 888 1489 942 quidem
1521 901 1563 927 se
1595 886 1684 926 sine
1714 885 1918 925 scelereio

128 967 250 1006 posse
280 953 564 1001 arbitraretur,
596 958 753 993 ceteros
787 955 846 993 sui
879 953 979 993 tanti
1010 952 1107 991 mali
1139 952 1305 1004 ignaros
1328 964 1417 990 esse
1440 949 1652 1003 cupiebat:
1684 949 1725 986 in
1746 947 1868 986 huius

128 1015 397 1055 amantissimi
429 1015 493 1054 sui
523 1015 659 1055 fratris
691 1016 879 1054 manibus
910 1020 949 1054 et
988 1014 1143 1066 gremio
1174 1026 1358 1052 maerore
1389 1017 1430 1052 et
1459 1010 1639 1051 lacrimis
1669 1022 1869 1049 consene-

128 1077 276 1117 scebat.
337 1073 402 1116 slli-.
446 1078 552 1117 Ecce
594 1084 730 1117 autem
778 1078 957 1117 subitum
1003 1076 1245 1121 divortium,
1291 1075 1403 1127 quod
1445 1072 1636 1114 solatium
1667 1071 1869 1111 malorum

127 1139 309 1179 omnium
339 1138 426 1178 fore
456 1139 685 1179 videbatur.
734 1139 921 1179 Discedit
949 1151 972 1177 a
1002 1138 1155 1177 Melino
1179 1136 1387 1183 Cluentia,
1421 1142 1464 1175 ut
1493 1137 1535 1175 in
1560 1135 1683 1174 tantis
1705 1133 1869 1172 iniuriis

127 1215 211 1241 non
240 1201 387 1248 invita,
422 1206 468 1240 ut
496 1215 519 1240 a
549 1201 636 1240 viro
668 1215 751 1240 non
782 1202 967 1240 libenter.
1026 1201 1129 1238 Tum
1161 1212 1256 1239 vero
1293 1199 1364 1238 illa
1394 1198 1558 1250 egregia
1590 1202 1630 1237 et
1658 1196 1917 1249 praeclaram

128 1268 257 1304 mater
290 1264 425 1316 palam
455 1263 662 1303 exsultare
690 1263 868 1310 laetitia,
914 1261 1160 1314 triumphare
1191 1260 1340 1313 gaudio
1372 1260 1530 1312 coepit:
1571 1259 1719 1299 victrix
1747 1255 1869 1304 filiae,

126 1339 211 1365 non
250 1325 453 1373 libidinis,
492 1325 644 1365 diutius
686 1324 989 1378 suspicionibus
1028 1322 1212 1362 obscuris
1250 1322 1357 1361 laedi
1386 1321 1538 1361 famam
1569 1334 1684 1360 suam
1715 1320 1868 1359 noluit:

126 1386 275 1427 lectum
307 1387 423 1426 illum
454 1387 677 1440 genialem,
710 1400 833 1440 quem
864 1385 1034 1425 biennio
1066 1388 1159 1423 ante
1185 1384 1297 1423 filiae
1330 1396 1429 1423 suae
1459 1382 1631 1422 nubenti
1661 1385 1870 1427 straverat,

126 1449 168 1488 in
200 1448 342 1488 eadem
375 1449 498 1488 domo
530 1449 607 1488 sibi
638 1450 774 1489 ornari
805 1453 846 1488 et
876 1447 1004 1488 sterni
1035 1446 1211 1498 expulsa
1240 1451 1366 1498 atque
1389 1445 1605 1485 exturbata
1633 1441 1715 1483 filia
1744 1442 1869 1483 iubet.

125 1511 251 1551 Nubit
288 1524 441 1563 genero
479 1525 617 1551 socrus
656 1511 779 1551 nullis
816 1510 1071 1563 auspicibus,
1114 1508 1239 1548 nullis
1269 1507 1525 1555 auctoribus,
1564 1505 1739 1546 funestis
1769 1503 1918 1546 omi-20

127 1573 246 1612 nibus
285 1574 480 1612 omnium.
540 1574 607 1612 VI.
640 1570 704 1612 sili.
747 1574 780 1612 Ο
822 1571 1006 1612 mulieris
1045 1572 1178 1611 scelus
1218 1570 1458 1610 incredibile
1495 1574 1534 1609 et
1572 1572 1736 1622 praeter
1764 1566 1870 1606 hanc

125 1648 249 1674 unam
280 1634 323 1673 in
354 1636 465 1674 omni
497 1636 579 1675 vita
609 1635 862 1675 inauditum!
908 1647 931 1673 o
964 1633 1175 1673 libidinem
1207 1634 1444 1673 effrenatam
1476 1636 1517 1671 et
1546 1628 1810 1670 indomitam!
1847 1641 1870 1667 o

127 1697 338 1737 audaciam
370 1697 638 1749 singulareml
679 1710 817 1736 nonne
849 1697 1054 1743 timuisse,
1091 1696 1124 1736 si
1155 1696 1291 1735 minus
1322 1695 1405 1734 vim
1436 1695 1608 1734 deorum
1637 1692 1872 1731 hominum-

129 1772 209 1812 que
239 1758 410 1805 samam,
442 1764 482 1798 at
512 1759 625 1798 illam
656 1760 787 1811 ipsam
820 1763 980 1798 noctem
1012 1758 1207 1810 facesque
1237 1757 1329 1796 illas
1360 1756 1595 1810 nuptiales?
1631 1768 1714 1794 non
1743 1753 1870 1793 limen

129 1821 306 1860 cubiculi
325 1823 342 1860 ⁵?
373 1833 456 1859 non
481 1821 613 1860 cubile
633 1821 773 1860 filiae?
805 1835 887 1860 non
913 1820 1087 1872 parietes
1109 1813 1290 1872 denique
1311 1819 1437 1870 ipsos,
1465 1819 1724 1871 superiorum
1745 1821 1870 1856 testes
1883 1828 1918 1857 25

129 1883 393 1936 nuptiarum?
432 1882 628 1935 perfregit
659 1896 704 1922 ac
735 1882 953 1935 prostravit
983 1882 1121 1921 onmia
1151 1877 1373 1933 cupiditate
1404 1893 1451 1919 ac
1482 1880 1640 1919 furore:
1671 1880 1769 1919 vicit
1798 1893 1872 1932 pu-

130 1945 270 1985 dorem
301 1944 452 1991 libido,
484 1946 669 1984 timorem
699 1944 893 1990 audacia,
934 1945 1134 1983 rationem
1165 1943 1356 1982 amentia.
1416 1938 1480 1981 flss.
1512 1942 1624 1981 Tulit
1652 1941 1731 1981 hoc
1763 1954 1871 1980 com-

130 2021 251 2047 mune
284 2007 464 2047 dedecus
496 2006 703 2053 familiae,
747 2006 1027 2058 cognationis,
1066 2005 1243 2045 nominis
1274 2005 1450 2057 graviter
1479 2002 1611 2052 filius3
1645 2003 1872 2056 augebatur

129 2075 266 2109 autem
297 2070 382 2108 eius
413 2069 601 2108 molestia
632 2069 883 2121 quotidianis
916 2067 1186 2121 querimoniis
1218 2073 1257 2107 et
1275 2067 1441 2107 assiduo
1464 2067 1561 2106 fletu
1587 2066 1760 2106 sororis:
1792 2069 1873 2104 sta-

129 2132 205 2171 tuit
235 2137 371 2171 tamen
403 2130 503 2170 nihil
534 2130 611 2170 sibi
643 2131 684 2169 in
717 2130 839 2169 tantis
872 2129 1031 2168 iniuriis
1052 2142 1098 2168 ac
1120 2135 1234 2168 tanto
1255 2129 1409 2168 scelere
1431 2128 1573 2168 matris
1595 2128 1759 2181 gravius
1781 2139 1872 2166 esse
1884 2138 1920 2166 30

127 2193 381 2239 faciendum,
413 2205 536 2246 quam
566 2196 611 2231 ut
641 2191 712 2231 illa
740 2204 792 2231 ne
824 2196 1031 2238 uteretur,
1062 2204 1136 2238 ne,
1168 2203 1273 2244 quae
1294 2191 1435 2231 videre
1457 2191 1543 2230 sine
1565 2202 1724 2230 summo
1745 2187 1872 2229 animi

128 2254 271 2294 dolore
309 2267 393 2294 non
431 2258 612 2307 poterat,
659 2267 729 2301 ea,
775 2254 808 2293 si
841 2258 970 2293 matre
999 2258 1205 2300 uteretur,
1250 2266 1334 2293 non
1364 2253 1498 2294 solum
1527 2252 1688 2299 videre,
1732 2264 1872 2292 verum

128 2315 252 2357 etiam
281 2316 454 2371 probare
485 2330 559 2356 suo
588 2315 741 2356 iudicio
771 2319 998 2368 putaretur.

214 2490 243 2521 l.
270 2488 400 2529 ducetis]
424 2487 608 2519 iudicabitis
631 2489 664 2518 S.
686 2505 720 2509 —
746 2488 777 2519 ⁶2.
802 2487 914 2528 neque]
939 2497 1001 2527 qao
1023 2489 1118 2519 'modo
1135 2489 1170 2519 T.
1185 2504 1219 2509 —
1245 2487 1275 2518 3.
1294 2487 1480 2526 cupiditate]
1504 2486 1635 2519 civitate
1657 2488 1677 2518 S
1701 2495 1752 2528 pr.
1771 2494 1818 2517 m.
1834 2502 1866 2508 —

127 2537 308 2571 continebat
331 2539 400 2570 ST.
428 2539 515 2570 Fort.
541 2538 574 2568 in
596 2537 654 2568 illa
676 2537 852 2576 cupiditate
874 2546 906 2569 se
928 2537 1119 2569 continebat.
1147 2537 1196 2569 Cf.
1223 2536 1266 2568 de
1291 2535 1366 2576 lege
1390 2545 1461 2576 agr.
1481 2536 1520 2567 II.
1547 2535 1577 2575 g.
1597 2536 1648 2567 97.
1676 2533 1797 2566 Parad.
1815 2534 1869 2565 111.

127 2588 158 2628 ἓ.
183 2588 236 2620 2⁴.
264 2606 298 2611 ——
329 2587 361 2620 4.
385 2586 604 2628 inflammata]
636 2588 796 2627 effrenata
820 2589 896 2618 Gar.
921 2587 952 2618 ⁶2.
981 2605 1015 2609 —
1050 2588 1081 2618 5.
1107 2596 1172 2618 non
1197 2586 1359 2626 pudicitia
1383 2594 1451 2616 om.
1479 2586 1499 2615 S
1516 2586 1552 2616 T.
1585 2584 1634 2616 Cf.
1661 2584 1804 2616 Bakium
1828 2581 1872 2613 ad

129 2638 201 2669 Cic.
227 2637 270 2670 de
294 2639 396 2679 Legg.
415 2638 439 2668 l.
466 2638 496 2677 g.
515 2637 566 2668 50.
594 2645 626 2677 p.
647 2636 762 2668 [448.—
790 2637 819 2668 6.
847 2637 939 2668 dolor
963 2638 1148 2678 (super-scr.
1174 2645 1221 2668 m.
1240 2638 1270 2668 ⁶2.
1292 2635 1411 2675 pudor)
1436 2636 1469 2666 S.
1490 2652 1526 2658 —
1553 2635 1584 2666 7.
1608 2633 1747 2674 perlexit
1770 2633 1813 2663 M.
1834 2648 1868 2652 —

126 2686 173 2717 his
196 2687 228 2718 S.
248 2704 283 2710 -
310 2687 341 2719 8.
367 2686 500 2718 deleniri
522 2687 553 2718 M
567 2686 609 2717 O:
636 2686 764 2717 deliniri
781 2687 801 2717 S
814 2687 838 2717 T
852 2687 873 2717 F
887 2688 948 2718 AL
962 2685 994 2719 Q.
1016 2705 1049 2709 —
1077 2687 1106 2718 9.
1125 2688 1178 2718 sed
1200 2687 1365 2727 nefarium
1381 2704 1398 2708 —
1411 2703 1428 2708 -
1445 2685 1668 2716 arbitraretur
1683 2682 1873 2714 Arusianus

125 2736 272 2768 Messius
295 2744 331 2777 p.
348 2736 421 2767 ⁶257.
448 2735 503 2767 ed.
522 2736 677 2767 Lindem.
699 2754 733 2758 —
761 2736 812 2767 40.
839 2745 871 2768 se
893 2737 960 2768 sinc
982 2737 1097 2768 scelere
1120 2738 1140 2768 S
1154 2737 1178 2767 T
1203 2737 1236 2767 et
1251 2736 1462 2767 Arusianus:
1487 2735 1555 2765 sine
1577 2733 1693 2765 scelere
1715 2740 1746 2763 se
1770 2730 1872 2761 RAL

125 2782 196 2817 ssO.
210 2803 244 2808 —
265 2786 317 2817 ll.
338 2794 432 2825 posse
448 2793 516 2817 om.
531 2787 731 2818 Arusianus.
752 2804 785 2807 —
814 2786 865 2817 15.
885 2790 921 2817 ut
945 2786 976 2827 a]
1001 2790 1036 2817 at
1058 2796 1080 2817 α
1096 2786 1138 2817 M.
1159 2801 1193 2806 —
1220 2787 1249 2816 et
1272 2785 1293 2815 S
1307 2785 1349 2815 T:
1380 2792 1419 2814 ac
1436 2783 1541 2815 FMA
1556 2784 1579 2814 L
1594 2781 1615 2815 8
1629 2782 1708 2813 0.—
1736 2779 1788 2810 46.
1808 2778 1873 2810 lae-

126 2834 200 2866 titia
214 2836 286 2867 ST:
313 2835 438 2867 laetitia
462 2843 501 2866 ac
524 2834 692 2869 RALssO.
716 2854 749 2858 —
778 2836 828 2866 47.
848 2835 988 2866 libidinis
1010 2836 1130 2866 diutius
1146 2835 1166 2866 S
1179 2836 1221 2866 T:
1249 2834 1401 2865 libidinis.
1426 2834 1538 2873 [laque
1555 2833 1675 2864 diucius
1691 2831 1752 2861 ΗΑ
1766 2830 1789 2860 L
1802 2827 1870 2862 ΕΟ.

126 2883 202 2915 Vid.
228 2883 375 2926 Spengel
399 2883 419 2915 l.
446 2883 466 2915 l.
494 2892 527 2924 p.
554 2883 626 2916 468.
654 2902 689 2906 —-
716 2886 768 2917 ⁶20.
793 2885 955 2916 Nathan
971 2885 1115 2915 onmium
1138 2883 1362 2922 Quintilianus
1387 2884 1440 2915 IV.
1459 2884 1497 2921 2,
1516 2883 1611 2920 ⁴2⁴4
1639 2879 1741 2912 lulius
1758 2878 1874 2909 Victor

127 2940 161 2973 p.
185 2932 260 2966 247.
285 2943 317 2966 v.
344 2934 384 2966 35
408 2942 461 2973 sq.
489 2933 543 2964 ed.
571 2935 727 2972 nostrae;
765 2933 877 2966 Scliol.
914 2934 1040 2965 Lucani
1065 2935 1103 2966 11.
1129 2934 1217 2972 374„
1250 2934 1309 2974 qui
1340 2932 1467 2965 desinit
1496 2932 1531 2964 in
1554 2940 1587 2962 v.
1613 2927 1806 2968 auspicibus.
1836 2943 1870 2947 —

128 2982 282 3021 auspiciis
304 2984 337 3015 S.
367 3001 401 3006 —
433 2983 579 3014 omnibus
602 2984 623 3015 F
636 2985 679 3016 M.
709 3002 743 3005 —
776 2985 829 3016 21.
856 2985 999 3016 omnium
1030 2993 1098 3015 om.
1124 2983 1162 3014 A.
1191 3000 1225 3004 —
1258 2984 1283 3014 Ο
1305 2980 1722 3020 mulieris--nupliarum
1745 2975 1874 3014 Quinti-

128 3028 238 3064 lianus
260 3033 315 3065 lv.
340 3033 376 3073 ⁶2,
404 3034 475 3065 ⁴05.
504 3049 539 3054 —
574 3033 659 3064 hanc
692 3042 828 3065 causam
855 3043 959 3065 unam
990 3033 1058 3064 ST.
1087 3050 1122 3055 -—
1156 3032 1209 3064 23.
1236 3041 1340 3064 nonne
1363 3032 1477 3070 STF,
1515 3028 1710 3069 Quintiliani
1734 3026 1874 3058 codices

130 3080 265 3120 optimi:
289 3091 355 3114 non
368 3091 419 3115 me
434 3083 483 3119 M;
508 3091 573 3113 non
589 3084 615 3114 A
629 3083 652 3114 L
666 3081 685 3115 ‘3
700 3084 736 3114 O.
764 3083 813 3115 Cf.
832 3083 1030 3114 Lachmann
1048 3081 1091 3112 ad
1109 3082 1245 3114 Lucret.
1264 3090 1298 3122 p.
1313 3080 1408 3113 74.—
1427 3080 1562 3112 timuisti
1578 3080 1598 3111 S
1612 3079 1647 3110 T.
1660 3095 1695 3100 -
1719 3077 1771 3108 25.
1789 3074 1876 3107 cubi-

129 3128 204 3170 culi]
221 3130 332 3164 cubilis
347 3133 382 3164 T.
403 3150 438 3154 —
464 3132 517 3164 26.
536 3141 575 3163 ac
590 3131 628 3173 [Ἰ]
645 3135 674 3164 et
687 3133 711 3173 f.
730 3133 752 3165 F
766 3133 810 3165 M.
832 3150 866 3155 —
891 3133 968 3163 vicit
982 3148 1031 3154 —-
1047 3132 1191 3162 amentia
1209 3130 1433 3169 Quintilianus
1449 3130 1504 3162 IX.
1524 3128 1558 3167 3,
1578 3128 1630 3160 62.
1648 3127 1700 3158 77.
1720 3125 1773 3157 84.
1799 3124 1877 3156 Dio-

130 3177 253 3211 medes
272 3189 306 3222 p.
320 3180 395 3214 439.
415 3199 451 3203 ——
477 3182 529 3214 27.
546 3182 621 3221 Non
644 3182 715 3214 tulit
729 3183 773 3215 M.
794 3200 828 3205 —
854 3182 906 3215 28.
925 3182 1058 3214 dedecus
1081 3181 1102 3212 S
1115 3181 1157 3212 T:
1183 3181 1318 3212 dedecus
1338 3180 1407 3211 iam
1427 3180 1448 3211 F
1461 3180 1533 3211 MA
1546 3179 1570 3209 L
1584 3177 1605 3211 i}
1618 3178 1656 3208 O.
1676 3192 1711 3196 —
1738 3174 1791 3206 29.
1809 3181 1878 3204 mo-

131 3226 234 3259 destia
255 3230 292 3261 T.
311 3247 345 3253 -
371 3231 422 3263 30.
449 3240 513 3264 esse
536 3232 593 3264 ST
610 3233 652 3264 L:
679 3241 747 3265 om.
768 3230 919 3265 RAQO.
939 3249 972 3253 —
1000 3231 1052 3263 311.
1077 3230 1135 3261 illa
1158 3230 1234 3261 ST:
1258 3229 1317 3261 illa
1330 3232 1436 3261 matre
1459 3225 1647 3261 RALssO.
1669 3241 1706 3249 —
1730 3232 1771 3256 πθ
1792 3230 1877 3262 Ψύαθ

133 3283 212 3308 cum
237 3278 416 3312 Garatonio
442 3281 483 3313 O:
509 3290 648 3321 namque
671 3282 745 3320 ST;
778 3291 817 3315 ne
839 3290 940 3323 quam
963 3279 1110 3314 RALQ.
1139 3295 1174 3303 —
1201 3279 1254 3312 3¹2.
1278 3288 1318 3313 ne
1341 3287 1380 3313 ea
1402 3278 1438 3313 T.
1466 3294 1502 3304 —
1525 3283 1640 3310 verum
1662 3274 1737 3306 ST:
1772 3272 1826 3305 sed
1848 3272 1874 3304 R

132 3325 194 3356 AL
208 3323 229 3358 ⁵3
242 3327 279 3359 Ο.
307 3346 342 3352 -
361 3331 548 3373 putaretur]
573 3331 737 3366 videretur
759 3332 794 3364 F.

189 3385 304 3420 Cremo
324 3389 358 3420 T.
376 3390 412 3421 11.
1536 3389 1589 3433 35
