2143 3713
424 208 623 251 ORATIO
654 207 756 248 PRO
787 208 842 247 M.
872 206 1104 247 FONTEIO
1138 206 1233 247 CAP.
1253 206 1379 246 1—11.
1409 205 1482 260 §§.
1514 204 1634 247 4-3.
1822 205 1901 247 463

163 327 313 362 storem
343 321 461 362 aliter
489 321 691 362 neminem
722 317 915 357 solvisse:
946 317 1056 357 hune
1087 319 1270 358 omnium
1300 318 1580 370 superiorum,
1610 319 1734 359 huius
1765 324 1901 359 autem

163 398 328 432 omneS,
359 384 430 437 qui
459 388 601 437 postea
629 380 802 426 fuerint,
832 381 1119 421 auctoritatem
1142 380 1233 420 dico
1255 386 1432 420 secutos.
1464 380 1574 428 Quid
1597 394 1779 429 accusaS‚
1801 382 1902 435 quid

162 446 461 500 reprehendis?
510 442 547 483 2.
577 444 677 482 Nam
709 441 821 494 quod
852 442 894 480 in
924 442 1073 482 tabulis
1104 442 1378 482 dodrantariis
1401 448 1442 482 et
1462 443 1779 496 quadrantariis,
1801 457 1902 497 quas

162 509 219 548 ait
248 509 298 548 ab
328 507 528 547 Hirtuleio
556 505 784 550 institutas,
815 504 958 542 Fontei
988 503 1166 544 officium
1192 503 1419 552 desiderat,
1450 518 1531 544 non
1562 518 1730 558 possum
1761 507 1904 545 existi-

162 584 292 617 mare,
330 576 465 609 utrum
505 567 594 619 ipse
631 570 738 605 erret
774 578 824 604 an
858 579 927 605 vos
959 566 998 604 in
1031 579 1211 606 errorem
1243 565 1394 605 ducere
1426 566 1536 606 velit.
1598 566 1762 614 Quaero
1794 568 1931 607 enims·

161 633 232 672 abs
262 637 325 678 te,
356 632 408 671 M.
437 627 631 674 Plaetori,
662 627 846 680 possitne
876 628 947 666 tibi
979 629 1055 680 ipsi
1087 628 1257 681 probata
1293 640 1383 667 esse
1405 633 1544 668 nostra
1566 641 1705 675 causa,
1736 629 1791 676 si,
1823 644 1903 683 qua

160 695 201 732 in
232 707 274 733 re
305 693 376 732 abs
406 696 444 731 te
474 691 527 730 M.
558 689 753 728 Fonteius
784 695 1021 737 accusatur,
1052 694 1258 729 auctorem
1287 689 1411 729 habet
1441 702 1554 737 eum,
1591 704 1714 743 quem
1745 696 1788 730 tu
1820 705 1904 731 ma-

159 756 268 795 xime
298 754 462 800 laudas,
500 751 772 791 Hirtuleium:
812 764 892 804 qua
922 752 964 791 in
996 765 1040 792 re
1069 757 1203 791 autem
1235 751 1377 791 laudas
1407 752 1679 800 Hirtuleium,
1710 754 1904 794 Fonteius

158 817 266 856 idem
296 816 444 855 fecisse
472 813 687 866 reperitur.
746 813 1032 865 Reprehendis
1063 813 1281 853 solutionis
1312 827 1465 866 genus:
1497 815 1643 854 eodem
1668 816 1790 855 modo
1812 816 1905 855 Hir-

158 878 325 918 tuleium
357 876 597 916 dissolvisse
627 875 816 927 publicae
848 876 1012 914 tabulae
1043 880 1282 927 coarguunt.
1323 876 1486 916 Laudas
1516 876 1656 923 illum,
1688 878 1801 931 quod
1832 877 1953 917 (10-10

157 939 382 978 drantarias
412 937 570 977 tabulas
601 936 847 975 instituerit:
880 937 1045 976 easdem
1071 936 1267 976 Fonteius
1299 937 1476 977 instituit
1506 942 1547 978 et
1576 938 1722 979 eodem
1753 953 1904 993 genere

154 1001 367 1053 pecuniae.
426 1001 528 1039 Nam
559 1011 611 1038 ne
641 998 748 1038 forte
780 998 836 1037 sis
867 1000 1031 1038 nescius
1063 1003 1105 1038 et
1134 998 1233 1038 istas
1267 999 1424 1039 tabulas
1455 1000 1666 1041 existimes
1696 1000 1750 1041 ad
1779 1002 1906 1042 diver-

154 1075 239 1102 sam
267 1062 409 1101 veteris
439 1061 542 1101 aeris
572 1060 698 1100 alieni
729 1061 931 1099 rationem
961 1061 1189 1113 pertinere,
1227 1061 1278 1100 ob
1316 1074 1442 1100 unam
1481 1075 1645 1102 causam
1677 1070 1717 1105 et
1750 1065 1792 1104 in
1821 1078 1904 1105 uno

154 1137 304 1177 genere
335 1128 430 1163 sunt
459 1123 682 1162 institutae.
722 1123 825 1161 Nam
848 1136 939 1162 eum
962 1122 1217 1175 publicanis,
1248 1122 1318 1175 qui
1339 1122 1537 1171 Africam,
1569 1126 1641 1177 qui
1662 1127 1905 1180 Aquiliense

153 1187 375 1240 portorium
403 1186 592 1225 conducta
619 1185 804 1224 habebant
836 1202 856 1223 i.-
872 1202 919 1225 ,μ’-η’
939 1201 962 1224 >k
1920 1196 1955 1226 45

266 1248 316 1287 II.
346 1245 385 1287 3.
425 1266 448 1287 2÷2
463 1264 483 1287 .÷-
500 1247 580 1286 cite
611 1263 706 1286 a...
736 1247 888 1293 Nemo,
930 1259 1075 1293 nemo,
1106 1247 1297 1299 inquam,
1328 1247 1507 1296 iudices,
1551 1250 1800 1303 reperietur,
1833 1252 1905 1306 qui

153 1323 281 1350 unum
312 1322 356 1350 se
386 1310 429 1349 in
459 1312 680 1361 quaestura
709 1309 763 1348 M.
793 1308 966 1347 Fonteio
998 1321 1212 1347 nummum
1234 1307 1399 1349 dedisse
1429 1316 1498 1350 aut
1526 1311 1644 1351 illum
1674 1325 1726 1352 ex
1756 1327 1804 1354 ea
1833 1328 1906 1367 pe-

153 1373 294 1418 cunia,
336 1384 443 1425 quae
481 1383 556 1423 pro
588 1370 747 1409 aerario
779 1370 1030 1415 solveretur,
1071 1369 1301 1410 detraxisse
1333 1370 1461 1411 dicat:
1492 1372 1647 1412 nullius
1678 1374 1721 1414 in
1751 1376 1902 1416 tabulis

150 1434 235 1474 ulla
261 1434 383 1474 huius
407 1432 504 1473 furti
520 1433 779 1485 significatio,
802 1432 961 1473 nullum
984 1432 1026 1470 in
1047 1431 1099 1471 iis
1120 1432 1354 1472 nominibus
1375 1433 1664 1476 intertrimenti
1685 1442 1757 1477 aut
1777 1438 1905 1478 demi-

151 1496 332 1536 nutionis
361 1495 583 1547 vestigium
604 1495 842 1548 reperietur.
876 1494 1001 1546 Atqui
1023 1494 1234 1542 homines,
1266 1495 1300 1534 si
1333 1495 1406 1548 qui
1436 1501 1613 1536 tenentur
1642 1498 1722 1538 hoc
1753 1512 1903 1552 genere
1917 1507 1953 1536 20

151 1557 427 1611 quaestionis,
466 1561 678 1596 accusatos
720 1562 761 1596 et
799 1555 1076 1609 reprehensos
1112 1555 1302 1596 videmus
1343 1557 1524 1610 primum
1554 1559 1752 1601 testibus:
1798 1561 1905 1603 diffi-

151 1619 230 1659 cile
271 1624 334 1659 est
369 1621 475 1659 enim
515 1632 629 1665 eum,
671 1619 740 1671 qui
783 1617 1037 1670 magistratui
1072 1619 1291 1670 pecuniam
1322 1620 1506 1668 dederit,
1550 1635 1632 1661 non
1664 1629 1735 1663 aut
1764 1624 1903 1667 induci

153 1680 248 1721 odio
278 1685 322 1720 ut
352 1681 482 1728 dieat,
513 1684 584 1719 aut
615 1680 705 1733 cogi
738 1680 958 1731 reliyione:
991 1679 1141 1719 deinde
1172 1681 1205 1720 si
1230 1694 1310 1734 qua
1331 1682 1462 1734 gratia
1483 1687 1608 1723 testes
1632 1684 1903 1736 deterrentur,

153 1742 318 1782 tabulae
355 1741 523 1795 quidem
564 1746 672 1781 certe
711 1741 972 1795 incorruptae
1012 1746 1135 1795 atque
1177 1743 1358 1795 integrae
1396 1750 1577 1784 manent.
1641 1748 1720 1787 Fae
1760 1762 1903 1791 omnes

153 1803 423 1843 amicissimos
461 1803 633 1843 Fonteio
673 1803 822 1842 fuisse:
863 1808 1019 1842 tantum
1057 1803 1269 1843 hominum
1301 1818 1521 1845 numerum
1552 1808 1903 1860 ignotissimorum
1917 1820 1953 1848 25

153 1870 278 1918 atque
307 1865 650 1905 alienissimorum
681 1865 915 1917 pepercisse
936 1866 1058 1907 huius
1086 1868 1228 1920 capiti,
1260 1870 1520 1910 consuluisse
1540 1871 1695 1912 famae:
1726 1886 1792 1913 res
1813 1875 1903 1928 ipsa

153 1932 286 1966 tamen
317 1927 498 1965 acratio
530 1926 753 1966 litterarum
785 1926 1072 1981 confectioque
1104 1929 1333 1970 tabularum
1362 1931 1487 1972 habet
1514 1932 1621 1972 hanc
1652 1934 1754 1982 vim,
1786 1942 1831 1976 ut
1851 1950 1903 1976 ex

152 1989 329 2042 acceptis
361 1993 401 2028 et
430 1988 534 2027 datis
566 1988 771 2042 quidquid
802 1986 979 2042 fingatur
1009 1996 1080 2030 aut
1110 1992 1354 2045 surripiatur
1383 1999 1454 2034 aut
1483 2008 1565 2035 non
1589 2002 1750 2038 constet
1777 2010 1903 2052 appa-

164 2082 1901 2099 Q

151 2136 281 2168 Tlieod.
307 2135 557 2168 Mommsenius
581 2134 733 2172 monuit,
760 2144 887 2167 nomen
906 2138 1120 2176 quaestoris,
1147 2138 1205 2178 qui
1229 2140 1362 2179 primus
1385 2141 1580 2173 secundum
1597 2141 1710 2183 legem
1726 2144 1900 2179 ValerIam

150 2184 316 2217 dissolvit.
345 2202 379 2206 —
405 2193 528 2223 usquae
551 2185 585 2215 P.
614 2202 648 2205 —
678 2185 781 2215 Titum
806 2186 849 2216 P:
879 2185 910 2216 T.
930 2186 967 2217 O.
990 2204 1023 2207 —
1053 2191 1254 2225 quaestorem
1271 2188 1503 2222 Niehuhrius:
1531 2191 1615 2230 QVE
1637 2195 1672 2224 P.
1695 2212 1729 2216 —
1748 2195 1780 2226 2.
1799 2198 1904 2228 omnis

148 2235 184 2265 P.
214 2253 248 2257 -—
275 2234 354 2273 quid
376 2243 528 2266 accussas
551 2234 628 2273 quid
650 2235 842 2273 repraendis
866 2236 900 2265 P.
930 2252 965 2257 —
992 2236 1023 2267 3.
1050 2237 1261 2269 dodrantaris
1284 2240 1320 2276 P,
1346 2239 1410 2271 sed
1434 2241 1549 2272 statim
1573 2243 1835 2281 quadi-amarus.
1863 2265 1898 2269 —

147 2282 178 2315 4.
197 2284 322 2315 Fonteii
338 2284 375 2315 O.
397 2301 432 2306 —-
458 2284 677 2315 c-aeeistumare
693 2285 726 2314 P.
750 2301 781 2306 —
812 2284 842 2315 6.
861 2284 927 2325 tibi]
955 2285 1037 2316 TIVI
1058 2287 1093 2317 P.
1110 2304 1147 2309 —
1172 2297 1290 2319 caussa
1312 2289 1357 2320 sei
1380 2298 1447 2329 qua
1470 2290 1504 2321 P.
1526 2307 1561 2312 —-
1587 2291 1617 2322 7.
1642 2300 1798 2325 maoeume
1814 2295 1897 2327 P.-

148 2333 178 2364 9.
195 2333 423 2373 repraehendis
446 2335 481 2364 P.
502 2350 537 2355 ——
566 2333 616 2365 40.
634 2333 757 2365 DISSO
779 2335 783 2369 Ι
802 2334 950 2365 LI'JSSE
966 2336 1002 2373 P,
1029 2335 1072 2367 de
1089 2345 1157 2377 qua
1174 2336 1387 2377 syllabarum
1403 2347 1467 2379 per
1483 2338 1570 2371 duos
1594 2348 1718 2373 versus
1735 2342 1901 2376 distribu-

148 2383 239 2414 tione
263 2392 296 2414 ν.
314 2383 412 2415 Nieh.
432 2385 549 2414 notam
574 2391 606 2423 p.
625 2383 677 2414 58.
695 2401 728 2405 —
757 2383 808 2415 42.
827 2385 1018 2417 exeistumes
1033 2388 1068 2418 P.
1089 2405 1124 2408 —
1152 2387 1203 2419 43.
1222 2388 1343 2419 atiaeni
1359 2390 1394 2420 P.
1417 2406 1452 2411 —
1478 2398 1631 2422 caussam
1646 2392 1682 2423 P.
1703 2410 1738 2415 —
1765 2393 1817 2426 44.
1838 2404 1900 2435 pu·

148 2431 300 2464 blicaneis
322 2434 357 2464 P.
385 2450 421 2455 -—
446 2433 644 2472 Aquileiense
668 2433 864 2474 suspicatur
887 2436 1149 2468 Mommsenius.
1178 2454 1212 2458 —
1240 2437 1292 2468 ⁴6.
1319 2438 1422 2479 CITE]
1449 2439 1535 2470 «Aut
1556 2440 1666 2472 recitet
1688 2443 1747 2474 aut
1769 2444 1902 2476 recitent

149 2483 208 2513 aut
229 2483 405 2514 recitentur
427 2483 595 2523 scriptum
619 2482 723 2514 fuisse
748 2483 890 2515 minime
915 2484 1060 2517 dubium
1085 2487 1154 2524 est,
1187 2486 1245 2518 ubi
1270 2486 1357 2518 oculi
1382 2487 1464 2519 nihil
1498 2490 1639 2529 praeter
1662 2492 1824 2530 quattuor
1846 2492 1902 2525 lit—

149 2532 240 2563 teras
264 2533 518 2572 assequuntur:
559 2540 638 2563 nani
663 2531 795 2572 syllaba
819 2542 856 2564 re
879 2542 958 2565 cum
983 2533 1046 2565 alia
1070 2536 1193 2576 pagina
1216 2536 1330 2577 periit.
1366 2537 1474 2569 Huius
1499 2540 1616 2570 autem
1642 2540 1786 2580 paginae
1811 2540 1899 2575 latus

147 2580 349 2612 universum
374 2581 467 2621 quod
491 2590 569 2622 pag.
595 2581 648 2613 49.
674 2583 953 2622 repraesentavi,
980 2584 1025 2614 ita
1049 2593 1189 2617 erasum
1214 2587 1285 2625 est,
1310 2587 1347 2617 ut
1371 2587 1460 2618 inter
1484 2596 1524 2618 ea
1549 2597 1658 2628 quae,
1684 2590 1788 2621 modo
1812 2593 1901 2623 assi-

149 2628 254 2660 duam
285 2638 429 2670 operam
458 2629 691 2670 impenderis,
723 2629 789 2670 legi
821 2632 935 2663 tamen
968 2635 1131 2673 possunt,
1166 2634 1247 2666 nihil
1273 2634 1444 2668 difficilius
1468 2645 1654 2669 occurrere
1679 2639 1784 2671 credo
1809 2640 1900 2681 [cre—

149 2678 300 2719 dam?}.»
325 2679 483 2710 Ninnium.
505 2697 539 2701 —
568 2680 618 2711 48.
638 2680 724 2711 dicat
741 2681 782 2711 P:
808 2682 914 2712 (Ieicat
937 2682 1034 2714 Nieh.
1056 2701 1091 2705 -—
1118 2684 1169 2715 49.
1195 2684 1293 2724 furtei
1315 2686 1350 2716 P.
1372 2704 1407 2708 —-
1432 2686 1482 2726 iis]
1507 2687 1564 2718 ieis
1579 2688 1621 2727 P,
1648 2689 1710 2720 sed
1728 2691 1900 2730 posterior

146 2728 158 2758 i
174 2736 250 2769 sup.
266 2726 322 2759 lin.
344 2745 378 2750 —-
404 2727 457 2759 20.
474 2727 573 2766 Atqui
587 2746 634 2751 --
649 2730 788 2770 testibus]
814 2731 868 2762 Sic
886 2732 1010 2773 scripsi
1027 2732 1206 2765 admonitu
1223 2735 1439 2767 Mommsenii
1463 2739 1611 2768 tenentur
1626 2737 1776 2771 addens:
1802 2740 1900 2780 Atqui

147 2784 254 2808 omnes
276 2776 319 2815 ii,
346 2785 425 2816 quos
447 2776 482 2807 in
504 2777 562 2808 hoc
584 2787 699 2852 ρῗξῗνε
714 2780 940 2820 ——videmus,
961 2785 1160 2821 premuntur
1181 2783 1310 2815 testibus
1333 2793 1413 2816 cum
1437 2785 1626 2818 Niebuhrio
1651 2788 1687 2819 Ο.
1716 2789 1754 2820 In
1778 2790 1801 2821 P
1826 2792 1895 2823 est:

145 2863 271 2903 ATQVI
290 2864 400 2895 HOMI
417 2866 422 2900 Ι
441 2864 826 2904 NESSEIQHOCGENE
847 2870 850 2904 l
871 2868 1204 2907 REQVAESTIONIS
1224 2872 1227 2906 Ι
1247 2870 1594 2905 ACCVSATOSETRE
1612 2876 1617 2909 1
1636 2875 1899 2909 PRAEHENSO·

147 2913 215 2944 SVI
233 2916 237 2950 1
258 2914 603 2945 DEMVSPREIMVM
622 2916 626 2950 Ι
649 2916 845 2947 TESTIBVS
861 2919 928 2948 cet.
953 2918 1003 2949 De
1025 2917 1134 2949 littera
1154 2921 1179 2958 Q
1203 2922 1280 2960 post
1303 2921 1374 2952 SEI
1394 2921 1460 2953 hoc
1476 2922 1653 2954 adnotavit
1667 2924 1894 2958 Niebuhrius:

149 2962 213 2992 «ln
241 2960 361 2994 litteris
393 2962 571 3002 quadratis
595 2966 715 2996 contra
738 2974 875 2998 morem
900 2970 952 2999 est
975 2967 1154 3007 singularis
1178 2967 1290 2999 littera
1308 2971 1350 3009 Q,
1378 2970 1475 3002 cuius
1495 2971 1619 3004 ductus
1640 2976 1757 3005 rectus
1772 2973 1895 3007 lineola

149 3011 346 3043 transversa
369 3011 594 3043 decussatur:
621 3022 710 3053 quae
735 3014 839 3055 siglae
863 3016 939 3048 vice
963 3016 1130 3057 fungitur,
1157 3019 1191 3048 et
1214 3027 1293 3057 quos
1315 3019 1511 3059 exprimere
1535 3021 1675 3053 omnino
1699 3021 1838 3055 debet.»
1858 3043 1893 3048 —

150 3059 204 3090 24.
222 3059 377 3100 difficilest
398 3062 434 3092 P.
458 3079 493 3083 —
519 3061 572 3092 23.
597 3065 633 3093 ut
655 3063 760 3095 ἀείραι
782 3068 840 3096 aut
862 3066 951 3105 coyei
972 3066 1006 3097 P.
1037 3065 1136 3103 Quod
1160 3066 1285 3098 deinde
1306 3067 1515 3101 Niebuhrius
1538 3069 1711 3111 supplevit
1728 3072 1894 3114 religione,

152 3107 187 3139 id
214 3109 318 3141 etiam
342 3110 502 3151 ⁷·ele9ione
527 3112 696 3152 scriptum
721 3122 798 3145 esse
822 3116 970 3155 poterat.
998 3133 1033 3137 —
1064 3115 1102 3156 si]
1127 3116 1210 3147 SE*
1234 3118 1275 3155 Ρ,
1302 3117 1323 3148 i.
1350 3126 1380 3149 e.
1405 3119 1460 3149 sei.
1488 3136 1522 3141 —
1548 3121 1828 3155 DETERENTVR
1852 3125 1894 3163 P;

153 3160 301 3190 correxit
321 3159 419 3192 Nieh.
439 3177 474 3182 —
500 3160 553 3193 24.
581 3161 714 3194 OMNIS
733 3164 967 3196 AMICISSVM
984 3166 989 3201 Ι
1009 3163 1096 3195 MAS
1119 3164 1154 3196 P.
1174 3182 1209 3188 —
1235 3167 1287 3198 25.
1312 3167 1599 3207 ignotissumorum
1620 3174 1742 3210 atquae
1764 3172 1897 3205 alienis-

152 3215 318 3239 sumorum
332 3210 368 3241 P.
387 3227 422 3231 —
448 3210 501 3241 26.
517 3209 605 3250 fame
621 3213 656 3243 P.
676 3229 711 3234 —
737 3213 790 3245 27.
816 3214 989 3245 literarum
1007 3214 1048 3251 Ο;
1075 3214 1109 3244 at
1126 3213 1251 3246 desunt
1273 3216 1307 3247 in
1323 3218 1347 3248 P
1370 3218 1441 3249 tres
1463 3217 1609 3259 litterae,
1633 3222 1788 3262 itemque
1812 3222 1894 3256 alias

154 3256 187 3286 in
204 3264 245 3287 eo
261 3265 400 3298 semper
414 3260 523 3292 littera
539 3262 706 3302 scriptum
724 3265 786 3295 est.
816 3282 850 3286 -
876 3264 930 3296 28.
955 3264 1169 3303 sarrapiacur
1184 3266 1219 3297 P.
1246 3266 1296 3297 Cf.
1315 3266 1488 3299 Ritschelii
1508 3270 1655 3311 Proleyq.
1680 3272 1725 3302 ad
1744 3273 1895 3306 Plautum

153 3312 187 3344 p.
211 3305 310 3338 XCV.
336 3309 370 3339 et
391 3307 652 3343 Fleckeisenum
674 3311 708 3344 in
729 3312 860 3345 Annali.
880 3313 994 3354 philol.
1019 3317 1048 3347 et
1066 3315 1208 3357 paeday.
1231 3316 1324 3349 novis
1344 3316 1418 3351 Vol.
1443 3318 1509 3352 LX.
1533 3328 1569 3361 p.
1593 3320 1650 3352 254
1678 3328 1756 3362 sqq.
