2143 3713
255 192 335 234 67ss
764 196 817 235 IN
848 195 893 235 L.
926 194 1217 237 CATILINAM
1246 197 1403 238 LIBER
1433 199 1483 238 II.

254 306 413 346 lenitati
444 305 582 354 locus3
614 307 875 346 severitatem
906 321 971 346 res
1001 308 1089 360 ipsa
1112 306 1280 361 flagitat.
1327 312 1460 350 Unum
1483 311 1605 350 etiam
1626 324 1737 351 nunc
1759 313 2006 354 concedam:

256 374 426 415 exeant,
457 367 787 420 proficiscantur,
817 383 869 409 ne
897 370 1106 422 patiantur
1136 370 1343 412 desiderio
1376 373 1438 412 sui
1473 373 1689 413 Catilinam
1720 374 1915 414 miserum
1948 381 2008 415 ta-

255 430 439 470 bescere.
469 431 770 472 Demonstrabo
793 432 894 472 iter:
926 432 1094 471 Aurelia
1113 434 1177 472 via
1198 434 1408 485 profectus
1437 440 1519 483 est3
1551 436 1584 474 si
1605 435 1834 476 accelerare
1854 436 2009 487 volent,

254 492 306 532 ad
337 505 554 545 vesperam
586 499 910 547 consequentur.
970 492 1008 533 7.
1040 493 1073 533 O
1107 494 1356 535 fortunatam
1386 510 1470 536 rem
1502 497 1733 550 publicam,
1774 498 1807 538 si
1839 498 2009 551 quidem

222 554 359 594 5hanc
390 555 596 595 sentinam
628 556 740 595 urbis
773 556 966 596 eiecerit!
1014 556 1102 596 Uno
1134 570 1198 596 me
1228 557 1398 598 hercule
1422 559 1598 599 Catilina
1621 559 1845 608 exhausto,
1876 560 2010 600 levata

253 617 354 657 mihi
385 622 426 658 et
454 623 639 658 recreata
668 632 733 658 res
777 618 944 672 publica
973 618 1149 658 videtur.
1203 619 1313 667 Quid
1344 621 1450 660 enim
1485 622 1579 661 mali
1612 626 1683 661 aut
1713 622 1879 661 sceleris
1910 620 2008 675 fingi

252 684 323 718 aut
353 680 531 732 cogitari
562 685 720 733 potest,
753 681 865 732 quod
897 694 978 720 non
1010 680 1080 720 ille
1112 682 1385 734 conceperit?
1417 684 1510 736 quis
1544 688 1627 723 tola
1648 684 1767 723 ltalia
1789 681 2010 730 veneficus,

252 741 347 795 quis
379 741 604 795 gladiator,
637 743 730 795 quis
763 743 889 790 latro,
923 743 1015 796 quis
1048 742 1241 788 sicarius,
1282 744 1375 796 quis
1407 746 1630 797 parricida,
1663 746 1756 798 quis
1788 751 2011 786 testamen-

254 809 387 844 torum
409 805 640 852 subiector,
673 806 766 858 quis
788 805 1143 858 circumscriptor,
1177 804 1270 857 quis
1292 818 1447 857 ganeo,
1476 808 1570 860 quis
1592 821 1746 860 nepos,
1779 808 1872 861 quis
1894 808 2009 848 adul-

204 875 237 903 10
251 870 330 914 ter,
363 879 469 919 quae
501 867 649 907 mulier
674 866 858 913 infamis,
892 867 985 920 quis
1007 873 1225 919 corruptor
1245 867 1484 916 iuventutis,
1516 871 1610 923 quis
1632 875 1878 923 corruptus,
1916 871 2011 923 quis

251 928 437 981 perditus
467 929 645 968 inveniri
678 933 836 981 potest,
878 930 951 980 qui
982 942 1025 968 se
1057 943 1148 968 cum
1184 929 1358 969 Catilina
1389 944 1473 970 non
1503 931 1825 972 familiarissime
1857 933 2011 972 vixisse

250 991 458 1031 fateatur?
498 1003 604 1044 quae
646 989 794 1030 caedes
835 1003 909 1043 per
939 989 1067 1029 hosce
1098 1004 1228 1030 annos
1262 991 1349 1031 sine
1380 993 1452 1032 illo
1484 994 1591 1034 facta
1621 997 1713 1034 est?
1753 995 1866 1048 quod
1897 993 2012 1034 nefa-

251 1054 359 1094 rium
391 1059 579 1108 stuprum
611 1067 694 1092 non
727 1066 799 1105 per
831 1053 980 1093 illum?
1040 1052 1079 1092 8.
1111 1054 1194 1092 Iam
1228 1067 1325 1093 vero
1357 1068 1462 1107 quae
1493 1061 1605 1096 tanta
1632 1070 1829 1110 umquam
1860 1057 1901 1096 in
1924 1055 2011 1095 ullo

251 1116 420 1156 homine
452 1115 681 1156 iuventutis
712 1115 908 1154 illecebra
936 1115 1041 1163 fuit,
1081 1121 1236 1168 quanta
1268 1116 1309 1155 in
1341 1117 1443 1156 illo?
1483 1119 1553 1172 qui
1596 1118 1699 1158 alios
1730 1118 1819 1171 ipse
1849 1118 2011 1157 amabat

202 1186 238 1214 45
252 1179 515 1232 turpissime,
556 1178 733 1217 aliorum
763 1177 895 1217 amori
927 1177 1249 1230 flagitiosissime
1281 1179 1507 1227 serviebat,
1545 1181 1635 1220 aliis
1667 1180 1846 1220 fructum
1876 1180 2012 1219 libidi-

252 1255 372 1289 num,
404 1240 497 1281 aliis
528 1244 703 1280 mortem
733 1245 953 1292 parentum
983 1254 1066 1279 non
1098 1240 1222 1279 inodo
1253 1240 1532 1293 impellendO,
1564 1256 1707 1283 verum
1739 1242 1862 1281 etiam
1893 1241 2012 1281 adiu-

252 1304 388 1344 vando
418 1302 704 1356 pollicebatur.
749 1303 875 1341 Nunc.
899 1316 997 1342 vero
1030 1316 1154 1355 quam
1187 1303 1325 1342 subito
1358 1317 1441 1343 non
1473 1305 1607 1344 solum
1641 1319 1693 1344 ex
1714 1304 1839 1352 urbe,
1869 1317 2012 1344 verum

253 1366 377 1406 etiam
409 1379 463 1405 ex
483 1365 593 1419 agris
615 1365 827 1418 ingentem
848 1378 1067 1405 numerum
1090 1364 1346 1417 perditorum
1368 1366 1584 1406 hominum
1606 1366 1850 1419 collegerat!
1881 1368 2012 1405 Nemo

252 1442 337 1469 non
368 1427 493 1468 modo
525 1429 702 1474 Romae,
734 1426 807 1466 sed
838 1441 890 1467 ne
921 1427 1008 1466 ullo
1041 1428 1209 1481 quidem
1248 1427 1290 1466 in
1322 1429 1475 1481 angulo
1507 1430 1635 1469 totius
1672 1429 1812 1469 [taliae
1844 1441 2014 1482 oppres-

202 1498 238 1527 20
252 1504 324 1532 sus
354 1503 450 1531 aere
479 1490 616 1530 alieno
646 1489 746 1536 fuit,
778 1502 901 1542 quem
934 1503 1017 1528 non
1049 1489 1100 1529 ad
1130 1489 1209 1529 hoc
1240 1490 1482 1530 incredibile
1514 1491 1682 1531 sceleris
1709 1490 1858 1531 foedus
1879 1490 2013 1530 adsci-

252 1554 368 1594 verit.
428 1554 476 1593 V.
507 1550 546 1592 9.
577 1553 711 1604 Atque
745 1556 789 1590 ut
820 1553 907 1591 eius
931 1552 1095 1591 diversa
1125 1553 1263 1592 studia
1294 1552 1336 1591 in
1360 1553 1552 1592 dissimili
1585 1554 1746 1593 ratione
1777 1553 2012 1606 perspicere

251 1616 442 1669 possitis,
475 1628 598 1655 nemo
631 1619 694 1654 est
723 1614 765 1653 in
799 1614 896 1652 ludo
928 1614 1177 1666 gladiatorio
1210 1614 1334 1667 paulo
1367 1614 1418 1653 ad
1440 1614 1601 1654 facinus
1623 1616 1842 1663 audacior,
1875 1614 1947 1668 qui
1969 1628 2012 1653 se

251 1692 337 1718 non
366 1678 560 1718 intimum
592 1676 794 1717 Catilinae
826 1690 917 1715 esse
948 1676 1147 1723 fateatur,
1185 1690 1306 1715 nemo
1337 1676 1379 1715 in
1411 1689 1559 1715 scaena
1587 1677 1718 1716 levior
1752 1682 1794 1717 et
1821 1677 2012 1730 nequior,

252 1741 326 1793 qui
366 1754 410 1780 se
451 1753 535 1779 non
577 1738 765 1779 eiusdem
807 1752 936 1792 prope
977 1738 1163 1777 sodalem
1201 1738 1332 1777 fuisse
1373 1743 1679 1778 commemoret.
1731 1740 1867 1793 Atque
1903 1739 2012 1778 idem

202 1811 239 1839 ΞΓ)
254 1807 414 1849 tamen,
447 1807 688 1854 stuprorum
721 1807 761 1841 et
791 1801 996 1840 scelerum
1029 1800 1328 1840 exercitatione
1361 1800 1621 1840 assuefactus
1652 1800 1805 1853 frigore
1837 1805 1877 1840 et
1905 1801 2013 1840 fame

253 1871 293 1905 et
323 1865 391 1905 siti
414 1870 454 1904 et
474 1863 627 1916 vigiliis
654 1863 916 1916 perferendis
931 1894 941 1911 ,
973 1863 1091 1903 fortis
1114 1863 1164 1903 ab
1186 1864 1274 1903 istis
1297 1863 1636 1915 praedicabatur,
1668 1877 1760 1902 cum
1783 1863 2014 1903 industriae

252 1927 437 1967 subsidia
480 1931 605 1979 atque
646 1926 923 1965 instrumenta
965 1925 1128 1966 virtutis
1170 1926 1211 1965 in
1241 1925 1414 1964 libidine
1446 1925 1704 1978 audaciaque
1737 1930 2014 1966 consumeret.

251 1987 318 2030 llt).
350 1990 471 2030 Hunc
503 2002 601 2029 vero
634 1989 668 2029 si
699 1988 832 2028 secuti
864 1993 986 2028 erunt
1015 1988 1079 2028 sui
1112 1988 1305 2035 comites,
1337 1989 1369 2027 si
1404 2001 1455 2027 ex
1489 1987 1588 2027 urbe
1615 1988 1792 2028 exierint
1822 1987 2015 2042 despera-

340 2179 370 2209 ⁴.
396 2176 522 2209 lenilali
545 2177 568 2207 C
584 2184 601 2206 a
618 2185 636 2207 c
650 2175 672 2206 d
686 2184 706 2205 o
721 2184 742 2215 q
756 2183 772 2204 z
797 2173 922 2214 aliique
940 2176 1043 2214 Lagg.
1072 2174 1145 2213 (scd
1165 2174 1186 2205 d
1203 2174 1360 2214 leitilali):
1387 2173 1529 2205 lenilalis
1545 2173 1613 2204 mci
1632 2172 1770 2214 reliqui,
1797 2174 1855 2205 Vx
1876 2175 1909 2205 et
1925 2174 1944 2205 6
1961 2173 2014 2205 alii

254 2229 354 2268 Lagg.
377 2245 412 2249 —
437 2227 511 2266 ipsa
532 2235 585 2257 res
608 2234 627 2256 o
642 2234 671 2255 z.
694 2241 726 2246 »-
754 2225 903 2265 61ὶα9ἱίαι
927 2233 959 2255 ο.
979 2243 1021 2247 ——
1047 2224 1074 2255 2.
1095 2225 1273 2256 Calilinam
1297 2233 1366 2255 oni.
1395 2225 1450 2263 [ξς.
1471 2224 1522 2254 530,
1542 2224 1593 2254 57.
1614 2240 1648 2245 —
1675 2224 1831 2255 miserum
1848 2231 1917 2254 om.
1936 2232 2010 2265 p.—

252 2278 283 2309 23.
310 2275 536 2309 demonstrabo
560 2275 663 2316 igilur
686 2275 748 2306 iter
764 2283 797 2312 03
830 2275 1074 2306 demonstratm·
1097 2275 1145 2305 irc
1169 2284 1196 2305 r.
1217 2292 1250 2296 —
1271 2274 1440 2305 Aureliam
1462 2274 1552 2304 viam
1575 2283 1593 2304 a
1607 2282 1625 2304 c
1640 2282 1690 2314 pr
1707 2274 1765 2313 Lg.
1786 2272 1843 2311 43;
1869 2275 1926 2305 via
1942 2283 2011 2306 om.

252 2330 289 2360 B.
317 2346 351 2350 —
378 2328 490 2359 volunt
514 2335 548 2364 r;
574 2325 688 2356 volunl
711 2325 773 2356 iter
796 2333 826 2355 c.
856 2342 889 2345 —
919 2323 950 2356 4..
977 2324 1020 2354 ad
1042 2333 1213 2363 vesperum
1238 2325 1260 2355 L
1286 2324 1398 2355 invitis
1423 2324 1510 2355 meis
1536 2324 1571 2354 et
1595 2324 1696 2364 Las-gg.
1717 2340 1751 2344 ——
1779 2323 1810 2354 5.
1836 2323 1927 2355 urbis
1949 2324 2014 2355 BV

253 2388 306 2419 ap
331 2380 389 2418 Lg.
408 2378 444 2410 24
463 2387 468 2407 :
493 2376 584 2407 urbis
606 2375 701 2405 huius
724 2373 746 2405 b
762 2384 780 2405 c
794 2383 826 2411 ὃς
853 2374 949 2404 huius
970 2374 1061 2404 urbis
1077 2375 1101 2405 R
1117 2375 1139 2405 L
1155 2375 1192 2405 O.
1213 2391 1246 2395 ——
1267 2383 1317 2405 mc
1340 2373 1482 2405 hercules
1508 2373 1558 2404 it:
1584 2380 1635 2404 me
1657 2372 1741 2404 ercle
1756 2381 1788 2404 o.
1808 2390 1844 2395 —-
1871 2374 2016 2405 Catilina

252 2438 322 2460 om.
349 2437 379 2468 g.
408 2445 442 2448 —
470 2426 579 2458 levata
600 2424 679 2456 mihi
703 2427 732 2455 el
754 2426 907 2455 recreata
931 2432 966 2461 a,
994 2425 1051 2463 Lg.
1080 2425 1132 2456 116.
1159 2424 1211 2456 43.
1238 2423 1289 2455 4-6.
1318 2425 1351 2455 ct
1376 2425 1391 2455 7
1420 2433 1465 2455 m.
1485 2433 1558 2464 pr.:
1584 2425 1735 2455 recreata
1756 2422 1835 2453 milii
1856 2426 1887 2454 el
1908 2423 2016 2455 levata

252 2480 295 2517 B;
320 2478 469 2510 releuala
490 2476 570 2507 mihi
593 2479 622 2506 el
644 2477 795 2505 recreata
818 2475 842 2504 R
860 2475 881 2504 L
895 2474 975 2505 O.—
1003 2474 1034 2505 6.
1053 2474 1133 2505 milei
1149 2483 1218 2505 oni.
1239 2475 1276 2512 C,
1302 2474 1360 2512 Lg.
1381 2474 1411 2504 6.
1431 2473 1483 2506 53.
1504 2491 1537 2494 -
1566 2473 1596 2503 7.
1616 2472 1800 2512 coecoyitari
1824 2474 1923 2513 qu
1938 2474 2013 2505 LO.

254 2547 288 2552 -—
316 2528 460 2568 concepit
484 2526 517 2558 d.
547 2544 581 2547 —
608 2524 639 2556 8.
662 2524 819 2563 paricicla
843 2522 876 2554 d.
908 2542 942 2545 -
970 2523 1000 2554 Ο.
1027 2524 1198 2555 subversor
1225 2532 1243 2555 c
1270 2524 1304 2554 ct
1328 2522 1347 2554 4.
1371 2524 1473 2563 Lagg.
1504 2542 1538 2545 —
1566 2523 1637 2562 quis
1658 2530 1762 2563 qaneo
1778 2524 2017 2555 --iuventutis

253 2579 353 2610 all'ert
376 2577 505 2610 Nonius
530 2584 564 2617 p.
591 2575 664 2606 449.
695 2590 729 2596 -—
758 2574 829 2613 quis
852 2582 950 2612 nepos
973 2582 1042 2604 0111.
1069 2583 1096 2604 r.
1126 2592 1159 2595 —
1188 2574 1239 2605 411.
1266 2582 1373 2604 secum
1398 2573 1577 2605 Catilinam
1601 2572 1687 2612 gik.
1713 2589 1757 2594 —-
1780 2572 1832 2603 ⁴3.
1854 2573 1930 2611 non]
1954 2572 2017 2603 nisi

254 2627 288 2659 d.
316 2645 353 2650 —
390 2628 425 2658 in
453 2626 519 2658 ullo
549 2634 709 2664 umquam
738 2625 768 2655 h.
799 2624 865 2654 (IV
889 2625 947 2664 Lg.
979 2622 1037 2661 46,
1065 2624 1106 2661 03
1146 2632 1303 2661 umquam
1334 2623 1366 2654 in
1391 2623 1517 2654 homine
1541 2622 1580 2660 (l;
1617 2621 1743 2652 homine
1767 2629 1836 2652 om.
1863 2630 1883 2652 a
1907 2620 2014 2653 solus.

255 2696 291 2700 —
321 2677 372 2709 44.
399 2677 533 2708 amabat
556 2676 623 2715 ipse
646 2674 810 2706 Bbcsw
837 2673 909 2714 (sed
935 2675 958 2704 B
984 2673 1098 2713 amat).
1129 2692 1160 2695 —-
1191 2675 1242 2705 45.
1270 2675 1351 2714 (laq.
1378 2674 1486 2705 amori
1510 2671 1565 2703 dl.
1595 2690 1629 2694 ——
1661 2671 1789 2711 fructus
1812 2671 1870 2711 Lg.
1896 2669 1950 2703 43.
1978 2687 2012 2691 —

255 2729 307 2759 46.
332 2728 428 2759 niodo
452 2735 521 2758 om.
543 2735 573 2756 c.
595 2743 629 2747 —
657 2725 708 2756 48.
737 2724 837 2755 ctiam
858 2724 892 2754 in
919 2724 1011 2763 assi-is
1034 2722 1067 2754 d.
1091 2740 1124 2744 ψ
1149 2724 1243 2763 perd.
1269 2724 1353 2754 hom.
1379 2731 1552 2754 numerum
1576 2721 1616 2758 <⁷13
1643 2720 1809 2752 hominum
1833 2728 1902 2752 om.
1923 2721 1961 2753 C.
1978 2738 2012 2742 —-

256 2777 307 2808 49.
334 2785 373 2808 nc
395 2776 460 2807 ullo
485 2776 614 2813 quictem
636 2775 669 2805 in
694 2784 771 2815 any.
798 2783 815 2804 r
841 2774 912 2813 (scd
940 2774 969 2804 in
997 2782 1072 2814 sup.
1100 2772 1155 2804 lin.
1184 2782 1229 2804 m.
1257 2773 1340 2813 p1·.):
1367 2782 1406 2804 nc
1429 2773 1494 2803 ullo
1518 2772 1549 2801 in
1576 2769 1835 2811 an9.rcll.1nei
1860 2772 1896 2802 et
1910 2772 2014 2811 Lagg.

255 2835 396 2865 omnes,
429 2826 494 2857 nisi
518 2824 613 2865 quod
637 2825 722 2855 diw
747 2824 878 2855 habent
900 2832 940 2854 ne
963 2824 996 2853 ln
1020 2823 1085 2853 ullo
1110 2833 1203 2863 anst,
1230 2824 1309 2863 Lag.
1337 2824 1366 2854 6.
1394 2822 1487 2854 solus
1513 2822 1600 2852 nullo
1624 2822 1658 2852 in
1682 2830 1779 2861 angs.;
1814 2830 1872 2853 nec
1893 2821 1959 2852 ullo
1981 2821 2017 2852 in

255 2886 333 2916 any.
360 2877 435 2908 LO.
462 2875 513 2907 Cf.
540 2875 676 2915 Madvig
700 2874 744 2905 ad
770 2874 834 2905 Cic.
861 2874 898 2905 (lc
922 2874 1016 2904 Fimz.
1043 2882 1076 2914 p.
1103 2874 1176 2905 810.
1204 2873 1271 2914 (secl
1293 2874 1358 2904 ullo
1382 2873 1416 2904 ¹in
1440 2872 1560 2912 angulo
1593 2871 1716 2903 deletis
1746 2869 1926 2902 vocabulis
1957 2879 2016 2902 ue-

256 2927 385 2963 quidem
407 2924 538 2956 Theod.
558 2924 837 2963 Mommsenius.)
858 2942 891 2946 —
918 2924 971 2954 ¹20.
998 2923 1104 2954 alieno
1128 2932 1203 2955 acre
1228 2926 1264 2955 C.
1288 2941 1322 2945 ——
1348 2923 1399 2954 21.
1428 2921 1585 2962 dissimili]
1612 2922 1741 2952 diversa
1764 2921 1798 2952 d.
1816 2939 1859 2944 —-
1881 2920 1934 2952 23.
1951 2928 2017 2952 6336

255 2976 402 3016 fateatur
426 2985 496 3008 om.
522 2974 597 3006 bis
623 2974 699 3005 sort.
727 2975 842 3011 rcctc3
869 2982 933 3004 6336
957 2981 1026 3003 om.
1054 2982 1071 3003 e
1086 2981 1132 3003 m.
1164 2992 1197 2995 —
1222 2982 1314 3005 nemo
1338 2976 1383 3004 εει
1405 2972 1439 3003 in
1462 2980 1557 3002 scena
1580 2971 1682 3002 levior
1704 2979 1797 3002 nemo
1819 2969 1957 3009 nequior
1976 2970 2013 3001 B.

262 3043 295 3047 —
322 3026 375 3058 24.
400 3025 509 3066 fuisse]
534 3032 598 3056 csse
621 3023 643 3054 d
658 3032 690 3064 p.
724 3041 759 3045 —
790 3021 1028 3062 commemoret]
1051 3022 1199 3062 fateatur
1222 3022 1255 3054 d.
1285 3041 1319 3045 -
1351 3022 1405 3053 25.
1428 3021 1548 3061 firmari
1571 3024 1600 3052 et
1621 3021 1704 3061 sami
1726 3020 1880 3052 Muretus
1905 3020 1940 3050 et
1962 3020 2013 3056 1...

260 3083 330 3106 om.
355 3079 385 3107 el
408 3075 442 3106 d.
473 3093 505 3096 —
538 3073 592 3104 26.
620 3082 660 3103 ac
682 3072 735 3104 sili
758 3071 1043 3112 bcelqsuwx
1068 3072 1126 3112 Lg.
1153 3072 1213 3111 κἰ6;
1248 3075 1277 3104 cl
1300 3080 1368 3103 om.
1388 3070 1421 3102 d.
1451 3088 1484 3092 —
1519 3080 1559 3102 ac
1581 3071 1703 3112 vigiliis
1725 3069 1792 3102 CV
1823 3070 1858 3100 et
1887 3068 2016 3109 aliquot

262 3124 346 3156 dett.
374 3126 489 3165 Lagg.,
516 3124 553 3155 O.
567 3141 601 3144 —
624 3123 833 3163 perferundis
856 3123 880 3154 B
894 3132 911 3153 a
926 3131 945 3153 c
959 3121 981 3153 d
1006 3123 1063 3161 Lg.
1082 3123 1135 3154 50.
1154 3123 1206 3153 57.
1228 3140 1262 3144 ——
1288 3121 1329 3152 ab
1350 3121 1420 3152 istis
1441 3121 1536 3152 sociis
1555 3130 1609 3160 pr.
1635 3121 1681 3159 V;
1706 3129 1728 3151 α
1749 3119 1816 3150 suis
1831 3119 1950 3158 praed.
1977 3119 2012 3149 L.

264 3191 297 3195 —-
333 3174 386 3205 ⁶27.
412 3174 447 3205 in
469 3173 633 3204 libidinem
655 3173 896 3212 audaciamque
920 3172 957 3203 C.
987 3189 1021 3195 ἡ
1058 3174 1282 3203 consumerem
1304 3180 1342 3211 g;
1368 3174 1635 3203 consumerentur
1657 3170 1798 3201 Vbirs
1812 3170 1932 3201 tuwx
1954 3169 2013 3208 Lg.

264 3224 317 3254 46.
336 3222 388 3254 43.
407 3223 460 3254 53.
482 3239 516 3244 —-
543 3222 596 3253 ⁶28.
622 3221 725 3262 Hunc]
751 3230 837 3253 nunc
861 3222 899 3253 C.
919 3239 953 3243 —
980 3221 1087 3262 crunl]
1109 3221 1232 3261 fuerint
1256 3221 1357 3260 CVq
1372 3230 1399 3259 7.,
1427 3220 1480 3252 alii
1506 3222 1608 3261 Lagg.
1635 3220 1733 3258 dett„
1759 3226 1909 3259 quorum
1932 3226 2017 3249 non-

264 3271 346 3303 nulli
366 3271 488 3311 fuerint
509 3272 536 3302 si
557 3272 657 3303 seculi
680 3271 827 3309 habent3
854 3274 949 3303 crunt
973 3272 1113 3303 firmant
1135 3270 1267 3304 Anecd.
1294 3270 1398 3302 Paris.
1426 3279 1459 3311 p.
1479 3272 1509 3303 5.
1537 3271 1592 3311 (dc
1618 3269 1699 3302 cod.
1727 3268 1749 3301 (l
1770 3269 1898 3301 erravit
1913 3269 2016 3301 Grae-

266 3321 368 3363 vius.)
396 3339 430 3346 —
455 3322 483 3354 si
505 3322 555 3354 sui
576 3321 698 3362 suerint
720 3322 849 3358 comites
871 3321 971 3357 secuti
994 3322 1028 3353 l..
