2127 3708
651 236 746 277 οη.
776 235 870 276 vm
886 256 940 266 --
956 235 1029 276 1x.
1066 233 1140 288 §§·
1170 232 1224 275 20
1240 256 1294 265 -
1309 231 1375 275 26.
1831 231 1885 274 79

140 351 183 391 in
213 362 338 391 causa
369 354 410 390 et
438 350 481 389 in
510 347 666 388 iudicio
697 347 912 387 collocata.
955 348 1107 387 Decem
1137 346 1202 386 his
1233 347 1353 387 annis
1375 346 1576 399 proximis
1598 347 1674 387 HS
1697 349 1885 402 sexagies

139 413 434 455 honestissime
464 409 665 463 consequi
695 410 852 462 potuit:
884 410 1031 450 noluit.
1085 410 1289 449 Laborem
1321 414 1518 462 quaestus
1550 412 1726 463 recepit:
1758 427 1886 468 quae-

142 482 252 517 stum
293 475 444 516 laboris
481 473 637 513 reiecit.
694 472 854 525 Populo
897 473 1084 511 Romano
1115 472 1250 512 adhuc
1281 471 1437 512 servire
1466 484 1551 510 non
1583 472 1765 515 destitit:
1807 478 1886 518 sibi

143 539 299 578 servire
330 538 411 577 iam
434 536 596 590 pridem
628 534 798 574 destitit.
856 531 921 573 ⁶24.
953 535 1042 573 Hoc
1073 540 1116 574 tu
1146 547 1359 588 umquam,
1389 533 1534 581 Fanni,
1564 534 1750 576 faceres?
1782 546 1822 580 et
1852 541 1884 581 si

141 600 219 641 hos
251 604 447 654 quaestus
476 597 661 649 recipere
692 609 859 649 posseS‚
891 610 975 636 non
1006 597 1154 636 eodem
1187 602 1371 649 tempore
1393 600 1435 636 et
1464 601 1626 648 gestum
1647 603 1688 637 et
1707 601 1886 642 animam
1919 616 1937 644 5

142 664 315 715 ageres?
354 661 429 701 Dic
459 674 569 700 nunc
600 664 639 698 te
670 659 720 698 ab
751 659 901 698 Roscio
925 659 1002 699 Hs
1023 671 1115 697 1000
1138 658 1497 711 circumscriptum
1519 671 1628 706 esse,
1661 661 1732 712 qui
1754 666 1886 706 tantas

143 729 185 764 et
214 730 297 764 tam
327 721 508 763 infinitas
540 722 738 775 pecunias
769 735 853 761 non
884 725 1055 774 propter
1083 721 1273 761 inertiam
1305 720 1483 768 laboris,
1516 720 1588 759 sed
1613 726 1785 775 propter
1804 738 1888 765 ma-

141 784 420 839 gnificentiam
462 783 723 824 liberalitatis
767 783 1010 836 repudiarit.
1076 783 1188 831 Quid
1228 797 1304 836 ego
1336 796 1447 822 nunc
1477 782 1549 822 illa
1579 783 1735 832 dicam,
1781 800 1888 840 quae

140 847 258 887 vobis
289 847 332 886 in
362 851 543 886 mentem
571 845 713 885 venire
744 850 856 885 certo
889 845 1007 885 scio?
1056 845 1290 885 Fraudabat
1329 850 1368 885 te
1399 845 1442 884 in
1473 845 1672 886 societate
1701 847 1888 890 Roscius.

142 910 248 949 Sunt
275 909 387 956 iura,
418 913 516 948 sunt
542 908 747 948 formulae
778 908 828 946 de
860 908 1053 948 omnibus
1082 908 1206 948 rebus
1237 908 1513 956 constitutae,
1544 910 1722 962 nequis
1746 917 1818 951 aut
1846 913 1888 953 in
1904 925 1940 956 4ο

141 984 293 1024 genere
322 971 502 1011 iniuriae
532 975 605 1011 aut
634 970 795 1010 ratione
826 970 1002 1011 actionis
1034 984 1171 1010 errare
1201 971 1348 1024 possit.
1388 971 1623 1024 Expressae
1655 977 1751 1013 sunt
1781 975 1889 1016 enim

143 1046 196 1073 ex
223 1034 348 1074 unius
371 1034 576 1087 cuiusque
597 1034 763 1081 damno,
795 1033 952 1080 dolore,
983 1033 1269 1081 incommodo,
1296 1032 1550 1080 calamitate,
1580 1033 1736 1075 iniuria
1755 1037 1892 1088 publi-

142 1109 214 1137 cae
243 1109 268 1137 a
296 1100 487 1150 praetore
515 1095 742 1143 formulae,
774 1095 825 1135 ad
857 1109 959 1148 quas
989 1096 1150 1150 privata
1178 1095 1229 1135 lis
1260 1095 1612 1135 accommodatur.

251 1160 324 1200 IX.
354 1156 420 1199 25.
463 1158 580 1207 Quae
620 1172 711 1198 cum
752 1158 810 1198 ita
849 1159 950 1206 sint,
988 1172 1061 1198 cur
1100 1171 1185 1198 non
1219 1158 1419 1198 arbitrum
1449 1171 1526 1211 pro
1558 1159 1673 1199 socio
1703 1161 1892 1216 adegeris

144 1221 193 1271 Q.
222 1221 441 1269 Roscium,
485 1233 654 1275 quaero.
714 1221 951 1260 Formulam
990 1234 1076 1261 non
1116 1223 1272 1261 noras?
1317 1220 1543 1260 Notissima
1573 1226 1672 1262 erat.
1730 1225 1942 1269 Iudiciot5

142 1284 257 1337 gravi
289 1282 469 1337 experiri
499 1282 701 1323 nolebas?
753 1283 865 1331 Quid
895 1284 982 1324 ita?
1028 1285 1201 1336 Propter
1229 1283 1555 1323 familiaritatem
1575 1289 1788 1327 veterem?
1819 1302 1894 1328 cur

142 1359 241 1400 ergo
262 1346 422 1386 laedis?
461 1347 635 1399 Propter
656 1346 937 1400 integritatem
956 1347 1171 1387 hominis?
1202 1360 1276 1386 cur
1296 1345 1423 1398 igitur
1442 1346 1690 1387 insimulas?
1719 1350 1894 1404 Propter

142 1408 472 1462 magnitudinem
502 1408 718 1449 criminis?
762 1409 878 1449 Itane
917 1411 1045 1450 vero?
1093 1409 1227 1457 Quem
1257 1421 1332 1461 per
1362 1407 1561 1447 arbitrum
1593 1409 1894 1453 circumvenire

142 1483 227 1510 non
257 1483 426 1523 posses,
456 1470 575 1511 cuius
607 1471 657 1510 de
688 1484 737 1511 ea
765 1485 809 1511 re
839 1473 1054 1525 proprium
1085 1476 1173 1511 erat
1202 1470 1426 1519 iudicium,
1466 1469 1578 1510 hunc
1607 1485 1684 1524 per
1712 1473 1894 1514 iudicem

144 1533 462 1582 condemnabis,
493 1533 611 1574 cuius
642 1534 693 1574 de
726 1547 774 1575 ea
802 1548 846 1575 re
877 1534 1038 1574 nullum
1059 1539 1122 1574 est
1147 1533 1392 1573 arbitrium?
1439 1532 1552 1581 Quin
1573 1538 1618 1574 tu
1636 1534 1718 1575 hoc
1738 1536 1892 1577 crimen
1905 1549 1944 1583 20

144 1601 216 1636 aut
245 1597 401 1644 obiice,
438 1596 510 1636 ubi
540 1597 639 1636 licet
669 1610 814 1650 agere,
856 1601 927 1637 aut
955 1597 1091 1636 iacere
1120 1596 1229 1644 noli,
1263 1595 1335 1635 ubi
1366 1608 1452 1635 non
1482 1601 1660 1649 oportet.
1711 1599 1892 1640 Tametsi

144 1658 226 1698 iam
269 1658 350 1698 hoc
392 1663 464 1698 tuo
505 1659 747 1699 testimonio
790 1660 946 1700 crimen
986 1659 1195 1699 sublatum
1227 1664 1301 1699 est.
1345 1660 1472 1706 Nam,
1518 1672 1601 1712 quo
1632 1665 1677 1699 tu
1706 1665 1894 1715 tempore

145 1720 218 1760 illa
252 1720 431 1760 formula
470 1721 531 1760 uti
561 1722 756 1769 noluisti,
798 1722 903 1762 nihil
932 1723 1043 1762 hunc
1072 1722 1116 1761 in
1146 1721 1390 1762 societatem
1418 1720 1577 1761 fraudis
1607 1722 1756 1764 fecisse
1786 1724 1895 1765 iudi-

149 1778 277 1835 [casti.
316 1780 340 1799 '⁴
371 1781 394 1802 ἦ·
427 1781 451 1803 *²³⁴
482 1780 751 1835 pac]tionem.
790 1805 844 1812 —
891 1784 1069 1823 Tabulas
1103 1784 1230 1824 habet
1269 1797 1322 1824 an
1362 1787 1477 1823 non?
1542 1784 1585 1824 Si
1622 1799 1707 1825 non
1745 1787 1894 1836 habet,

151 1843 502 1897 quemadmodum
531 1844 669 1896 pactio
701 1847 790 1885 est?
836 1845 879 1885 Si
907 1845 1055 1893 habet,
1087 1859 1159 1885 cur
1188 1859 1274 1886 non
1303 1846 1524 1887 nominas?
1581 1844 1648 1887 26.
1678 1848 1754 1888 Dic
1783 1862 1894 1890 nunc
1908 1862 1947 1894 25

148 1905 344 1946 Roscium
374 1905 447 1945 ahs
478 1910 518 1945 te
549 1906 726 1958 petisse,
756 1911 804 1947 ut
831 1907 1076 1948 familiarem
1107 1922 1228 1948 suum
1257 1921 1443 1948 sumeres
1473 1909 1687 1950 arbitrum.
1718 1932 1773 1940 —
1801 1913 1895 1952 Non

148 1967 282 2021 petiit.
313 1987 367 1996 -—
409 1966 486 2007 Dic
526 1968 765 2020 pactionem
800 1969 972 2017 fecisse,
1016 1974 1064 2010 ut
1099 1970 1398 2011 absolveretur.
1428 1992 1483 2000 —
1516 1972 1610 2011 Non
1639 1973 1811 2027 pepigit.
1841 1993 1896 2004 -—

150 2030 333 2078 Quaere,
364 2042 492 2083 quare
522 2030 576 2070 sit
595 2031 835 2071 absolutus!
864 2053 918 2061 —
951 2031 1074 2080 Quod
1106 2037 1194 2072 erat
1222 2046 1383 2073 summa
1403 2033 1644 2075 innocentia
1665 2040 1706 2076 et
1724 2036 1897 2090 integri-

147 2096 246 2131 tate.
293 2091 405 2139 Quid
435 2092 546 2131 enim
574 2092 729 2133 factum
760 2095 856 2133 est?
901 2094 1065 2134 Venisti
1097 2094 1267 2135 domum
1287 2095 1396 2135 ultro
1418 2095 1581 2144 Roscii3
1613 2097 1714 2137 satis
1733 2097 1895 2148 fecisti;

148 2153 263 2206 quod
293 2157 447 2194 temere
479 2155 748 2203 commisisti,
779 2156 822 2196 in
852 2156 1053 2196 iudicium
1081 2161 1128 2196 ut
1158 2157 1441 2205 denuntiaret,
1480 2158 1661 2210 rogasti,
1700 2164 1749 2200 ut
1777 2160 1947 2214 igno-30

233 2265 264 2297 4.
288 2265 409 2297 collata
431 2266 470 2298 A.
499 2283 534 2289 —
558 2266 589 2298 2.
616 2267 795 2309 quaestum]
821 2271 950 2307 questus
971 2269 1097 2307 aGM‚
1124 2272 1276 2309 quaestus
1297 2270 1325 2300 A
1342 2277 1423 2300 cum
1447 2270 1610 2310 quattuor
1629 2271 1893 2307 Oxoniensibus.

151 2331 187 2337 —-
212 2313 243 2347 4.
269 2313 309 2355 et]
333 2315 387 2346 sed
409 2314 602 2349 aGMAss.
631 2315 677 2356 (et
692 2316 853 2349 Turnebo
877 2317 997 2350 tribuit
1012 2318 1205 2362 Gruterus.)
1235 2336 1269 2341 -
1295 2319 1326 2350 5.
1351 2319 1483 2360 reficere
1505 2319 1548 2358 L,
1575 2319 1644 2352 «al.
1668 2321 1802 2361 facere»
1826 2332 1897 2365 mg.

147 2363 182 2399 2.
210 2381 245 2386 —
271 2364 323 2395 44.
349 2367 407 2396 aut
428 2364 464 2396 in
484 2365 613 2396 ratione
635 2366 672 2397 L.
700 2384 736 2388 —-
772 2367 823 2398 42.
849 2367 974 2399 iniuria
991 2368 1126 2408 publica
1147 2369 1186 2400 he
1209 2378 1231 2400 a
1252 2368 1379 2407 aGM,
1404 2369 1532 2400 iniuria
1550 2369 1707 2409 publica:
1729 2372 1790 2404 hae
1812 2383 1834 2405 α
1856 2376 1897 2407 Α.

147 2413 380 2447 Emendatum
411 2415 464 2446 est
490 2414 526 2446 in
548 2414 681 2447 Aldina.
710 2433 745 2437 —-
783 2416 832 2448 43.
859 2419 1120 2450 accommodetur
1147 2418 1216 2450 duo
1239 2417 1318 2450 libri
1340 2419 1479 2451 veteres
1503 2427 1558 2460 ap.
1584 2420 1831 2455 Hotomanum.
1858 2441 1896 2448 —-

150 2463 202 2496 44.
225 2472 292 2495 non
314 2465 357 2495 ad
379 2463 542 2496 arbitrum
563 2466 601 2496 A.
630 2481 665 2487 —
688 2474 751 2505 pro
774 2466 869 2507 socio]
890 2476 926 2507 p.
950 2468 1054 2499 roscio
1078 2478 1115 2499 α.
1136 2486 1171 2490 —-
1199 2467 1250 2500 48.
1275 2468 1535 2508 maqnitudinem
1556 2470 1713 2513 criminis]
1739 2474 1900 2513 eyritudi-

147 2522 222 2546 nem
243 2514 389 2546 criminis
403 2523 428 2545 α
442 2515 467 2546 G
479 2515 530 2556 M,
557 2516 794 2556 aeqritudinem
809 2517 955 2548 criminis
969 2516 995 2556 β
1007 2519 1033 2549 Α
1047 2543 1053 2557 ,
1079 2518 1318 2559 aeyritudinem
1332 2518 1480 2557 corpo-ris
1494 2519 1536 2558 F,
1558 2521 1775 2554 acritudinem
1789 2524 1900 2556 crimi-

147 2564 199 2595 nis
221 2564 398 2596 Gruterus.
434 2563 705 2606 (magnitudinem
731 2567 877 2598 criminis
905 2566 1100 2607 Manutius.)
1127 2585 1162 2589 —
1192 2567 1368 2599 arbitrium
1397 2569 1436 2599 A.
1465 2585 1500 2591 —
1537 2569 1589 2601 49.
1624 2572 1710 2611 erat]
1738 2581 1804 2604 non
1826 2578 1900 2606 erat

150 2611 378 2652 aBGMAss.
404 2613 483 2655 (non
505 2613 573 2646 del.
599 2615 797 2656 Manutius.)
822 2633 858 2638 —-
883 2617 977 2659 hunc]
1001 2626 1087 2648 nunc
1110 2616 1340 2657 assGMAss.
1366 2617 1463 2659 (hunc
1486 2617 1635 2651 debetur
1657 2622 1833 2660 Manutio.)
1857 2641 1895 2647 —

149 2662 202 2694 20.
229 2671 268 2694 ea
290 2671 358 2694 om.
386 2663 580 2703 assGMA.
618 2665 758 2698 Addidit
788 2667 970 2699 Manutius.
999 2685 1034 2690 -
1066 2668 1119 2700 et.
1155 2668 1273 2707 iacere]
1309 2671 1417 2699 tacere
1449 2665 1646 2706 assGMA.
1693 2671 1900 2706 Emendavit

149 2711 331 2744 Manutius.
358 2713 408 2746 Cf.
425 2722 497 2746 var.
514 2713 593 2746 lect.
611 2723 645 2756 p.
665 2716 716 2748 47.
734 2725 767 2747 v.
782 2717 836 2748 26.
858 2733 892 2738 —-
915 2717 968 2749 ⁶23.
985 2717 1137 2749 societate
1159 2727 1184 2749 α
1196 2715 1222 2756 β
1234 2718 1256 2749 F
1270 2717 1391 2750 GMA.
1408 2734 1445 2741 —
1468 2718 1579 2758 fecisse
1598 2719 1776 2762 iudi[casti.
1794 2721 1819 2745 *
1834 2722 1859 2746 ἦε
1873 2722 1898 2746 *

144 2761 354 2800 pacJtionem.
375 2779 410 2784 —
438 2763 577 2796 Tabulas
598 2773 683 2797 nos:
707 2765 819 2806 fecisse
840 2766 1063 2799 iudiditionem
1083 2768 1211 2800 tabulas
1226 2766 1300 2806 αβ,
1327 2768 1438 2808 fecisse
1451 2769 1519 2799 vidi
1533 2769 1696 2802 ditionem.
1714 2770 1842 2804 tabutas
1856 2774 1895 2813 A,

147 2812 257 2852 fecisse
278 2812 312 2843 in
335 2812 486 2845 ditionem
509 2814 637 2846 tabulas
659 2815 686 2846 G
710 2817 744 2846 et
765 2815 887 2847 Aldina
913 2817 956 2855 (in
980 2825 1048 2857 qua
1070 2819 1149 2858 post
1171 2828 1205 2850 v.
1234 2818 1344 2859 fecisse
1367 2817 1491 2850 lacuna
1516 2820 1571 2851 est
1593 2820 1694 2853 unius
1717 2830 1840 2855 versus
1863 2824 1899 2855 et

150 2861 291 2901 dimidii)
305 2887 311 2901 ‚
335 2862 444 2903 fecisse
461 2865 679 2896 uenditionem
694 2865 823 2897 tabulas
838 2866 881 2904 M,
904 2865 1014 2905 fecisse
1029 2868 1202 2907 ostendisti,
1220 2877 1299 2900 num
1314 2867 1443 2899 tabulas
1456 2869 1589 2900 Iuntina
1607 2871 1642 2901 et
1658 2871 1895 2912 Cratandrina,

147 2911 256 2952 fecisse
272 2913 445 2945 ostendisti.
460 2912 519 2945 *in
535 2914 698 2946 ditionem.
716 2924 795 2946 num
811 2915 939 2946 tabulas
951 2917 1177 2957 Naugeriana‚
1190 2919 1301 2959 fecisse
1312 2918 1486 2950 ostendisti.
1504 2919 1591 2950 Fecit
1601 2921 1796 2959 pactionem.
1810 2922 1899 2954 Nwm

149 2960 278 2992 tabulas
300 2969 381 2994 cum
403 2962 554 2995 Manutio
577 2962 658 3002 20,
684 2965 858 2996 ostendisti.
883 2965 971 2996 Fecit
988 2967 1184 3005 pactionem.
1215 2968 1253 2999 In
1277 2967 1394 2999 tabulis
1415 2969 1451 2999 L.
1478 2967 1600 3008 (fecisse
1622 2969 1691 3001 iudi
1711 2971 1822 3010 fecisse
1843 2972 1899 3003 iu-

147 3011 333 3043 riditionem
362 3012 444 3044 casti
476 3013 731 3046 iurisdictionem
754 3014 883 3046 tabulas
905 3015 1012 3047 oxon.
1038 3016 1092 3057 H.)
1129 3018 1225 3050 Conf.
1250 3018 1386 3059 Madvig
1410 3018 1525 3059 Opusc.
1549 3019 1606 3051 alt.
1631 3028 1665 3061 p.
1690 3020 1747 3052 234
1775 3029 1830 3062 sq.
1857 3039 1894 3046 -

148 3059 201 3093 24.
216 3060 312 3092 habes
323 3078 372 3085 --
385 3061 481 3094 habes
493 3079 540 3086 --
552 3062 649 3095 habes
659 3064 859 3096 Menardus.
872 3082 907 3086 —
925 3065 977 3097 28.
995 3066 1125 3105 Quaero
1141 3066 1443 3108 osenbruggen.—
1463 3068 1517 3101 29.
1534 3069 1628 3101 Rosci
1641 3070 1723 3101 A.—
1742 3070 1795 3103 30.
1812 3080 1900 3104 com-

148 3110 263 3142 misisti
284 3111 344 3142 aF
357 3112 490 3145 GMA:
514 3114 723 3146 commisisses
746 3123 827 3146 cum
850 3115 999 3146 Manutio
1022 3116 1047 3147 L
1060 3115 1082 3150 ss
1095 3117 1133 3149 Ο.
1162 3135 1198 3139 -
1222 3117 1380 3149 iudicium
1401 3120 1437 3149 ut
1459 3118 1668 3150 denuntiares
1691 3119 1770 3160 (om.
1795 3120 1840 3161 in)
1857 3122 1895 3161 L,

148 3159 197 3190 illi
218 3159 376 3192 iudicium
396 3164 433 3192 ut
454 3161 702 3195 denuntiaretur
724 3164 906 3197 Manutius.
935 3182 970 3187 -
1005 3164 1130 3198 Totum
1153 3164 1269 3198 locum
1291 3167 1341 3199 sic
1365 3166 1496 3199 effinxit
1517 3169 1705 3201 Graevius:
1741 3171 1828 3210 quod
1849 3174 1898 3203 te—

150 3216 238 3241 mere
259 3210 486 3250 commisisses,
509 3211 546 3242 id
565 3211 666 3244 iudici
688 3215 724 3244 ut
746 3213 952 3245 denuntiaret
973 3215 1118 3255 rogasti]
1140 3216 1266 3256 roqasti
1287 3220 1323 3248 ut
1344 3217 1532 3258 ignosceret.
1568 3218 1765 3252 Ernestius:
1799 3221 1898 3252 satis-

150 3256 270 3297 fecisti,
298 3259 384 3299 quod
412 3263 531 3294 temere
560 3263 788 3301 commisisses;
820 3264 855 3294 in
876 3263 1034 3295 iudicium
1053 3268 1091 3296 ut
1113 3265 1317 3298 denuntiaret
1337 3267 1484 3308 νομική,-
1517 3270 1547 3299 te
1568 3268 1751 3307 affuturum
1771 3270 1899 3310 negasti

153 3306 300 3347 (omissis
322 3309 439 3343 verbis
460 3314 499 3343 ut
518 3311 721 3354 iqnosceret).
759 3312 975 3345 Huschkius:
1002 3314 1200 3355 satisfecisti,
1226 3316 1312 3355 quod
1334 3318 1451 3348 temere
1465 3317 1669 3349 commisisti:
1691 3317 1727 3350 in
1739 3318 1897 3350 iudicium

153 3358 190 3388 ut
211 3357 435 3400 denuntiaret,
458 3361 608 3404 rogasti:
630 3365 667 3395 ut
687 3362 884 3404 iynosceret,
905 3362 1039 3403 petisti:
1063 3367 1093 3398 te
1114 3364 1308 3406 adfuturum
1328 3366 1466 3408 negasti.
1503 3366 1582 3399 Gar.
1605 3367 1646 3400 2:
1670 3367 1759 3409 quod
1779 3370 1897 3402 temere
