2143 3713
304 220 386 262 640
817 224 887 265 DE
918 222 1056 265 LEGE
1084 223 1319 267 AGRARIA
1350 227 1505 268 LIBER
1533 228 1583 268 II.

302 333 361 375 ita
387 331 567 382 fecistis,
596 346 682 388 quo
710 335 834 376 modo
864 336 985 389 pauci
1015 336 1174 378 nobiles
1204 338 1248 378 in
1276 338 1352 379 hac
1383 339 1546 379 civitate
1578 337 1769 379 consules
1801 337 1899 380 facti
1927 345 2037 389 sunt,

302 409 436 437 novus
465 400 560 436 ante
588 409 653 437 me
682 410 818 438 nemo.
877 399 927 438 ΙΙ.
957 399 1061 438 Nam
1091 399 1276 452 profecto
1308 401 1342 441 si
1371 401 1575 441 recordari
1597 400 1812 442 volueritis
1842 402 1893 443 de
1921 404 2040 444 novis

300 457 557 506 hominibus,
586 460 801 513 reperietis
832 474 917 508 eos,
948 461 1019 514 qui
1049 461 1138 501 sine
1168 462 1333 515 repulsa
1357 463 1548 503 consules
1579 462 1675 503 facti
1697 469 1816 513 sunt,
1846 465 2040 505 diuturno

301 519 444 560 labore
473 525 598 574 atque
627 521 768 575 aliqua
797 522 1015 563 occasione
1047 536 1137 564 esse
1166 523 1317 573 factos,
1357 539 1448 565 cum
1478 526 1615 565 multis
1645 525 1763 565 annis
1792 530 1888 579 post
1915 526 2043 579 petis-

271 583 415 630 5sent,
456 595 580 636 quam
618 588 826 637 praetores
861 583 1058 633 fuissent,
1098 585 1311 639 aliquanto
1342 587 1492 634 serius,
1531 600 1654 640 quam
1685 601 1760 640 per
1789 592 1965 627 aetatem
1995 600 2042 627 ac

300 657 374 697 per
402 644 515 698 leges
545 644 709 686 liceret:
740 646 813 699 qui
846 643 1013 699 [autem]
1047 660 1155 686 anno
1186 660 1261 687 suo
1291 649 1508 701 petierint,
1540 650 1627 689 sine
1657 649 1824 702 repulsa
1843 662 1928 689 non
1952 661 2041 689 esse

300 705 453 748 factos:
492 721 558 748 me
598 721 689 748 esse
727 722 856 748 unum
887 722 939 748 ex
969 709 1159 748 omnibus
1189 709 1307 749 novis
1336 710 1596 758 hominibus,
1637 711 1687 750 de
1720 711 1870 763 quibus
1901 711 2043 750 memi-

300 768 414 809 nisse
443 769 673 823 possimus,
706 770 778 823 qui
808 771 1066 811 consulatum
1097 770 1308 823 petierim,
1339 786 1430 812 cum
1459 773 1635 826 primum
1667 773 1824 813 licitum
1845 774 1916 821 sit,
1946 785 2043 812 con-

301 831 366 871 sul
393 830 526 873 factus
559 831 657 879 sim,
688 845 779 871 cum
810 833 986 885 primum
1015 833 1224 886 petierim,
1254 838 1300 873 ut
1329 841 1465 875 vester
1493 835 1626 875 honos
1657 835 1707 875 ad
1738 836 1819 875 mei
1848 835 2043 889 temporis

250 896 286 926 ‘¹0
300 893 408 933 diem
437 894 616 947 petitus,
646 906 730 933 non
759 893 810 933 ad
841 894 1000 934 alienae
1033 894 1246 947 petitionis
1277 896 1533 937 occasionem
1563 897 1817 950 interceptus
1846 910 1924 937 nec
1954 896 2043 936 diu-

298 956 430 995 turnis
460 955 653 1008 precibus
683 954 950 1008 efflagitatus,
982 956 1054 996 sed
1077 956 1273 1009 dignitate
1294 957 1536 1010 impetratus
1558 972 1647 999 esse
1668 960 1869 999 videatur.
1910 956 1948 997 4.
1969 957 2044 997 Est

297 1016 401 1057 illud
430 1017 751 1071 amplissimum,
790 1018 901 1071 quod
931 1018 1057 1071 paulo
1088 1023 1181 1058 ante
1212 1021 1547 1069 commemoravi,
1580 1021 1787 1070 Quirites,
1818 1020 1931 1075 quod
1960 1019 2041 1060 1100

296 1079 457 1120 honore
488 1091 541 1118 ex
569 1079 688 1120 novis
717 1079 957 1119 hominibus
987 1080 1166 1133 primum
1187 1094 1252 1121 me
1273 1082 1412 1122 multis
1429 1089 1521 1136 post
1541 1084 1661 1123 annis
1681 1084 1897 1131 affecistis,
1928 1081 2042 1137 quod

296 1142 430 1194 prima
458 1141 681 1195 petitione,
712 1141 825 1194 quod
856 1155 966 1181 anno
997 1156 1112 1191 meo,
1144 1144 1217 1184 sed
1248 1147 1384 1183 tamen
1414 1143 1744 1198 magnificentius
1775 1150 1900 1199 atque
1922 1157 2043 1185 orna-

247 1204 382 1244 4511115
421 1216 513 1244 0550
549 1203 621 1243 1110
659 1203 765 1243 nihil
802 1209 963 1257 potest,
1004 1205 1116 1259 quod
1159 1205 1261 1245 meis
1293 1206 1468 1246 comitiis
1498 1220 1583 1246 non
1614 1207 1806 1247 tabellam
1835 1206 2043 1247 vindicem

297 1265 447 1306 tacitae
485 1265 709 1315 libertatis,
750 1266 823 1306 sed
860 1280 1006 1307 vocem
1035 1267 1170 1308 vivam
1206 1281 1304 1321 prae
1336 1268 1450 1308 vobis
1481 1268 1660 1309 indicem
1691 1273 1918 1310 vestrarum
1947 1281 2043 1322 erga

296 1341 363 1368 me
402 1327 663 1369 voluntatum
703 1341 751 1369 ac
791 1328 1023 1369 studiorum
1061 1329 1226 1370 tulistis.
1285 1331 1430 1384 Itaque
1470 1344 1534 1370 me
1573 1344 1658 1371 non
1700 1335 1883 1371 extrema
1912 1331 2042 1372 tribus

297 1390 587 1444 suffragiorum
597 1420 610 1439 ,
640 1390 713 1431 sed
743 1391 865 1444 primi
896 1391 955 1431 illi
983 1392 1109 1431 vestri
1133 1405 1383 1440 concursus,
1414 1406 1550 1446 neque
1572 1393 1758 1446 singulae
1779 1406 1901 1434 voces
1923 1404 2043 1446 prae-

296 1466 472 1502 conum,
516 1452 590 1494 sed
617 1466 703 1494 una
731 1467 833 1494 voce
861 1453 1080 1494 universus
1109 1455 1291 1507 populus
1321 1456 1530 1495 Romanus
1561 1455 1773 1496 consulem
1805 1454 2041 1495 declaravit.

245 1519 282 1550 ΞΟ
297 1513 336 1556 5.
365 1515 456 1555 Hoc
494 1528 571 1568 ego
613 1519 697 1556 tam
737 1515 922 1569 insigne,
962 1520 1045 1555 tam
1076 1516 1286 1569 singulare
1316 1521 1497 1557 vestrum
1527 1515 1796 1564 beneficium,
1837 1515 2041 1565 Quirites,

297 1590 391 1618 cum
421 1576 473 1618 ad
503 1577 629 1617 animi
659 1577 739 1617 mei
767 1576 947 1617 fructum
977 1582 1103 1631 atque
1133 1578 1331 1619 laetitiam
1362 1579 1468 1619 duco
1500 1592 1589 1618 esse
1628 1592 1916 1633 permagnum,
1955 1582 2041 1617 tum

295 1640 348 1680 ad
378 1652 519 1680 curam
549 1637 960 1693 sollicitudinemque
991 1640 1120 1680 multo
1152 1640 1297 1680 maius.
1346 1642 1574 1681 Versantur
1604 1641 1733 1688 enim,
1766 1640 1968 1689 Quirites,
1999 1639 2042 1678 in

295 1702 434 1742 animo
465 1714 557 1742 meo
588 1700 743 1740 multae
773 1705 813 1741 et
846 1715 990 1754 graves
1020 1702 1316 1755 cogitationes,
1348 1715 1455 1756 quae
1486 1702 1585 1742 mihi
1615 1702 1773 1742 nullam
1794 1707 1950 1755 partem
1970 1714 2043 1741 ne-

296 1777 378 1819 que
410 1764 582 1805 diurnae
611 1775 749 1816 neque
779 1769 1004 1805 nocturnae
1034 1765 1187 1818 quietis
1218 1764 1479 1818 impertiunt:
1511 1765 1690 1818 primum
1720 1763 1861 1804 tuendi
1892 1777 2042 1804 consu-

245 1833 283 1865 25
295 1826 426 1875 latus,
466 1838 573 1880 quae
613 1839 705 1865 cum
746 1826 938 1866 omnibus
979 1831 1041 1867 est
1071 1826 1251 1867 difficilis
1282 1833 1321 1868 ct
1350 1842 1498 1881 magna
1527 1829 1654 1877 ratio,
1694 1833 1782 1868 tum
1811 1842 1910 1869 vero
1941 1827 2041 1868 mihi

294 1893 459 1942 praeter
488 1891 671 1936 ceteros,
702 1887 820 1928 cuius
851 1893 985 1930 errato
1016 1889 1130 1929 nulla
1158 1890 1303 1938 venia,
1343 1896 1452 1931 recte
1483 1891 1591 1931 facto
1623 1891 1773 1944 exigua
1801 1890 1891 1931 laus
1923 1889 2041 1932 et.ab

293 1952 432 1993 invitis
463 1963 660 2006 expressa
688 1953 955 2004 proponitur,
986 1965 1071 1991 11011
1093 1952 1295 1993 dubitanti
1315 1950 1437 1993 fidele
1458 1953 1702 2001 consilium,
1732 1947 1817 1992 non
1838 1952 2041 1992 laboranti

295 2018 454 2055 001111111
484 2013 717 2055 subsidium
746 2015 976 2056 nobilitatis
1007 2015 1251 2055 ostenditur.
1308 2016 1378 2055 Ill.
1410 2014 1448 2055 6.
1480 2016 1602 2064 Quod
1633 2016 1667 2055 si
1698 2014 1808 2055 solus
1837 2015 1880 2055 in
1900 2014 2042 2054 discri-

294 2089 389 2116 men
419 2075 589 2131 aliquod
618 2075 871 2126 adducerer,
900 2077 1073 2124 ferrem,
1105 2077 1312 2125 Quirites,
1342 2078 1478 2118 animo
1509 2077 1731 2131 aequiore,
1762 2075 1834 2117 sed
1861 2075 1962 2116 mihi
1982 2076 2043 2116 vi-

243 2146 280 2176 30
295 2138 447 2180 dentur
475 2138 577 2179 certi
605 2137 820 2187 homines,
852 2140 885 2179 si
916 2153 999 2193 qua
1028 2141 1072 2180 in
1103 2153 1147 2179 re
1176 2153 1241 2179 me
1271 2153 1354 2180 non
1378 2139 1501 2179 modo
1523 2139 1721 2186 consilio,
1752 2151 1896 2178 verum
1917 2137 2042 2178 etiam

294 2214 392 2242 casu
420 2200 584 2254 lapsum
614 2214 705 2241 esse
735 2201 1066 2250 arbitrabuntur,
1096 2214 1170 2243 vos
1199 2202 1435 2249 universos,
1468 2201 1539 2255 qui
1571 2214 1636 2241 me
1663 2199 1938 2240 antetuleritis
1966 2212 2041 2239 no-

291 2262 459 2311 bilitati,
489 2262 777 2315 vituperaturi.
834 2263 938 2304 Mihi
968 2268 1132 2311 autem,
1172 2262 1381 2311 Quirites,
1423 2263 1563 2303 onmia
1600 2263 1740 2316 potius
1770 2260 2041 2316 perpetienda

293 2338 386 2365 esse
424 2324 552 2372 duco,
597 2338 721 2378 quam
760 2338 843 2365 non
882 2326 939 2366 ita
976 2326 1201 2379 gerendum
1240 2325 1521 2373 consulatum,
1565 2325 1684 2365 utin
1714 2324 1907 2365 omnihus
1935 2322 2040 2363 meis

290 2386 407 2428 factis
438 2391 563 2441 atque
595 2387 780 2427 consiliis
809 2393 993 2428 vestrum
1023 2387 1074 2427 de
1099 2401 1164 2427 me
1184 2386 1337 2427 factum
1358 2387 1663 2441 consiliumque
1683 2387 1885 2427 laudetur.
1913 2386 2041 2427 Acce—

242 2458 280 2488 35
293 2449 353 2490 dit
383 2449 506 2490 etiam
534 2448 605 2489 ille
634 2449 734 2489 mihi
765 2463 951 2491 summus
982 2449 1098 2491 labor
1128 2464 1175 2491 ac
1203 2449 1447 2490 difficillima
1469 2450 1573 2491 ratio
1595 2449 1832 2489 consulatus
1853 2448 2040 2502 gerendi,

291 2510 406 2565 quod
447 2523 533 2551 non
570 2510 715 2551 eadem
753 2511 854 2551 mihi
896 2525 979 2566 qua
1018 2512 1302 2566 superioribus
1333 2512 1570 2552 consulibus
1600 2511 1691 2564 lege
1722 2515 1763 2550 et
1791 2510 2039 2551 condicione

291 2571 492 2613 utendum
532 2585 623 2613 esse
660 2574 849 2621 decrevi,
890 2575 960 2628 qui
999 2574 1155 2615 aditum
1193 2574 1317 2614 huius
1354 2574 1435 2614 loci
1475 2578 1826 2628 conspectumque
1854 2575 2039 2614 vestrum

290 2635 440 2689 partim
470 2647 619 2688 magno
650 2648 775 2688 opere
804 2635 1021 2689 fugerunt,
1051 2637 1200 2691 partim
1229 2649 1313 2676 non
1342 2636 1610 2676 vehementer
1640 2635 1770 2675 secuti
1799 2639 1908 2676 sunt.
1947 2635 2037 2687 Ego

290 2701 430 2739 autem
460 2710 546 2738 non
576 2697 711 2738 solum
741 2697 820 2738 hoc
850 2698 894 2738 in
923 2698 1014 2739 loco
1045 2699 1200 2748 dicam,
1231 2698 1302 2739 ubi
1333 2703 1394 2739 est
1426 2695 1497 2752 [id]
1531 2697 1641 2738 dictu
1670 2696 1933 2747 facillimum,
1963 2696 2037 2738 sed

375 2844 407 2877 2.
432 2853 483 2876 ‘me
505 2853 575 2876 om.
602 2845 636 2876 F.
658 2862 692 2866 —-
718 2846 757 2884 si]
780 2845 807 2876 si
830 2854 880 2877 me
903 2846 937 2877 F.
958 2863 991 2868 —
1019 2847 1050 2878 3.
1075 2847 1139 2879 sint
1162 2855 1242 2878 cum
1258 2846 1415 2879 Ernestio
1439 2846 1476 2877 Ο.
1497 2863 1531 2866 -
1558 2846 1589 2877 5.
1616 2845 1665 2886 (10]
1692 2848 1788 2884 atque
1810 2845 1846 2877 F.
1867 2863 1902 2868 —-
1928 2844 1959 2876 6.
1978 2853 2038 2876 au-

289 2896 352 2925 tem
374 2902 443 2925 om.
462 2894 500 2926 E.
529 2912 564 2916 —
585 2894 748 2935 petierint]
768 2895 922 2934 petissent
945 2896 982 2927 13.
1004 2913 1038 2918 —
1064 2897 1096 2928 8.
1116 2905 1289 2936 possumus
1305 2896 1368 2927 AL
1382 2893 1414 2927 2.
1436 2912 1469 2916 -—
1498 2895 1549 2925 42.
1576 2895 1634 2925 hoc
1651 2903 1720 2926 om.
1740 2895 1774 2926 F.
1795 2912 1830 2916 —
1857 2894 1909 2926 43.
1927 2895 2038 2926 multis

285 2947 358 2983 post
380 2943 476 2975 annis
498 2943 523 2975 E
537 2945 581 2982 P;
604 2947 677 2982 post
698 2944 808 2975 multis
830 2945 925 2976 annis
941 2946 981 2983 l·‘;
1006 2946 1115 2977 multis
1132 2945 1324 2986 posthabitis
1339 2946 1365 2975 G
1376 2946 1403 2976 A
1418 2945 1441 2975 1,
1456 2943 1488 2977 Ω.
1511 2961 1544 2966 -
1572 2943 1623 2975 44.
1644 2945 1758 2984 prima
1779 2943 1974 2983 appetitione
1996 2944 2034 2975 E.

290 3009 325 3014 —
353 2994 405 3025 45.
430 2993 568 3025 indicem
590 2994 650 3025 ΡΑ
677 2995 712 3025 et.
735 3002 854 3025 errore
880 2996 1014 3035 typogr.
1041 2996 1075 3026 L.
1097 3013 1131 3016 —
1159 2996 1210 3027 46.
1234 2995 1356 3036 vivam]
1379 3003 1481 3025 unam
1504 2994 1528 3025 E
1544 2994 1651 3025 FPT.
1672 3011 1706 3016 —
1731 2992 1890 3024 vindicem
1914 3000 2035 3024 errore

289 3042 425 3082 typogr.
450 3042 486 3074 L.
522 3059 556 3064 —
587 3047 730 3075 vestrum
752 3044 796 3082 133
824 3048 972 3076 nostrum
995 3046 1028 3076 F.
1062 3062 1096 3067 -
1130 3045 1182 3076 47.
1213 3048 1379 3077 eoetrcmao
1401 3044 1583 3075 Fcrratius.
1619 3060 1653 3065 -
1691 3043 1743 3074 49.
1767 3042 1914 3074 uniuersi
1936 3043 1971 3075 P.
1994 3042 2032 3073 R.

287 3089 349 3122 EF
363 3092 399 3123 P.
426 3108 461 3113 -—
493 3091 548 3123 22.
575 3093 725 3134 Quirites]
751 3102 771 3133 q
794 3094 828 3125 F.
862 3112 897 3117 —
931 3095 982 3126 25.
1008 3095 1093 3134 cum]
1117 3104 1191 3126 cum
1213 3095 1298 3134 quod
1321 3094 1382 3126 EF
1396 3095 1430 3125 P.
1464 3112 1506 3116 —-
1535 3093 1615 3125 mihi
1638 3100 1707 3124 om.
1732 3091 1768 3123 E.
1798 3108 1834 3113 —
1866 3091 1919 3123 26.
1943 3091 2035 3123 cuius

287 3139 442 3172 EFPT:
468 3149 543 3172 cum
564 3142 610 3180 A;
635 3142 689 3173 cui
712 3141 859 3177 GLsso,
882 3161 915 3166 —
945 3146 1032 3175 recto
1055 3145 1165 3177 EFP.
1192 3162 1227 3166 —
1252 3144 1306 3175 27.
1328 3144 1545 3183 praeponitur
1568 3143 1641 3174 EF.
1663 3158 1698 3162 -
1722 3139 1774 3171 33.
1799 3140 1982 3181 gerundum
1996 3141 2031 3172 F.

291 3206 326 3210 —
351 3188 404 3221 34.
429 3190 671 3233 consiliumque]
705 3195 804 3231 atque
832 3192 1001 3224 consitium
1023 3193 1060 3225 E.
1094 3210 1129 3215 —
1160 3192 1212 3224 36.
1237 3192 1348 3224 cadem
1377 3192 1454 3223 milti
1478 3201 1545 3232 qua
1565 3188 1785 3231 superioribus
1806 3188 1987 3221 consulibus
2007 3187 2033 3220 E

291 3237 311 3267 F
324 3238 366 3268 P:
393 3239 505 3272 eadem
520 3249 588 3280 qua
602 3242 823 3281 superioribus
837 3243 1019 3275 consulibus
1034 3244 1061 3275 A
1073 3244 1097 3275 L
1110 3242 1151 3281 523
1176 3242 1288 3274 eadem
1303 3250 1369 3281 qua
1383 3242 1565 3281 superiores
1578 3240 1722 3272 consules
1737 3239 1762 3271 T
1774 3239 1811 3271 O.
1831 3256 1868 3262 —
1887 3238 1939 3271 38.
1953 3246 2034 3279 par-

288 3285 409 3325 timque
431 3288 467 3319 F.
487 3305 523 3312 —
547 3298 745 3332 maynopere
766 3292 791 3323 E
805 3293 867 3324 ΕΑ
881 3291 951 3326 Lss.
979 3310 1013 3315 ——
1045 3292 1097 3323 39.
1122 3292 1181 3324 hoc
1201 3292 1236 3324 in
1258 3290 1337 3332 loco]
1360 3291 1395 3324 in
1416 3291 1474 3324 hoc
1496 3291 1565 3324 loco
1587 3291 1627 3330 F;
1650 3289 1709 3322 Ιιοσ
1732 3288 1815 3330 (om.
1838 3288 1874 3322 in
1894 3286 1976 3330 loeo)
1991 3287 2030 3321 Α.

292 3351 326 3358 ·-
354 3336 387 3369 id
409 3337 508 3379 dictu]
532 3339 620 3374 dictu
640 3340 674 3373 id
696 3340 739 3380 E;
764 3340 800 3374 id
820 3341 978 3383 spurium
1001 3340 1149 3374 videtur.
