2143 3713
510 229 597 269 Lm.
626 228 694 268 1v.
735 225 830 267 οη.
861 224 1140 267 x111-X1v.
1176 224 1249 279 §§.
1283 223 1477 266 28-33.
1783 225 1864 268 335

123 338 165 377 in
195 338 314 386 Asia,
355 339 632 379 contulerunt.
699 337 856 377 Habuit
896 352 966 378 eos
998 351 1137 378 secum
1169 337 1239 376 illo
1271 342 1455 390 tempore
1486 342 1527 377 et
1564 339 1606 378 in
1646 338 1865 393 legationis

123 400 286 453 praedis
317 407 440 455 atque
470 402 587 441 surtis
617 400 791 440 multum
821 399 987 439 illorum
1018 412 1144 453 opera
1174 399 1433 452 consilioque
1463 414 1564 440 usus
1595 407 1668 441 est.
1714 400 1781 442 31.
1811 403 1864 442 Hi

123 468 219 502 sunt
259 463 341 511 illi,
382 463 532 516 quibus
571 462 613 500 in
653 460 804 500 tabulis
846 461 968 500 refert
1007 474 1097 500 sese
1130 461 1178 509 Q.
1212 462 1364 501 Tadius
1396 462 1560 501 dedisse
1592 463 1707 504 iussu
1747 466 1864 506 istius

122 525 290 565 Graecis
319 525 556 578 pictoribus.
599 524 680 562 Eos
710 523 790 562 iam
822 523 927 562 bene
959 524 1146 575 cognitos
1177 528 1217 562 et
1245 538 1288 563 re
1320 524 1515 576 probatos
1536 538 1676 565 secum
1699 527 1741 565 in
1764 528 1866 568 Sici-

119 586 218 625 liam
240 588 370 626 duxit.
409 586 500 634 Quo
521 590 792 638 posteaquam
815 591 1027 632 venerunt,
1059 585 1291 624 mirandum
1315 586 1356 624 in
1378 586 1549 626 modum
1569 609 1622 615 —
1643 602 1766 629 canes
1796 601 1897 630 ve-5

119 648 278 688 naticos
300 649 457 688 diceres
484 648 611 686 —ita
633 647 913 686 odorabantur
934 648 1073 687 onmia
1093 653 1134 687 et
1163 649 1520 701 pervestigabant,
1552 655 1610 697 ut,
1641 651 1710 690 ubi
1743 655 1865 706 quid-

120 724 201 763 que
232 716 359 758 esset,
399 710 540 763 aliqua
570 709 727 748 ratione
758 710 1003 749 invenirent.
1061 710 1185 748 Aliud
1218 710 1437 757 minando,
1468 711 1583 751 aliud
1614 713 1864 765 pollicendo,

119 772 229 812 aliud
261 786 334 826 per
362 785 514 818 servos,
545 771 658 811 aliud
683 784 756 823 per
777 772 942 819 liberos,
972 785 1046 824 per
1065 773 1240 811 amicum
1263 772 1389 819 aliud,
1421 772 1535 812 aliud
1558 787 1633 826 per
1650 775 1864 817 inimicum

118 835 400 875 inveniebant:
431 833 637 887 quidquid
668 833 751 872 illis
782 834 1005 886 placuerat,
1035 833 1295 887 perdendum
1326 839 1426 874 erat.
1465 835 1575 874 Nihil
1605 837 1718 877 aliud
1751 846 1866 892 opta-

116 896 236 943 bant,
276 909 452 949 quorum
494 895 743 948 poscebatur
783 901 1020 948 argentum,
1062 896 1143 935 nisi
1183 901 1229 935 ut
1266 896 1308 935 id
1347 897 1520 936 Hieroni
1553 902 1593 937 et
1623 899 1915 953 Tlepolemow

118 958 366 1012 displiceret.
423 958 534 997 XIV.
573 954 639 995 32.
670 958 824 996 Verum
855 958 1091 997 mehercule
1121 957 1223 1005 hoc,
1265 959 1447 1006 iudices,
1489 960 1636 1000 dicam.
1694 964 1865 1004 Memini

116 1019 377 1073 Pamphilum
398 1019 728 1073 Lilybaetanum‚
759 1019 935 1059 amicum
968 1025 1008 1059 et
1036 1020 1245 1072 hospitem
1277 1034 1428 1068 meum,
1449 1022 1632 1062 nobilem
1652 1023 1865 1067 hominem

115 1081 216 1121 mihi
245 1095 433 1129 narrare,
475 1095 569 1121 cum
600 1081 676 1121 iste
708 1082 758 1121 ab
790 1095 880 1121 sese
918 1081 1107 1135 hydriam
1138 1083 1285 1123 Boethi
1316 1097 1441 1123 manu
1470 1084 1621 1125 factam
1651 1088 1864 1139 praeclaro

115 1156 240 1197 opere
271 1150 311 1185 et
339 1143 483 1197 grandi
512 1142 696 1196 pondere
728 1157 802 1196 per
831 1149 1078 1196 potestatem
1108 1145 1368 1193 abstulisset,
1409 1161 1453 1186 se
1496 1160 1595 1187 sane
1634 1150 1792 1190 tristem
1825 1156 1866 1191 et

114 1207 403 1246 conturbatum
434 1206 602 1246 domum
633 1207 875 1254 revertisse,
907 1207 1017 1260 quod
1048 1220 1119 1246 vas
1151 1207 1238 1247 eius
1271 1208 1403 1256 modi,
1444 1209 1555 1262 quod
1587 1210 1665 1250 sibi
1696 1225 1719 1251 a
1749 1218 1863 1265 patre
1879 1223 1915 1252 45

114 1273 155 1308 et
183 1282 207 1308 a
236 1269 467 1309 maioribus
498 1274 609 1308 esset
637 1269 850 1316 relictum,
893 1282 976 1321 quo
1009 1268 1155 1308 solitus
1187 1275 1298 1309 esset
1326 1271 1387 1309 uti
1419 1271 1470 1310 ad
1500 1271 1629 1312 festos
1661 1273 1773 1322 dies,
1813 1276 1865 1316 ad

111 1328 325 1383 hospitum
354 1331 581 1378 adventus,
622 1345 645 1371 a
676 1346 719 1371 se
751 1336 862 1372 esset
891 1331 1085 1371 ablatum.
1148 1331 1249 1371 Cum
1290 1331 1498 1380 sederem,
1545 1335 1710 1388 inquit,
1753 1337 1865 1377 domi

112 1392 260 1440 tristis,
307 1394 486 1433 accurrit
532 1394 760 1434 Venerius:
809 1394 924 1433 iubet
967 1406 1032 1433 me
1078 1393 1256 1446 scyphos
1299 1394 1502 1445 sigillatos
1542 1396 1594 1435 ad
1633 1403 1865 1450 praetorem

112 1455 250 1494 statim
287 1455 445 1495 afferre.
511 1457 724 1496 Permotus
762 1470 875 1503 sum,
921 1455 1079 1508 inquit:
1128 1455 1251 1495 binos
1290 1456 1516 1497 habebam:
1568 1459 1691 1499 iubeo
1730 1462 1865 1514 promi

109 1520 330 1570 utrosque,
360 1531 414 1557 ne
445 1518 546 1571 quid
576 1518 668 1571 plus
699 1519 795 1558 mali
826 1522 1086 1564 nasceretur,
1118 1523 1158 1557 et
1187 1532 1349 1558 mecum
1380 1519 1432 1559 ad
1462 1522 1665 1573 praetoris
1697 1523 1863 1564 domum
1877 1534 1914 1565 20

108 1577 219 1618 ferri.
276 1579 337 1619 Eo
369 1594 462 1620 cum
491 1580 639 1628 venio,
671 1586 836 1633 praetor
866 1580 1124 1634 quiescebat:
1156 1579 1303 1620 fratres
1334 1581 1395 1621 illi
1428 1582 1645 1636 Cibyratae
1676 1585 1864 1627 inambu-

109 1640 262 1680 labant.
323 1641 404 1689 Qui
435 1655 499 1681 me
530 1642 602 1681 ubi
633 1643 848 1682 viderunt:
884 1642 983 1682 «Ubi
1016 1647 1122 1690 sunt,
1154 1643 1384 1695 Pamphile,
1416 1644 1626 1698 inquiunt,
1658 1647 1858 1701 scyphi?›)

111 1702 297 1743 Ostendo
327 1704 469 1743 tristis.
517 1704 720 1744 Laudant.
771 1705 930 1757 Incipio
963 1706 1079 1758 queri
1110 1719 1174 1745 me
1205 1705 1310 1744 nihil
1339 1706 1599 1755 habiturum,
1645 1709 1759 1761 quod
1789 1710 1864 1750 ali-

112 1764 231 1805 cuius
263 1771 374 1805 esset
402 1767 538 1819 pretii,
569 1767 602 1806 si
635 1767 759 1807 etiam
791 1767 937 1821 scyphi
969 1773 1108 1807 essent
1137 1767 1276 1807 ablati.
1327 1769 1433 1808 Tum
1463 1770 1538 1817 illi,
1569 1770 1640 1809 ubi
1670 1784 1735 1810 me
1767 1785 1864 1813 con-

109 1827 319 1867 turbatum
347 1828 508 1868 vident:
551 1828 698 1876 «Quid
729 1830 790 1869 vis
822 1830 941 1869 nobis
973 1830 1093 1878 dare,
1123 1835 1170 1869 ut
1199 1830 1266 1869 isti
1297 1830 1368 1869 abs
1400 1835 1440 1870 te
1470 1844 1523 1871 ne
1554 1831 1913 1878 auferantur?»25

109 1889 169 1928 Ne
201 1889 349 1938 multa,
389 1890 466 1930 Hs
499 1903 563 1928 cm
595 1904 684 1938 me,
715 1891 872 1944 inquit,
903 1898 1207 1944 poposcerunt:
1247 1892 1334 1931 dixi
1372 1906 1437 1932 me
1469 1894 1674 1934 daturum.
1733 1897 1864 1937 Vocat

109 1951 268 1991 interea
306 1957 494 2005 praetor:
541 1952 678 2005 poscit
717 1952 910 2005 scyphos.
976 1955 1079 1993 Tum
1124 1954 1218 1993 illos
1268 1956 1454 2008 coepisse
1496 1958 1680 2008 praetori
1723 1959 1861 2000 dicere

108 2018 276 2065 putasse
317 2028 380 2062 se,
419 2015 460 2054 id
498 2014 611 2068 quod
652 2015 884 2063 audissent,
924 2016 1102 2056 alicuius
1142 2017 1265 2069 pretii
1297 2017 1478 2070 scyphos
1511 2031 1602 2058 esse
1631 2020 1860 2074 Pamphili:

108 2075 267 2116 luteum
298 2077 509 2129 negotium
541 2091 645 2124 esse,
677 2090 761 2116 non
793 2077 976 2130 dignum,
1009 2078 1121 2131 quod
1151 2079 1195 2118 in
1216 2092 1291 2119 suo
1313 2085 1484 2132 argento
1504 2081 1656 2122 Verres
1675 2082 1861 2123 haberet.

107 2137 177 2177 Ait
206 2138 277 2178 ille
308 2139 417 2179 idem
449 2139 527 2179 sibi
556 2139 700 2179 videri.
754 2140 815 2178 Ita
845 2139 1084 2192 Pamphilus
1115 2140 1293 2194 scyphos
1315 2142 1495 2195 optimos
1517 2142 1663 2184 aufert.
1712 2142 1779 2184 33.
1808 2146 1861 2186 Et
1873 2159 1911 2190 30

105 2199 342 2240 mehercule
373 2214 449 2254 ego
479 2206 613 2249 antea,
644 2202 808 2242 tametsi
838 2201 918 2242 hoc
948 2202 1089 2242 nescio
1121 2203 1222 2256 quid
1251 2204 1516 2256 nugatorium
1545 2205 1724 2246 sciebam
1756 2220 1860 2256 esse,

192 2341 222 2372 ⁴.
247 2349 300 2372 eos
321 2350 428 2373 secum
450 2343 488 2382 R,
515 2343 579 2374 Gi:
612 2342 683 2374 illos
705 2351 812 2374 secum
836 2343 895 2381 G2,
921 2342 985 2381 Ld;
1017 2352 1124 2375 secum
1148 2353 1200 2375 eos
1222 2343 1305 2376 dett.
1333 2345 1370 2377 Ο.
1399 2364 1434 2367 -
1460 2345 1515 2377 illo
1539 2346 1576 2386 R,
1604 2348 1644 2379 Gl
1666 2357 1672 2378 τ
1703 2357 1772 2381 om.
1799 2349 1858 2387 G2,

104 2389 172 2428 Ld;
199 2390 239 2422 ab
262 2390 316 2423 illo
340 2393 442 2433 Lagg.
469 2393 504 2424 et
526 2391 599 2424 rell.
627 2393 663 2424 O.
690 2410 725 2414 -—
751 2396 780 2424 el
809 2392 906 2433 ἱεραί.
939 2393 979 2424 Gl
1001 2393 1033 2424 2.
1062 2410 1096 2414 —
1122 2393 1152 2424 2.
1179 2402 1219 2424 ac
1245 2393 1344 2433 furtis
1370 2395 1482 2435 Lag29
1499 2394 1552 2428 42.
1581 2414 1616 2419 —
1642 2398 1862 2438 consilioquae

103 2439 142 2471 R.
171 2457 206 2462 —
232 2439 263 2471 3.
288 2441 323 2471 in
345 2440 462 2472 tabulis
485 2449 554 2472 om.
581 2442 639 2479 G2,
667 2440 727 2472 Ld.
756 2460 791 2464 —
816 2442 916 2482 refert
938 2442 997 2479 R3,
1023 2440 1043 2473 λ
1066 2442 1177 2483 (prob.
1204 2444 1314 2476 Madv.
1342 2453 1376 2485 p.
1403 2444 1486 2485 640:
1512 2445 1623 2477 retulit
1645 2446 1728 2480 dett.
1756 2448 1792 2479 O.
1821 2465 1858 2471 —-

106 2489 157 2530 Q.]
183 2490 320 2529 Quintus
341 2491 378 2523 R.
407 2508 443 2512 —-
469 2489 499 2522 4.
527 2490 671 2531 Graecis]
694 2491 822 2531 yenerz's
845 2491 886 2522 le
908 2492 939 2522 2.
968 2509 1004 2513 —
1029 2500 1081 2523 eos
1105 2501 1147 2524 ex
1169 2493 1272 2533 Lagg.
1297 2492 1391 2526 solus
1414 2494 1476 2532 29,-
1502 2503 1571 2526 om.
1596 2494 1656 2534 423
1682 2500 1713 2528 et
1733 2497 1760 2528 si
1783 2496 1858 2529 rell.

103 2540 206 2580 Lagg.
228 2556 263 2561 —
290 2541 322 2571 5.
347 2549 444 2572 canes
464 2543 571 2572 venat.
598 2540 720 2572 diceres
743 2541 860 2581 spuria
883 2540 990 2572 habet
1012 2542 1084 2573 Rau
1108 2543 1147 2573 II.
1173 2551 1206 2583 p.
1227 2542 1308 2581 4483
1335 2544 1425 2575 Bake
1449 2552 1483 2585 p.
1511 2545 1563 2576 48.
1590 2545 1640 2577 sic
1665 2545 1857 2587 distinguit:

102 2590 235 2621 modum
257 2589 369 2631 (canes
384 2608 435 2614 --
450 2590 645 2630 invenirent)
668 2590 759 2622 aliud
783 2599 860 2631 sqq.
890 2608 924 2612 —
952 2591 983 2622 6.
1009 2591 1146 2629 quicque
1167 2592 1206 2628 R.
1233 2593 1298 2631 Οἱς
1327 2593 1505 2632 quicquam
1529 2594 1588 2632 G2,
1614 2593 1680 2631 Ld;
1706 2596 1860 2635 quicquid

103 2639 205 2679 Lagg.
233 2656 269 2662 —
294 2640 324 2671 7.
350 2641 507 2672 minando
531 2640 597 2672 R3:
623 2641 806 2672 minitando
830 2640 914 2671 dett.
941 2641 978 2671 O.
1007 2658 1041 2662 —
1067 2640 1098 2672 8.
1123 2641 1216 2672 aliud
1235 2651 1296 2681 per
1319 2644 1463 2674 amicum
1487 2644 1545 2674 Gl.
1571 2659 1606 2665 —
1634 2644 1686 2675 40.
1707 2645 1859 2684 poscebat

103 2687 168 2725 G2;
199 2688 374 2726 poscebant
398 2690 456 2721 G2.
484 2689 555 2730 [Gi.
573 2689 601 2730 5⁷]
629 2707 664 2711 —
691 2691 726 2721 ‘ni
754 2691 856 2730 [333.
889 2689 973 2721 dett.
1002 2705 1036 2712 —
1063 2690 1097 2720 id
1119 2691 1163 2722 R:
1201 2699 1270 2722 om.
1301 2691 1374 2723 rell.
1403 2693 1440 2723 O.
1469 2710 1504 2715 —-
1532 2693 1583 2724 Μ.
1607 2702 1722 2724 verum
1746 2694 1792 2726 R3
1817 2693 1854 2726 λ;

99 2745 175 2768 vere
197 2737 282 2769 dett.
309 2738 346 2769 Ο.
388 2737 485 2778 [Ante
508 2748 623 2770 verum
648 2741 702 2770 est
725 2739 758 2770 in
782 2740 807 2771 R
831 2739 984 2779 signum:
1018 2738 1076 2777 K„
1102 2739 1123 2769 i.
1150 2747 1181 2770 e.
1206 2741 1334 2780 Kaput,
1368 2743 1406 2773 ut
1428 2741 1592 2783 videtur]
1619 2760 1654 2765 —-
1679 2743 1859 2775 mehercule

100 2786 138 2825 R,
165 2786 206 2818 Gl
227 2787 259 2826 2,
285 2785 317 2825 λ,
342 2787 450 2827 [342ῑ
475 2789 671 2820 mehercules
695 2788 769 2820 rell.
796 2790 832 2820 Ο.
855 2807 890 2811 -
918 2789 968 2820 42.
991 2788 1207 2828 pamphylum
1229 2789 1448 2828 lyllibilanum
1470 2792 1508 2830 R,
1535 2793 1568 2822 et
1591 2792 1641 2823 sic
1663 2792 1747 2823 item
1770 2792 1857 2825 infra

100 2844 230 2868 nomen
257 2837 455 2876 Pamphylus
484 2839 654 2880 scriptum
679 2841 743 2870 est.
771 2856 805 2860 —
832 2838 987 2878 hospitem
1014 2846 1122 2869 meum
1152 2841 1182 2869 et
1212 2841 1355 2871 amicum
1377 2842 1479 2881 Lagg.
1505 2842 1646 2882 praeter
1668 2840 1726 2879 29,
1753 2841 1790 2872 Ο.
1819 2860 1854 2864 -

100 2885 153 2917 43.
177 2885 269 2917 Boeti
290 2887 392 2926 Lagg.
426 2887 511 2920 dett.
539 2906 574 2910 ——
602 2890 654 2921 46.
685 2892 715 2920 et
738 2898 759 2920 a
781 2890 901 2920 maior.
937 2889 981 2927 R,
1008 2887 1083 2926 Ld.⁷
1110 2888 1199 2928 [329
1222 2888 1279 2921 42;
1317 2900 1339 2921 α
1363 2899 1430 2924 om.
1459 2891 1499 2922 Gt
1520 2891 1556 2929 2,
1586 2889 1659 2922 rell.
1686 2891 1788 2931 Lago.
1817 2908 1851 2915 —

100 2934 152 2965 47.
178 2935 334 2966 adventus
356 2936 394 2974 R,
420 2937 479 2976 G2,
504 2938 594 2978 Lg29
612 2948 618 2969 :
644 2939 818 2970 adventum
835 2938 907 2970 rell.
927 2939 963 2969 O.
1000 2939 1146 2969 Prorsus
1162 2938 1311 2971 similem
1328 2939 1445 2972 locum
1459 2938 1669 2972 Columellae
1686 2939 1754 2970 XII.
1774 2939 1804 2978 3,
1823 2939 1854 2972 4.

101 2983 225 3015 excitat
250 2985 362 3016 Garat.
387 2985 428 3016 11.
456 2986 548 3026 [add.
575 2988 609 3019 in
631 2988 730 3020 Verr.
756 2989 796 3020 11.
823 2987 853 3028 S.
872 2987 938 3028 83.]
957 3004 993 3008 —
1013 2987 1064 3019 49.
1084 2988 1215 3028 adferre
1238 2990 1275 3020 R.
1297 3007 1332 3012 —
1352 2990 1404 3021 20.
1423 2988 1587 3029 utrosque]
1613 2989 1655 3020 cf.
1673 2990 1856 3029 Agroetius

99 3040 134 3073 p.
152 3032 247 3065 2267.
266 3034 303 3065 Ρ.
332 3051 367 3056 —-
393 3034 446 3066 24.
470 3035 558 3075 ferre
580 3036 640 3068 R3.
670 3055 705 3060 --
740 3037 793 3068 22.
819 3045 870 3068 me
891 3036 946 3067 ubi
969 3036 1027 3075 R3,
1053 3037 1158 3068 Prisc.
1183 3038 1209 3068 Ι.
1234 3046 1268 3078 p.
1293 3037 1374 3070 473:
1400 3039 1498 3071 simul
1517 3042 1555 3070 ul
1576 3047 1626 3070 me
1649 3037 1732 3069 dett.
1759 3039 1796 3070 Ο.
1818 3057 1853 3062 -

99 3081 153 3113 25.
176 3082 226 3113 vis
247 3082 400 3122 inquiunt
424 3083 483 3116 Ld.
511 3086 610 3126 (teste
633 3086 751 3125 Bakio)
776 3087 811 3118 et
834 3087 870 3118 L.
892 3104 927 3108 —
942 3089 978 3116 ut
1001 3094 1070 3118 om.
1094 3086 1197 3127 Lagg.
1218 3104 1253 3108 —
1271 3096 1312 3119 ne
1334 3088 1441 3128 aufer.
1466 3088 1524 3120 abs
1546 3090 1575 3119 te
1590 3088 1692 3128 Lagg.
1711 3086 1795 3120 dett.
1816 3105 1852 3111 —

98 3136 152 3168 26.
175 3137 231 3169 HS
252 3138 304 3170 cIo
328 3139 348 3170 7
372 3140 494 3180 Lagg.,
528 3140 590 3172 Ld.
617 3141 673 3182 (?):
708 3142 774 3174 HS.
801 3152 833 3171 00
851 3143 894 3180 R,
920 3141 974 3172 HS
997 3141 1075 3173 CCt·
1098 3143 1138 3174 Gi
1156 3166 1164 3181 ,
1189 3143 1253 3175 HS.
1281 3142 1341 3175 CC.
1367 3144 1433 3182 G2;
1470 3134 1584 3175 HSV.
1603 3143 1703 3183 Lg29.
1733 3161 1768 3166 —
1794 3152 1856 3184 po-

97 3191 271 3224 poscerant
292 3189 331 3227 R,
357 3189 398 3221 Gl
420 3190 452 3221 2.
475 3208 510 3212 —
529 3189 614 3221 decit
638 3191 696 3222 G2.
717 3208 752 3212 —
771 3200 822 3222 me
845 3199 914 3222 om.
942 3190 1000 3222 G2.
1033 3190 1141 3222 Codd.
1161 3191 1354 3224 deteriores
1369 3192 1521 3225 habent:
1546 3193 1600 3224 HS
1615 3193 1668 3224 cla
1684 3201 1734 3224 me
1748 3193 1855 3232 inquil

99 3235 172 3266 dimi
194 3236 370 3277 daturum3
397 3239 422 3270 O
447 3239 551 3271 etiam
573 3238 731 3272 brevius:
756 3241 812 3272 HS
827 3241 880 3273 clo
904 3240 976 3271 diri
997 3248 1048 3271 me
1069 3241 1236 3272 daturum.
1258 3259 1293 3264 —
1312 3242 1365 3273 27.
1382 3242 1516 3282 scyphos
1532 3242 1637 3282 poscit
1651 3241 1736 3274 dett.
1755 3243 1792 3274 O.
1814 3261 1850 3266 -—

99 3283 152 3315 28.
174 3285 333 3325 panphyli
353 3288 392 3320 R.
421 3306 456 3312 -
482 3288 535 3320 34.
560 3289 738 3321 mehercule
761 3289 868 3330 Lg42,
896 3289 961 3328 G3,
995 3290 1022 3321 R
1045 3298 1154 3322 corr.:
1187 3290 1329 3323 mercule
1350 3291 1377 3325 R
1399 3301 1435 3334 p.
1460 3301 1529 3331 m.;
1558 3291 1754 3324 mehercules
1775 3291 1849 3325 rell.

100 3333 202 3375 Lagg.
228 3335 266 3367 Ο.
293 3354 329 3359 -
353 3345 412 3378 ⁰9⁰
435 3346 505 3371 om.
530 3338 632 3379 Lg29.
660 3357 696 3362 —
721 3340 790 3382 hoc]
815 3348 872 3380 eqo
895 3339 1001 3371 idem.
