2143 3713
620 224 714 266 cst.
743 223 990 265 Lv—Lvr.
1026 221 1101 276 §§·
1133 220 1380 262 450—454.
1789 213 1869 257 587

132 353 222 380 esse
253 344 324 379 aut
354 341 394 379 in
423 338 593 379 homine
623 336 706 375 ullo
738 341 809 376 aut
838 336 880 375 in
911 336 1077 383 ordine,
1107 336 1186 375 hoc
1217 347 1300 373 uno
1331 338 1440 373 metu
1467 347 1510 373 se
1540 337 1688 386 putant
1707 332 1868 386 equites

132 405 339 443 Romanos
369 402 410 441 in
444 404 686 454 potestatem
717 411 833 437 suam
864 398 1124 445 redacturos,
1167 396 1200 435 si
1231 396 1499 435 constitutum
1531 397 1604 443 sit,
1642 401 1689 435 ut
1718 396 1768 434 de
1800 395 1872 442 iis,

133 466 204 519 qui
237 478 320 504 rem
353 463 587 509 iudicarint,
618 460 791 499 huiusce
822 460 934 498 modi
966 459 1117 499 iudicia
1146 456 1234 498 lieri
1264 457 1437 510 possint.
1487 458 1633 498 Vident
1662 458 1771 497 enim
1801 470 1873 496 au-

132 528 362 567 ctoritatem
392 526 513 564 huius
544 522 700 562 ordinis
723 520 978 568 consu-mari,
1009 520 1153 560 vident
1172 519 1327 559 iudicia
1347 519 1629 572 comprobari:
1659 519 1739 558 hoc
1760 523 1873 557 metu

133 589 343 642 proposito
384 587 558 628 evellere
597 598 640 624 se
675 584 863 623 aculeum
899 582 1128 623 severitatis
1162 585 1321 620 vestrae
1358 593 1477 632 posse
1506 580 1733 620 confidunt.
1780 576 1901 618 1535

133 652 236 699 Quis
274 651 383 690 enim
421 649 472 688 de
509 647 676 688 homine
719 646 869 686 audeat
898 645 1023 697 paulo
1055 643 1280 683 maioribus
1311 642 1457 695 opibus
1488 641 1677 694 praedito
1707 653 1803 680 vere
1835 646 1875 679 et

129 713 292 752 sortiter
329 711 532 756 iudicare,
572 721 666 747 cum
706 706 844 747 videat
883 707 959 746 sibi
991 706 1042 745 de
1074 719 1146 752 eo,
1187 704 1299 758 quod
1331 704 1475 744 coierit
1503 709 1573 743 aut
1602 704 1874 749 consenserit,

130 788 295 814 causam
333 786 423 813 esse
458 769 707 812 dicendam?
780 769 882 808 Lvl.
924 768 957 807 Ο
997 768 1106 807 viros
1148 766 1275 806 sortes
1321 766 1484 819 equites
1528 767 1756 813 Romanos,
1802 766 1873 818 qui

129 836 286 877 homini
317 835 544 875 clarissimo
575 846 622 872 ac
650 832 960 885 potentissimo,
989 830 1043 870 M.
1064 830 1222 876 Druso,
1254 828 1419 868 tribuno
1439 828 1592 882 plebis,
1622 827 1875 874 restiterunt,

129 914 219 940 cum
249 899 319 938 ille
349 896 450 937 nihil
480 894 591 935 aliud
622 900 763 947 ageret
793 908 884 933 cum
920 893 992 932 illa
1022 897 1188 939 cuncta,
1231 904 1336 945 quae
1367 896 1454 930 tum
1486 896 1595 937 erat,
1636 889 1921 936 nobilitate‚to

129 962 207 1002 nisi
237 965 281 999 ut
300 960 339 1006 ii,
371 958 440 1011 qui
472 972 557 998 rem
582 958 836 997 iudicassent
855 958 1026 997 huiusce
1049 954 1161 995 modi
1183 953 1497 1007 quaestionibus
1518 953 1560 993 in
1581 952 1781 992 iudicium
1803 963 1876 991 vo-

129 1022 337 1064 carenturl
384 1022 499 1060 Tunc
531 1020 573 1060 C.
605 1020 771 1059 Flavius
795 1020 939 1065 I’usi0,
972 1018 1044 1058 Cn.
1067 1017 1268 1063 Titinius,
1301 1015 1343 1055 C.
1365 1016 1603 1062 Maecenas,
1636 1013 1707 1052 illa
1728 1012 1877 1052 robora

128 1084 272 1140 populi
314 1083 489 1123 Romani
535 1082 827 1136 equestrisque
868 1081 1050 1127 ordinis,
1091 1092 1174 1119 non
1213 1078 1402 1118 fecerunt
1442 1077 1574 1125 idem,
1616 1076 1728 1130 quod
1767 1088 1877 1114 nunc

130 1145 362 1193 Cluentius,
393 1150 439 1185 ut
469 1145 625 1198 aliquid
657 1145 805 1197 culpae
837 1144 1047 1196 suscipere
1079 1155 1121 1181 se
1153 1145 1347 1193 putarent
1376 1139 1629 1187 recusando,
1660 1138 1734 1179 sed
1757 1150 1876 1191 aper-

129 1210 283 1250 tissime
312 1212 617 1261 repugnarunt,
649 1221 742 1247 cum
772 1207 875 1246 haec
906 1208 1146 1243 recusarent
1166 1207 1207 1242 et
1237 1202 1373 1254 palam
1404 1201 1629 1241 fortissime
1650 1206 1776 1254 atque
1801 1199 1922 1238 ho-15

128 1270 360 1311 nestissime
391 1269 574 1309 dicerent
612 1281 654 1308 se
701 1268 888 1321 potuisse
928 1265 1083 1305 iudicio
1125 1264 1269 1318 populi
1299 1264 1473 1303 Romani
1503 1264 1546 1303 in
1576 1263 1877 1317 amplissimum

128 1333 264 1371 locum
293 1331 532 1383 pervenire,
564 1330 596 1369 si
629 1343 704 1370 sua
734 1329 873 1369 studia
903 1329 953 1368 ad
984 1328 1164 1367 honores
1190 1326 1394 1380 petendos
1417 1326 1604 1366 conferre
1625 1325 1875 1371 voluissent3

125 1406 215 1434 sese
246 1392 421 1440 vidisse,
453 1392 495 1431 in
526 1405 574 1432 ea
605 1392 688 1432 vita
720 1391 854 1446 qualis
877 1390 1073 1444 splendor
1094 1390 1270 1437 inesset,
1303 1394 1457 1442 quanta
1477 1394 1737 1435 ornamenta,
1770 1401 1876 1440 quae

126 1455 332 1508 dignitas:
365 1468 471 1507 quae
503 1468 546 1495 se
577 1468 660 1494 non
692 1454 1007 1508 contempsisse,
1044 1452 1116 1492 sed
1148 1452 1293 1492 ordine
1324 1466 1399 1492 suo
1429 1457 1677 1506 patrumque
1707 1463 1877 1491 suorum

124 1522 343 1557 contentos
372 1516 503 1557 fuisse
535 1523 575 1557 et
604 1518 727 1557 vitam
759 1517 873 1556 illam
904 1514 1169 1568 tranquillam
1202 1520 1242 1555 et
1263 1515 1471 1568 quietam,
1501 1518 1702 1554 remotam
1731 1526 1755 1552 a
1784 1520 1923 1565 pro-⁶20

124 1579 240 1619 cellis
270 1579 522 1619 invidiarum
554 1585 595 1620 et
624 1579 798 1619 huiusce
829 1578 940 1618 modi
973 1577 1244 1625 iudiciorum,
1276 1577 1396 1630 sequi
1428 1577 1650 1617 maluisse:
1686 1572 1778 1615 454.
1808 1580 1878 1615 aut

125 1641 203 1682 sibi
234 1640 285 1680 ad
316 1640 496 1681 honores
526 1641 730 1695 petendos
761 1645 938 1681 aetatem
970 1640 1175 1692 integram
1206 1639 1367 1679 restitui
1399 1644 1613 1692 oportere,
1654 1643 1745 1685 aut,
1775 1651 1879 1691 quo-

123 1704 235 1743 niam
274 1703 315 1742 id
354 1716 438 1742 non
478 1709 641 1756 posset,
687 1716 778 1743 eam
815 1703 1107 1743 condicionem
1137 1702 1267 1749 vitae,
1315 1714 1439 1755 quam
1471 1701 1602 1741 secuti
1633 1700 1877 1755 petitionem

124 1763 411 1817 reliquissent,
443 1778 635 1806 manere:
680 1766 872 1819 iniquum
913 1778 1005 1805 esse
1036 1777 1131 1811 eos,
1174 1764 1245 1817 qui
1275 1763 1481 1804 honorum
1512 1768 1754 1803 ornamenta
1781 1775 1878 1816 pro-

124 1834 216 1881 pter
256 1827 536 1879 periculorum
579 1828 888 1868 multitudinem
930 1826 1327 1880 praetermisissent,
1369 1826 1514 1879 populi
1543 1825 1758 1866 beneficiis
1786 1831 1924 1864 esse25

124 1889 324 1943 privatos,
356 1888 603 1930 iudiciorum
636 1903 839 1931 novorum
869 1890 1065 1943 periculis
1096 1902 1181 1929 non
1204 1902 1366 1928 carere:
1397 1893 1629 1929 senatorem
1652 1889 1734 1928 hoc
1755 1888 1874 1942 queri

125 1964 208 1991 non
245 1963 389 2003 posse,
434 1958 657 2004 propterea
698 1952 811 2006 quod
853 1965 901 1992 ea
941 1952 1187 1992 condicione
1226 1951 1439 2006 proposita
1476 1955 1616 2005 petere
1647 1950 1875 2005 coepisset,

124 2013 321 2066 quodque
360 2014 562 2064 permulta
604 2020 741 2054 essent
781 2019 1044 2061 ornamenta,
1094 2014 1245 2067 quibus
1284 2026 1374 2053 eam
1414 2013 1602 2066 mitigare
1641 2013 1874 2054 molestiam

124 2080 285 2128 posset,
316 2074 455 2121 locus,
496 2076 740 2124 auctoritaS‚
780 2076 890 2117 domi
922 2076 1141 2129 splendor,
1172 2075 1281 2129 apud
1313 2080 1475 2115 exteras
1506 2076 1695 2116 nationes
1725 2088 1875 2116 nomen

123 2142 163 2176 vt
183 2136 327 2189 gratia,
358 2141 453 2190 toga
478 2143 704 2191 praetexta,
736 2138 839 2178 sella
859 2139 1035 2185 curulis,
1070 2135 1304 2191 [insignia,]
1336 2138 1483 2185 fasces,
1517 2134 1766 2191 [exercitus,]
1800 2137 1875 2177 im·
1889 2144 1926 2174 30

122 2200 258 2252 peria,
289 2199 549 2252 provinciae:
583 2200 732 2253 quibus
764 2200 807 2239 in
838 2201 961 2240 rebus
993 2214 1084 2240 cum
1117 2213 1280 2240 summa
1309 2205 1420 2240 recte
1450 2199 1568 2240 factis
1594 2201 1772 2241 maiores
1803 2214 1876 2240 no-

121 2261 193 2301 stri
224 2260 428 2314 praemia,
470 2265 557 2301 tum
586 2262 707 2315 plura
739 2262 917 2315 peccatis
947 2263 1131 2316 pericula
1160 2263 1376 2316 proposita
1404 2276 1495 2302 esse
1526 2263 1760 2303 voluerunt.
1810 2263 1873 2304 Illi

121 2337 203 2363 non
234 2323 314 2362 hoc
344 2323 612 2370 recusabant,
651 2337 703 2363 nc
736 2337 783 2364 ea
822 2325 912 2378 lege
943 2330 1259 2373 accusarentur,
1303 2338 1384 2379 qua
1412 2339 1522 2365 nunc
1551 2326 1726 2367 Habitus
1757 2340 1874 2368 accu-

121 2390 256 2432 satur,
288 2398 394 2439 quae
426 2391 522 2425 tunc
553 2391 640 2426 erat
665 2386 928 2440 Sempronia,
958 2400 1069 2426 nunc
1101 2392 1162 2427 est
1184 2387 1396 2428 Cornelia:
1443 2388 1734 2442 intelligebant
1763 2390 1873 2429 enim

122 2461 170 2488 ea
211 2448 302 2501 lege
345 2452 579 2501 equestrem
612 2448 799 2489 ordinem
829 2463 912 2490 non
943 2450 1101 2498 teneri,
1147 2450 1219 2490 sed
1251 2463 1303 2489 ne
1334 2463 1442 2490 nova
1471 2450 1562 2503 lege
1593 2451 1872 2503 alligarentur,
1887 2454 1923 2484 35

207 2591 238 2622 2.
264 2591 299 2621 in
319 2593 475 2630 potestate
497 2600 557 2622 sua
580 2590 658 2623 ἮΑ.
684 2591 889 2623 Emendavit
912 2594 947 2624 P.
974 2593 1157 2625 Manutius.
1180 2611 1213 2614 —
1240 2593 1449 2624 constitutum
1471 2593 1510 2624 sit
1531 2594 1573 2624 L:
1598 2594 1807 2626 constitutum
1829 2598 1874 2626 est

121 2638 188 2672 QtA
203 2639 241 2677 ἒς
266 2640 307 2671 sit
329 2640 538 2672 constitutum
561 2640 604 2672 de
629 2649 690 2672 sua
715 2641 915 2673 coniectura
939 2643 976 2674 Ο.
1004 2642 1054 2674 Cf.
1072 2642 1293 2683 Wesenberg
1316 2642 1361 2674 ad
1385 2651 1435 2674 or.
1464 2651 1496 2684 p.
1517 2643 1626 2676 Sestio
1650 2653 1684 2685 p.
1703 2644 1743 2677 45
1761 2654 1812 2685 sq.
1837 2663 1869 2667 —

120 2689 168 2720 his
190 2690 223 2720 S.
251 2706 285 2710 »-
315 2689 346 2720 3.
370 2698 422 2721 res
444 2691 480 2722 L.
509 2708 543 2713 —
570 2691 750 2722 iudicarint
774 2700 854 2723 cum
879 2693 913 2723 P.
939 2693 1090 2724 Manutio
1114 2693 1196 2731 LO;
1221 2694 1405 2725 iudicarent
1428 2692 1496 2726 (ΗΑ
1511 2690 1541 2725 Q.
1578 2693 1627 2726 Cf.
1653 2694 1873 2735 Wesenberg

120 2738 141 2770 l.
167 2738 188 2770 l.
216 2747 249 2779 p.
275 2738 327 2771 46.
356 2755 391 2762 —
417 2740 599 2772 huiusmodi
623 2739 641 2772 Q
657 2741 694 2772 O.
723 2759 757 2762 —
784 2741 814 2772 8.
841 2742 961 2781 equites
983 2743 1161 2781 Romanos,
1187 2744 1243 2783 qui
1267 2745 1348 2783 cet]
1374 2743 1425 2775 Cf.
1446 2744 1517 2775 Cic.
1536 2752 1600 2784 pro
1618 2743 1754 2775 Rabirio
1779 2746 1870 2776 Post.

120 2788 151 2828 S.
178 2788 217 2819 46
241 2796 295 2828 sq.
324 2806 358 2811 -
391 2789 442 2820 40.
472 2790 556 2831 cum]
588 2799 687 2829 quam
713 2799 787 2821 cum
816 2789 895 2822 ἯΑ.
933 2791 1135 2823 Emendavit
1163 2793 1366 2833 Hervagius.
1401 2811 1435 2816 —
1473 2797 1568 2825 erant
1589 2793 1768 2824 nobilitatis
1790 2792 1870 2826 QtA.

120 2839 326 2871 Emendavit
356 2840 559 2880 Hervagius.
593 2839 669 2882 («al.
696 2850 779 2880 quac
808 2844 877 2871 tum
899 2843 971 2871 erat
992 2840 1161 2872 nobilitas»
1188 2851 1256 2883 mg.
1283 2840 1328 2883 53.)
1358 2860 1391 2866 —
1426 2843 1478 2874 Μ.
1504 2846 1540 2874 ut
1568 2843 1592 2874 ii
1616 2844 1672 2883 qui
1695 2842 1870 2875 Halmius:

119 2888 230 2927 utique
253 2886 341 2925 QlA3
366 2890 415 2920 uti
438 2890 494 2929 qui
517 2899 598 2922 cum
621 2892 656 2922 P.
676 2891 827 2922 Manutio
851 2888 907 2922 Lss
922 2890 958 2921 Ο.
987 2889 1036 2922 Cf.
1063 2899 1095 2922 v.
1114 2890 1146 2922 2.
1170 2909 1205 2914 —-
1230 2900 1282 2923 res
1305 2890 1413 2924 LQO.
1435 2910 1469 2915 -
1496 2893 1547 2924 42.
1575 2893 1731 2924 Titinnius
1753 2894 1773 2924 S
1788 2894 1871 2929 FM3

123 2937 267 2968 Titinnus
282 2938 319 2969 T.
346 2938 396 2970 Cf.
415 2939 513 2970 Verr.
533 2940 654 2972 Aecus.
682 2941 706 2972 Ι.
733 2939 763 2980 ἓ.
784 2940 856 2971 428.
879 2957 913 2962 —
940 2939 991 2971 43.
1017 2940 1236 2980 equestrisque
1260 2940 1475 2973 Classenius:
1501 2943 1661 2982 ceterique
1683 2943 1874 2975 eiuscemodi

122 2986 143 3017 S
156 2987 199 3024 T3
224 2987 382 3027 ceterique
404 2988 622 3020 huiuscemodi
645 2990 669 3021 R
683 2991 709 3021 A
723 2991 746 3021 L
760 2988 779 3022 Q
794 2990 830 3021 Ο.
858 2989 1028 3028 (celerique
1049 2989 1190 3021 eiusdem
1213 2991 1336 3022 ordinis
1350 2989 1525 3031 Klotzius.)
1545 3009 1579 3015 —
1607 2994 1659 3024 24.
1677 2993 1874 3024 iudiciorum

123 3034 152 3068 Ἡ
166 3037 205 3068 L:
230 3036 426 3069 iudiciormn
449 3039 606 3078 anfractu
627 3040 653 3071 A
668 3037 688 3072 2
701 3040 737 3071 Ο.
767 3059 802 3063 -
828 3039 880 3070 22.
899 3039 1064 3079 integram
1088 3047 1157 3070 om.
1176 3040 1212 3071 T.
1233 3057 1268 3062 —
1294 3039 1347 3071 23.
1365 3040 1476 3081 secuti]
1500 3050 1607 3073 secum
1622 3041 1662 3074 Ἃ.
1683 3059 1712 3066 -
1745 3043 1798 3075 25.
1823 3042 1874 3074 be-

124 3086 243 3126 neficiis
267 3087 301 3118 et
316 3088 473 3126 periculis
496 3097 564 3120 om.
585 3089 620 3120 T.
651 3107 685 3112 —-
711 3090 762 3122 30.
789 3093 866 3130 coya
889 3092 918 3120 et
936 3091 1114 3128 praetexta
1137 3086 1176 3120 ⁸21.
1205 3106 1240 3110 —
1265 3089 1419 3130 insiqnia]
1450 3090 1546 3122 Hanc
1568 3100 1693 3123 vocem
1717 3092 1872 3132 spuriam

126 3143 204 3167 esse
227 3136 358 3176 primus
381 3137 465 3168 vidit
490 3136 700 3170 Gulielmius.
726 3139 806 3172 Mihi
829 3139 932 3170 etiam
956 3147 988 3170 v.
1007 3138 1169 3170 exercitus
1191 3139 1269 3169 ante
1294 3147 1326 3169 v.
1346 3139 1484 3178 imperia
1506 3142 1711 3182 suspectum
1728 3143 1792 3173 est.
1819 3142 1870 3174 Cf.

127 3191 160 3223 p.
182 3183 295 3216 Rabir.
320 3186 411 3217 Post.
438 3186 456 3226 g
495 3187 546 3217 116.
576 3204 610 3208 —-
641 3188 694 3219 3¹.
718 3187 802 3228 cum]
828 3197 888 3219 con
911 3189 952 3226 T?
984 3196 1052 3220 om.
1080 3189 1112 3219 S.
1141 3205 1175 3210 —
1211 3190 1582 3229 summa--praemia,
1615 3194 1683 3221 tum
1706 3189 1867 3222 Orellius:

125 3236 550 3273 summa--pracmiaetwn
574 3237 598 3268 T
614 3237 636 3268 F
647 3246 653 3274 ;
678 3246 805 3269 summa
821 3238 1036 3277 --praemia
1061 3239 1142 3278 (om.
1168 3237 1252 3276 tum)
1278 3237 1333 3269 ed.
1359 3239 1512 3277 Iuntina;
1537 3248 1698 3271 summum
1713 3248 1871 3279 --prae-

126 3281 239 3363 {niun}⁴¹
250 3282 289 3365 ᾗ
313 3291 473 3317 summum
490 3303 536 3308 --
548 3287 734 3326 praemium
757 3290 824 3319 tum
839 3288 867 3319 Α
880 3288 904 3320 L
918 3285 949 3320 53.
972 3305 1006 3309 -—
1033 3287 1084 3320 33.
1111 3296 1152 3318 ne
1173 3296 1212 3319 ea
1227 3287 1248 3318 S
1261 3287 1301 3319 T:
1328 3296 1366 3320 ea
1383 3297 1422 3321 ne
1437 3289 1462 3320 R
1473 3290 1501 3320 A
1514 3289 1537 3321 L
1551 3287 1570 3322 Q
1583 3289 1620 3321 O.
1643 3308 1677 3312 -
1704 3288 1756 3322 34.
1781 3289 1868 3335 tunc]

142 3339 196 3363 um
270 3344 271 3351 ¹
289 3356 296 3363 .
