2143 3713
262 255 342 297 664
787 255 841 294 ΙΝ
872 253 916 292 L.
948 251 1237 292 CATILINAM
1267 251 1422 292 LIBER
1453 253 1483 291 Ι.

261 367 418 420 nuptiis
456 366 625 406 domum
664 365 990 411 vacuefecisses,
1028 377 1169 404 nonne
1205 363 1327 404 etiam
1367 364 1447 404 alio
1484 362 1718 403 incredibili
1749 362 1903 404 scelere
1931 363 2009 404 hoc

261 430 395 469 scelus
434 428 688 468 cumulasti?
729 427 839 480 quod
882 440 958 479 ego
999 426 1282 479 praetermitto
1314 431 1355 466 et
1393 425 1514 465 facile
1545 425 1681 477 patior
1710 425 1843 472 sileri,
1884 438 1936 464 ne
1965 427 2008 465 in

260 492 336 531 hac
380 491 544 531 civitate
590 491 691 530 tanti
735 489 930 529 facinoris
970 488 1203 527 immanitas
1242 493 1314 527 aut
1354 487 1563 527 exstitisse
1594 492 1776 526 autnon
1804 487 2011 527 vindicata

260 566 351 593 esse
381 552 583 592 videatur.
636 551 924 591 Praetermitto
955 551 1094 589 ruinas
1125 548 1382 589 fortunarum
1413 554 1596 595 tuarum,
1629 561 1732 602 quas
1762 561 1905 588 omnes
1935 548 2010 587 im-

229 615 442 669 5pendere
473 613 547 654 tibi
578 613 776 666 proximis
807 612 947 651 Idibus
979 610 1154 650 senties:
1186 609 1238 649 ad
1268 610 1338 650 illa
1366 611 1509 657 venio,
1541 623 1647 663 quae
1679 623 1763 649 non
1795 609 1846 649 ad
1876 609 2010 663 priva-

260 683 342 716 tam
372 675 643 729 ignominiam
673 675 871 714 vitiorum
903 679 1089 719 tuorum,
1120 685 1204 711 non
1227 672 1278 711 ad
1301 671 1570 712 domesticam
1593 679 1703 711 tuam
1725 671 2009 711 difficultatem

259 753 307 779 ac
339 738 662 792 turpitudinem,
703 736 775 776 sed
817 736 868 775 ad
899 747 1101 775 summam
1131 747 1216 773 rem
1247 733 1452 786 publicam
1483 739 1610 787 atque
1641 733 1692 773 ad
1722 735 1904 773 omnium
1935 746 2011 773 no-

259 806 388 840 strum
419 799 544 839 vitam
575 799 835 851 salutemque
866 797 1085 850 pertinent.
1145 792 1210 833 ¹135.
1242 796 1433 834 Potestne
1465 795 1540 835 tibi
1571 796 1672 835 haec
1703 795 1788 842 lux,
1823 795 2011 842 Catilina,

259 867 330 901 aut
358 862 481 901 huius
513 860 618 900 caeli
648 860 816 912 spiritus
848 873 940 899 esse
971 858 1197 903 iucundus,
1231 871 1323 896 cum
1355 858 1460 897 scias
1491 858 1640 897 horum
1673 870 1763 897 esse
1788 858 2010 905 neminem,

212 923 329 976 loqui
370 922 530 962 nesciat
569 927 608 961 te
646 920 780 974 pridie
819 921 1027 959 Kalendas
1066 919 1299 966 Ianuarias,
1345 919 1502 972 Lepido
1533 925 1574 959 et
1603 919 1724 959 Tullo
1755 920 2011 966 consulibus,

258 985 421 1025 stetisse
463 985 504 1023 in
544 983 710 1023 comitio
751 996 844 1021 cum
884 983 996 1022 telo?
1036 995 1202 1021 manum
1244 981 1462 1020 consulum
1494 986 1533 1020 et
1567 981 1802 1034 principum
1833 981 2012 1022 civitatis

257 1045 641 1086 interficiendorum
671 1057 795 1084 eausa
825 1044 1065 1097 paravisse?
1098 1042 1242 1083 sceleri
1274 1056 1320 1082 ac
1350 1042 1476 1082 furori
1510 1048 1581 1082 tuo
1614 1056 1695 1082 non
1728 1049 1906 1083 mentem
1937 1043 2014 1083 ali-

258 1121 382 1161 quam
413 1112 484 1147 aut
513 1108 726 1152 timorem,
758 1106 831 1145 sed
863 1105 1072 1144 fortunam
1103 1105 1249 1158 populi
1281 1105 1453 1144 Romani
1475 1105 1716 1144 obstitisse?
1758 1106 1816 1144 Ac
1840 1105 1920 1145 iam
1941 1105 2011 1145 illa

257 1170 402 1208 omitto
432 1190 485 1198 ·—
525 1181 664 1222 neque
704 1167 814 1206 enim
857 1172 952 1206 sunt
992 1172 1065 1206 aut
1103 1167 1279 1207 obscura
1317 1171 1386 1206 aut
1416 1180 1499 1206 non
1530 1167 1657 1206 multa
1689 1167 1905 1206 commissa
1935 1181 2009 1205 —:

208 1230 450 1284 45quotiens
489 1235 533 1270 tu
573 1243 637 1269 me
679 1229 962 1281 designatum,
1003 1230 1197 1282 quotiens
1228 1228 1440 1268 consulem
1478 1228 1710 1268 interficere
1741 1233 1912 1268 conatus
1943 1228 2009 1268 es!

257 1296 359 1345 quot
398 1305 474 1343 ego
516 1296 608 1331 tuas
649 1290 877 1344 petitiones
904 1291 961 1330 ita
991 1291 1218 1336 coniectas,
1262 1295 1308 1329 ut
1337 1290 1457 1329 vitari
1489 1304 1612 1343 posse
1646 1304 1729 1330 non
1759 1291 2011 1337 viderentur,

256 1367 380 1406 parva
410 1353 589 1406 quadam
622 1352 903 1392 declinatione
941 1358 999 1399 et,
1044 1358 1089 1392 ut
1129 1352 1266 1399 aiunt,
1307 1365 1478 1405 corpore
1510 1353 1659 1405 effugii
1709 1350 1843 1405 [Nihil
1874 1350 2007 1405 agis,]

257 1415 359 1455 nihil
397 1414 655 1468 assequeris,
698 1412 823 1467 [nihil
863 1412 1057 1466 moliris,]
1100 1427 1236 1467 neque
1278 1419 1414 1453 tamen
1447 1415 1584 1454 conari
1615 1428 1660 1454 ac
1692 1414 1799 1454 velle
1830 1414 2010 1454 desistis.

263 1474 322 1516 16.
354 1478 557 1525 Quotiens
599 1476 673 1515 tibi
715 1475 794 1514 iam
836 1481 996 1516 extorta
1036 1480 1098 1516 est
1128 1476 1205 1515 ista
1236 1476 1321 1515 sica
1353 1475 1403 1515 de
1436 1476 1645 1515 manibus!
1688 1476 1882 1530 quotiens
1913 1489 2010 1515 vero

205 1557 241 1583 ρο
256 1539 414 1579 excidit
444 1552 543 1578 casu
573 1538 716 1591 aliquo
749 1541 790 1577 et
820 1537 960 1591 elapsa
990 1539 1072 1577 est!
1108 1537 1259 1591 [tamen
1292 1552 1339 1577 ca
1371 1551 1509 1577 carere
1540 1538 1695 1577 diutius
1727 1551 1809 1578 non
1840 1535 2007 1591 potesz]

256 1614 363 1654 quae
406 1600 575 1653 quidem
615 1600 768 1653 quibus
805 1600 877 1638 abs
918 1604 957 1639 te
998 1600 1157 1640 initiata
1199 1599 1327 1639 saeris
1357 1612 1403 1639 ac
1434 1599 1584 1639 devota
1613 1601 1665 1639 sit
1695 1601 1856 1646 nescio,
1895 1599 2008 1652 quod

339 1870 368 1899 1.
396 1869 526 1899 domum
549 1870 641 1898 tuam
665 1867 709 1905 C3
743 1866 849 1898 locum
872 1875 890 1897 a
905 1866 1012 1908 dpg,
1038 1867 1096 1906 Lg.
1123 1866 1175 1897 53.
1199 1885 1233 1889 —
1251 1866 1454 1905 vacuefecisti
1479 1875 1510 1903 a,
1537 1866 1594 1905 Lg.
1621 1865 1692 1901 53.;
1722 1875 1865 1897 cai-uam
1885 1867 2010 1908 fecisses

250 1920 285 1950 1..
316 1936 349 1939 Μ
375 1919 434 1949 hoc
456 1925 526 1949 om.
552 1927 585 1956 ς.
606 1934 641 1939 -
660 1917 691 1948 ⁶2.
713 1917 831 1956 patiar
853 1926 873 1946 o
898 1925 949 1956 pr.
977 1924 1023 1947 m.
1045 1933 1080 1938 -—
1099 1916 1188 1947 sileri
1211 1925 1281 1947 om.
1308 1915 1330 1947 l)
1345 1917 1351 1946 i
1366 1917 1441 1946 stu
1458 1924 1476 1945 x
1494 1915 1532 1946 V.
1555 1932 1588 1936 -
1617 1915 1646 1946 3.
1674 1917 1753 1956 post
1774 1916 1932 1955 facinoris
1955 1920 2009 1950 est

251 1968 282 1998 in
307 1976 325 1997 a
350 1965 460 1998 littera
486 1967 523 2004 k,
550 1967 581 1998 in
607 1975 645 2007 p:
672 1974 703 2005 q.
728 1984 763 1988 —-
788 1967 877 1997 vind.
902 1966 1001 2006 fuisse
1025 1975 1056 1997 ο.
1079 1984 1113 1986 -
1140 1967 1170 1996 5.
1194 1966 1370 2005 proxumis
1394 1965 1496 1995 idibus
1519 1964 1575 1995 libi
1599 1965 1783 2004 impendere
1806 1976 1824 1997 a
1843 1968 1877 1998 et
1894 1968 1917 1998 R
1936 1968 2009 2008 (sed

249 2018 272 2048 B
298 2016 435 2056 diebus);
462 2016 517 2047 tibi
535 2025 638 2056 pros).
664 2015 769 2047 idibus
791 2016 868 2056 imp.
896 2016 953 2056 dy
968 2023 1004 2055 z;
1030 2016 1107 2055 imp.
1129 2025 1232 2055 prop.
1251 2016 1307 2046 tibi
1331 2015 1437 2046 idibus
1461 2024 1480 2045 o
1499 2016 1532 2046 ct
1549 2016 1738 2046 Arusianus
1763 2025 1796 2056 p.
1816 2016 1891 2048 236.
1909 2017 2006 2048 Lind.

249 2066 322 2105 (sed
347 2068 400 2098 est
423 2066 479 2097 tibi
498 2067 663 2106 prooeimis
685 2067 717 2097 in
744 2066 820 2097 cod.
846 2067 1021 2105 Arusiani,
1049 2076 1118 2106 quo
1142 2075 1226 2097 usus
1251 2068 1304 2097 cst
1327 2068 1365 2098 A.
1394 2066 1510 2103 Maius)
1531 2083 1565 2086 ——
1587 2065 1643 2096 libi
1666 2066 1714 2096 his
1735 2066 1898 2105 pracimis
1922 2075 1940 2096 e
1967 2075 2009 2097 ex

248 2125 338 2147 corr.
367 2133 401 2137 -—
430 2117 460 2147 6.
486 2119 618 2147 tuorum
641 2115 742 2147 abest
765 2115 808 2146 ab
835 2115 890 2146 ed.
917 2117 1011 2147 Grut.
1039 2116 1141 2147 codd.
1169 2117 1294 2147 unitis.
1323 2134 1357 2137 ——
1385 2120 1476 2146 luam
1500 2124 1569 2146 om.
1597 2125 1629 2152 ς.
1652 2133 1686 2137 -
1714 2115 1743 2146 7.
1775 2123 1843 2145 rem
1861 2123 1896 2154 p.
1924 2124 2010 2154 aeg

248 2167 384 2206 iptux
402 2174 453 2204 yz
479 2167 512 2196 et
535 2166 553 2196 3
578 2164 633 2196 alii
657 2166 779 2204 lagg:
806 2175 834 2196 ν.
859 2175 892 2204 p.
919 2164 972 2196 vel
1000 2166 1046 2196 rei
1068 2174 1101 2204 p.
1128 2167 1164 2196 R.
1196 2184 1227 2187 —
1256 2166 1299 2195 (ed
1323 2174 1392 2196 om.
1420 2165 1461 2197 d:
1489 2164 1655 2203 publicam
1679 2173 1749 2196 om.
1776 2165 1811 2195 L.
1839 2182 1873 2185 —
1901 2165 1932 2196 8.
1957 2174 2010 2195 sa-

247 2217 344 2248 lucem
366 2215 533 2254 vitamque
557 2224 576 2254 g
591 2215 623 2246 h.
648 2233 676 2237 —
701 2215 795 2245 huius
812 2216 870 2245 lm:
894 2223 934 2255 p:
961 2215 1055 2245 huius
1077 2216 1164 2246 citae
1187 2216 1245 2246 lna)
1264 2217 1285 2246 13
1300 2224 1320 2254 q
1336 2224 1374 2254 y,
1402 2216 1419 2245 :3
1438 2213 1491 2245 alii
1511 2215 1626 2254 [οξ-ξς,
1647 2216 1690 2247 L:
1716 2215 1811 2244 huius
1831 2214 1919 2245 vitae
1932 2215 2010 2246 haec

247 2267 307 2296 lua>
330 2265 398 2296 Vz.
427 2282 460 2285 —
489 2265 519 2296 9.
546 2265 679 2304 spiritus
702 2266 784 2296 caeli
808 2265 834 2295 V
848 2274 864 2295 a
880 2274 913 2304 y.
943 2283 977 2286 -—
1009 2265 1124 2295 horum
1149 2273 1212 2295 esse
1237 2266 1260 2295 C
1276 2263 1411 2301 alwx,
1448 2264 1503 2302 Lg.
1533 2264 1584 2293 553.
1612 2264 1671 2294 65:
1705 2271 1769 2294 csse
1792 2272 1860 2295 om.
1888 2266 1919 2304 ις
1945 2274 2011 2296 esse

247 2317 364 2346 horum
388 2316 425 2345 R.
454 2333 487 2336 —
517 2315 567 2345 40.
595 2315 673 2353 quin
697 2315 778 2345 sciat,
801 2323 837 2352 a,
865 2315 942 2345 sort.
969 2315 1118 2347 rectius:
1154 2314 1208 2352 qui
1232 2323 1296 2344 non
1319 2313 1399 2343 scia!
1426 2321 1458 2353 p.
1489 2330 1522 2333 —
1547 2312 1664 2353 pridie]
1692 2313 1744 2344 .II.
1771 2321 1864 2351 gor.
1894 2331 1928 2335 —
1954 2315 2008 2345 ia—

249 2365 362 2396 nuarii
385 2364 406 2395 d
422 2373 440 2395 e
458 2363 467 2395 l
482 2372 549 2395 rw.
577 2382 611 2385 —
639 2364 729 2395 tullio
754 2366 777 2395 C
795 2365 800 2394 i
816 2373 920 2404 qyz,
948 2363 1002 2394 alii
1026 2364 1127 2403 Lagg.
1149 2382 1182 2385 —
1211 2364 1262 2394 Μ.
1289 2367 1357 2394 εισι.
1383 2362 1546 2393 commisto
1570 2363 1583 2392 t
1607 2364 1690 2401 (cum
1713 2362 1773 2393 telo
1798 2364 1830 2393 in
1853 2372 1934 2395 com.
1960 2364 2005 2402 d).

251 2433 284 2437 „
312 2416 363 2446 42.
390 2414 631 2453 comparavisse
655 2423 685 2445 c.
715 2432 749 2436 —
783 2414 832 2454 ac]
867 2417 923 2444 aul
948 2413 1012 2453 gli.
1053 2431 1086 2435 —
1127 2413 1176 2444 413.
1209 2414 1359 2443 {imorem
1390 2411 1652 2450 Cadeloru,
1687 2413 1743 2451 Lg.
1770 2411 1827 2443 46:
1860 2413 2008 2444 timorem

245 2469 336 2496 {num
360 2466 383 2497 R
399 2465 472 2496 LO.
502 2481 536 2485 —«
563 2464 734 2503 fortunam
756 2464 804 2494 rei
824 2473 860 2502 p.
888 2463 926 2494 V.
948 2481 981 2484 —
1010 2472 1049 2493 ac
1072 2463 1152 2501 iam]
1177 2472 1217 2493 ac
1241 2471 1310 2493 om.
1338 2462 1381 2496 ‹lz
1409 2462 1519 2493 omnia
1543 2471 1574 2499 ς.
1596 2479 1630 2483 —
1660 2460 1710 2493 ⁴4.
1736 2462 1837 2493 mullo
1861 2463 1913 2493 eli
1928 2462 2004 2503 qu

245 2523 267 2554 y
282 2524 310 2546 z.
332 2533 365 2537 ——
391 2513 576 2554 commissa]
602 2513 651 2544 sic
676 2522 694 2543 a
708 2513 728 2544 k
753 2512 813 2544 soli
833 2522 838 2543 :
860 2516 975 2552 postca
994 2513 1165 2544 commissa
1190 2522 1208 2552 g
1224 2513 1243 2543 Ιι
1259 2522 1278 2543 o
1296 2514 1339 2546 L:
1361 2516 1434 2551 post
1457 2520 1572 2542 comm.
1592 2520 1612 2551 q
1628 2520 1648 2550 y
1662 2521 1696 2549 z,
1726 2513 1781 2551 Lg.
1800 2512 1853 2542 ⁶2⁴.
1872 2512 1932 2550 65,
1959 2513 2003 2546 0:

238 2567 312 2603 post
345 2564 447 2594 multo
476 2572 591 2594 comm.
617 2563 657 2601 V,
684 2564 741 2602 Lg.
768 2563 829 2596 9ος
867 2566 966 2594 <tinea
995 2571 1110 2593 comm.
1144 2563 1201 2601 Lg.
1229 2563 1247 2593 3
1279 2565 1312 2593 ct.
1347 2563 1364 2593 6
1395 2571 1446 2602 pr.
1473 2570 1538 2598 nn,
1572 2561 1593 2592 h
1618 2570 1695 2601 sup.
1720 2560 1798 2594 lin.;
1834 2563 2005 2593 commissa

239 2617 352 2653 postea
376 2614 412 2644 R.
441 2631 475 2635 —-
504 2613 556 2644 45.
581 2621 632 2643 me
656 2621 725 2643 om.
753 2621 779 2642 r.
810 2630 844 2635 -
881 2613 1027 2651 quotiens
1052 2612 1214 2643 consulem
1237 2621 1254 2641 a
1271 2622 1288 2643 0
1303 2613 1321 2642 1<
1338 2621 1380 2652 p:
1420 2612 1566 2650 quotiens
1589 2620 1658 2641 om.
1685 2619 1704 2650 g
1719 2611 1738 2641 h
1754 2619 1773 2641 ο
1789 2618 1822 2645 r:
1859 2612 2005 2648 quotiens

242 2672 293 2694 me
314 2671 401 2693 cons.
428 2662 455 2691 V
471 2661 540 2701 bs3
567 2665 654 2701 quot.
680 2665 716 2692 tu
737 2671 787 2692 mc
810 2671 895 2692 cons.
929 2663 972 2696 B:
999 2665 1086 2701 quot.
1112 2671 1188 2692 cero
1212 2662 1373 2693 consulem
1398 2661 1417 2691 (1
1434 2662 1439 2691 i
1456 2661 1462 2692 l
1478 2670 1497 2701 q
1513 2663 1522 2691 t
1537 2669 1630 2691 uwx
1646 2669 1666 2699 y
1681 2669 1696 2690 z
1722 2662 1756 2690 et
1779 2661 1797 2690 5
1823 2659 1875 2691 alii
1901 2662 2001 2701 Lagg.

242 2714 278 2743 L.
307 2728 341 2733 —
368 2714 505 2742 conatus
527 2720 559 2741 es
583 2711 634 2742 ad
651 2712 846 2751 pqtyzg,
883 2712 901 2741 5
926 2710 980 2742 alii
1007 2713 1126 2751 Lagg.:
1174 2712 1304 2742 coluisti
1331 2711 1382 2742 vel
1403 2714 1540 2741 conalus
1563 2719 1594 2740 cs
1617 2709 1677 2745 lu,
1706 2709 1839 2747 144462
1875 2712 2005 2742 voluisli

243 2764 264 2794 R
281 2763 316 2794 L.
346 2780 380 2784 ——
408 2762 459 2792 46.
486 2762 637 2800 quociens
658 2771 716 2801 0ῃο
735 2763 828 2801 petil.
856 2764 930 2792 tuas
954 2771 983 2792 e.
1013 2779 1046 2783 —
1086 2771 1150 2792 non
1170 2770 1262 2800 posse
1286 2760 1306 2790 d
1323 2769 1374 2799 yz
1406 2761 1462 2799 Lg.
1490 2760 1520 2790 3.
1547 2760 1584 2794 6,
1613 2760 1657 2792 O:
1684 2759 1771 2789 nullo
1794 2761 1890 2791 modo
1910 2770 2004 2800 posse

243 2812 382 2843 Senius
407 2810 450 2841 ad
475 2813 559 2842 Aen.
582 2812 634 2842 lx.
661 2811 735 2842 439.
758 2829 791 2832 —
821 2811 871 2841 17.
891 2811 1121 2844 declinatione.
1147 2814 1181 2841 ut
1199 2810 1311 2848 (ιιίιηι,
1336 2809 1483 2848 corporis
1499 2808 1587 2839 coni.
1609 2809 1731 2839 Bakius
1756 2809 1798 2840 ad
1819 2810 1883 2841 Cic.
1903 2811 2000 2851 chq.

242 2871 276 2901 p.
303 2862 387 2897 291:
414 2863 448 2892 at
472 2870 503 2891 v.
530 2860 646 2892 adnot.
674 2869 790 2892 meam
817 2860 847 2891 in
875 2860 929 2891 cd.
950 2862 988 2891 11.
1018 2860 1106 2900 Lips.
1129 2878 1162 2881 —
1190 2860 1270 2890 nihil
1293 2860 1365 2899 ayis
1387 2868 1456 2889 om.
1485 2857 1668 2889 histh.
1691 2876 1724 2880 —
1754 2860 1804 2890 48.
1831 2861 1910 2891 nihil
1929 2870 2002 2892 mo—

240 2911 311 2941 liris
334 2918 404 2941 om.
431 2921 463 2949 ς.
500 2910 673 2943 Inculcata
698 2913 779 2942 sunt
802 2911 889 2941 haec
914 2910 982 2941 (luo
1008 2909 1165 2941 membra
1192 2918 1232 2940 cx
1257 2910 1287 2949 δ’.
1314 2910 1350 2946 8,
1376 2907 1433 2938 ubi
1459 2907 1544 2945 alia⁷
1571 2907 1631 2938 scd
1657 2909 1805 2940 rectiore
1830 2911 1999 2941 sententia

243 2959 416 2997 leguntur.
454 2962 655 3000 Sequuntur
678 2961 757 3000 post
778 2960 905 2990 moliris
929 2959 960 2990 in
987 2969 1006 3000 p
1022 2969 1042 2998 y
1061 2959 1186 2989 verba:
1215 2959 1300 2998 quod
1322 2966 1372 2988 mc
1397 2958 1484 2995 (mihi
1500 2958 1533 2995 y)
1551 2957 1652 2988 lalerc
1671 2959 1774 2997 possit
1789 2959 1823 2989 in
1838 2962 1997 2998 tempore;

242 3009 274 3039 in
299 3009 322 3039 B
339 3009 365 3039 V
381 3009 433 3040 cd
449 3018 469 3049 q
485 3011 544 3046 tz,
582 3011 640 3049 Lg.
668 3009 720 3040 46.
745 3010 798 3040 ⁶20.
824 3010 877 3040 ⁶2⁴.
904 3007 956 3040 [13.
984 3010 1042 3039 65:
1081 3009 1166 3047 quod
1194 3008 1273 3038 mihi
1305 3010 1370 3045 (me
1394 3006 1446 3037 cd
1463 3007 1499 3046 q)
1533 3007 1635 3037 latere
1656 3008 1765 3038 valeat
1786 3008 1820 3038 in
1843 3011 1996 3047 tempore.

241 3059 338 3096 r'quod
367 3058 445 3088 mihi
472 3062 589 3097 patere
618 3068 682 3089 non
713 3059 814 3089 soleat
837 3058 871 3088 in
894 3061 989 3098 temp.
1017 3058 1065 3097 L.)
1094 3075 1128 3080 —
1165 3066 1221 3088 nec
1244 3065 1264 3096 g
1291 3058 1329 3095 (et
1352 3059 1457 3086 tamen
1475 3066 1573 3086 -non
1597 3057 1720 3087 desistis
1744 3059 1787 3096 e).
1820 3075 1851 3080 -—
1884 3058 1999 3088 conari

240 3111 297 3138 aut
320 3108 401 3139 velie
423 3108 466 3145 h;
502 3109 581 3140 velie
605 3118 643 3139 ac
666 3110 781 3140 conari
806 3109 863 3147 Lg.
890 3109 943 3140 53.
971 3126 1005 3130 -—
1045 3109 1096 3139 49.
1123 3107 1179 3139 tibi
1210 3108 1277 3138 iam
1303 3107 1326 3136 (ἰ
1342 3105 1362 3136 b
1380 3105 1400 3136 (1
1416 3115 1433 3135 c
1449 3114 1502 3145 oq
1518 3109 1662 3146 rtwyz
1694 3107 1728 3138 et
1750 3106 1769 3136 5
1794 3104 1847 3136 alii
1873 3106 1995 3146 Lagg.:

238 3157 304 3186 iam
329 3156 383 3187 libi
409 3167 428 3194 ς
443 3158 517 3189 Ro.
545 3159 679 3197 (quoties
702 3159 788 3194 iam,
817 3159 938 3197 quoties
961 3159 1028 3188 iam
1051 3157 1107 3188 libi
1132 3158 1180 3195 L.)
1208 3174 1241 3177 fl
1270 3157 1331 3186 isla
1355 3155 1422 3185 sica
1447 3156 1469 3185 13
1486 3157 1508 3185 (Ι
1523 3164 1540 3185 a
1557 3155 1609 3187 de
1625 3164 1692 3192 or,
1720 3157 1776 3195 Lg.
1799 3154 1851 3186 46.
1871 3156 1924 3187 50.
1942 3155 1994 3187 53.

237 3205 295 3235 57:
322 3206 390 3236 sica
412 3207 476 3237 ista
500 3208 611 3239 RLO.
642 3226 676 3231 -
703 3207 853 3239 manibus
876 3208 939 3239 tuis
963 3217 1001 3243 e,
1028 3207 1084 3245 Lg.
1113 3207 1143 3237 9.
1170 3206 1222 3236 ⁶20.
1252 3222 1285 3226 -
1310 3212 1387 3234 cero
1412 3212 1481 3234 om.
1509 3204 1548 3241 d,
1576 3204 1653 3251 cod..
1674 3203 1765 3241 Col..
1793 3204 1848 3235 ed.
1874 3205 1993 3244 Steph.

240 3273 274 3276 —
300 3256 353 3286 ⁹20.
379 3257 489 3296 aliquo
517 3266 596 3288 casu
625 3257 731 3292 hes:
769 3258 880 3296 aliquo
915 3266 984 3288 oni.
1013 3256 1045 3287 d.
1082 3274 1115 3277 —
1153 3258 1259 3285 tannen
1276 3253 1435 3293 --polcs]
1474 3254 1565 3285 llaec
1589 3254 1715 3293 verba,
1752 3263 1841 3294 quae
1865 3254 1995 3286 habent

238 3312 360 3335 omncs
385 3307 454 3337 mei
480 3308 514 3337 et
537 3309 638 3348 Lagg.
667 3308 741 3343 (nisi
766 3308 858 3348 quod
886 3308 917 3338 in
936 3309 959 3338 B
981 3306 1102 3337 diutius
1125 3307 1204 3335 ante
1222 3312 1355 3340 carere,
1382 3303 1413 3333 iu
1432 3303 1452 3333 d
1477 3305 1555 3343 post
1575 3306 1665 3342 poles
1687 3302 1819 3343 legitur)
1846 3312 1887 3335 ex
1912 3313 1942 3336 c.
1961 3304 1990 3335 9.

240 3354 271 3395 g.
301 3353 353 3385 ⁹24.
381 3356 516 3387 invecta
543 3366 620 3388 esse
646 3357 872 3389 Heumannus
895 3356 1070 3388 intellexit.
1099 3373 1133 3379 -
1160 3357 1213 3386 Ἣ.
1239 3364 1261 3386 α
1284 3357 1313 3385 lc
1337 3363 1399 3386 co,
1429 3372 1462 3377 —
1489 3358 1548 3385 aut
1570 3355 1687 3386 devota
1710 3355 1746 3387 L.
