2143 3713
294 200 374 241 5:56
811 203 1008 245 ORATIO
1038 202 1140 245 PRO
1170 202 1218 245 Λ.
1250 203 1510 246 CLUENTIO

293 315 409 362 dem,
441 314 512 368 qui
543 314 641 354 mihi
670 319 756 357 tum
786 316 899 356 illam
930 329 1094 356 causam
1124 317 1488 365 commendabant,
1519 316 1839 365 arbitrabantur,
1869 319 2026 373 pollici-

293 382 357 416 tus
387 390 477 416 sum
506 390 572 417 me
603 378 741 418 omnia
771 392 876 432 quae
907 378 1061 418 vellent
1092 393 1181 419 esse
1212 379 1427 420 facturum.
1775 375 1782 382 ⁴

404 438 551 478 XVIII.
581 439 661 479 Res
691 441 755 492 agi
786 445 931 493 coepta
962 446 1043 480 est:
1085 442 1231 481 citatus
1267 447 1329 482 est
1360 441 1610 482 Scamander
1636 455 1746 482 reus.
1803 443 2028 483 Aceusabat

292 499 335 539 P.
368 499 611 548 Cannutius,
640 501 763 542 homo
794 503 835 542 in
864 502 1007 555 primis
1037 504 1274 555 ingeniosus
1306 510 1346 543 ct
1375 505 1416 543 in
1448 504 1621 543 dicendo
1653 504 1919 544 exercitatus:
1962 518 2028 544 ac-

261 561 458 601 5cusabat
486 567 622 602 autem
652 563 720 603 ille
752 564 920 617 quidem
943 565 1236 604 Scamandrum
1259 566 1393 606 verbis
1425 567 1574 612 tribus,
1606 579 1800 605 VENENVM
1831 579 1925 605 ESSE
1957 579 2029 606 DE-

289 636 558 664 PREHENsvmz
589 626 727 665 omnia
758 626 838 665 tela
868 627 991 665 totius
1023 627 1294 667 accusationis
1326 628 1368 666 in
1390 628 1659 681 Oppianicum
1688 628 2028 668 coniiciebantur:

289 685 549 737 aperiebatur
579 700 699 727 causa
729 688 988 734 insidiarum,
1028 688 1306 727 Fabriciorum
1340 689 1594 729 familiaritas
1626 690 2029 737 commemorabatur,

288 747 468 787 hominis
499 749 579 788 vita
609 754 649 788 et
678 749 849 788 audacia
879 749 1182 802 proferebatur,
1214 749 1393 803 denique
1424 752 1556 790 omnis
1583 752 1789 790 accusatio
1811 752 1919 791 varie
1941 764 2030 803 gra-

288 810 475 863 viterque
504 815 672 850 tractata
702 811 752 850 ad
786 815 1013 850 extremum
1053 811 1269 850 manifesta
1298 813 1445 851 veneni
1478 813 1806 865 deprehensione
1837 813 2031 853 conclusa

240 875 364 910 west.
423 868 489 910 iil.
520 871 596 911 llic
628 885 704 924 ego
736 877 820 911 tum
853 872 903 911 ad
934 872 1268 926 respondendum
1300 875 1480 921 surrexi,
1523 888 1605 928 qua
1636 888 1754 922 cura,
1794 875 1834 914 di
1865 875 2030 914 immor-

288 932 415 972 tales!
461 946 542 986 qua
580 933 860 973 sollicitudine
898 935 1048 973 animi!
1095 948 1177 988 quo
1217 935 1390 975 timore!
1438 937 1607 989 Semper
1646 937 1837 990 equidem
1882 950 2028 989 magno

288 1009 381 1034 cum
411 1000 521 1034 metu
550 995 702 1047 incipio
734 995 898 1035 dicere:
932 997 1270 1050 quotiescumque
1303 997 1415 1045 dico,
1448 998 1566 1037 toties
1598 998 1696 1037 mihi
1723 999 1868 1039 videor
1896 999 1938 1038 in
1969 1000 2029 1038 iu-

288 1057 439 1096 dicium
480 1058 619 1097 venire
658 1070 740 1097 non
776 1058 932 1110 ingenii
972 1058 1125 1105 solum,
1168 1059 1239 1098 sed
1281 1060 1402 1098 etiam
1432 1060 1593 1099 virtutis
1623 1066 1749 1113 atque
1779 1060 1930 1108 oflicii,
1977 1074 2029 1100 nc

287 1123 356 1157 aut
390 1118 429 1157 id
460 1119 642 1171 profiteri
672 1120 833 1166 videar,
875 1120 986 1173 quod
1017 1134 1101 1160 non
1131 1122 1282 1174 possim
1318 1119 1545 1174 [implere],
1579 1122 1691 1174 quod
1723 1128 1785 1161 est
1814 1122 2030 1175 impuden-

240 1180 388 1226 ⁴5tiae,
419 1186 489 1220 aut
518 1194 602 1220 non
631 1181 673 1220 id
705 1180 889 1229 efficere,
931 1182 1043 1235 quod
1075 1184 1255 1235 possim,
1297 1183 1410 1236 quod
1442 1189 1503 1223 est
1533 1190 1604 1223 aut
1634 1183 1830 1236 perfidiae
1861 1190 1929 1225 aut
1959 1199 2031 1225 ne-

288 1241 521 1294 gligentiae.
581 1244 684 1283 Tum
715 1257 811 1283 vero
842 1245 897 1292 ita
928 1258 1018 1284 sum
1048 1246 1331 1298 perturbatus,
1373 1250 1417 1284 ut
1447 1246 1583 1285 omnia
1615 1246 1823 1286 timerem:
1863 1247 1896 1286 si
1927 1247 2031 1287 nihil

288 1303 508 1352 dixissem,
548 1318 600 1344 ne
640 1305 958 1354 infantissimus,
1001 1308 1034 1347 si
1075 1306 1201 1347 multa
1238 1309 1279 1347 in
1310 1308 1398 1347 eius
1430 1307 1538 1347 modi
1570 1321 1692 1347 causa
1723 1308 1939 1357 dixissem,
1978 1324 2031 1350 ne

286 1366 673 1419 impudentissimus
705 1369 972 1409 existimarer.
1022 1370 1134 1408 XIX.
1168 1370 1320 1422 Collegi
1352 1384 1415 1410 me
1440 1370 1662 1423 aliquando
1689 1376 1729 1410 et
1750 1371 1802 1410 ita
1824 1371 2031 1419 constitui,

287 1428 448 1468 fortiter
478 1442 568 1469 esse
593 1430 819 1483 agendum:
851 1431 911 1470 illi
934 1431 1076 1478 aetati,
1110 1446 1192 1485 qua
1214 1438 1297 1471 tum
1321 1445 1454 1479 eram,
1485 1432 1620 1471 solere
1642 1433 1754 1472 laudi
1776 1434 1878 1481 dari,
1909 1434 2031 1474 etiam

238 1495 274 1526 20
288 1490 322 1530 si
352 1490 395 1529 in
426 1491 561 1531 minus
592 1490 717 1532 tirmis
749 1493 882 1532 causis
912 1493 1125 1533 hominum
1157 1494 1350 1546 periculis
1372 1507 1456 1533 non
1479 1494 1717 1534 defuissem.
1766 1496 1906 1548 ltaque
1929 1495 2030 1534 feci:

288 1553 346 1592 sic
377 1554 576 1606 pugnavi,
608 1556 665 1594 sic
695 1555 805 1594 omni
836 1555 996 1594 ratione
1027 1556 1243 1601 contendi,
1275 1556 1331 1595 sic
1361 1556 1411 1595 ad
1444 1557 1581 1595 omnia
1612 1557 1800 1610 confugi,
1833 1562 2029 1610 quantum

288 1628 363 1667 ego
393 1617 558 1669 assequi
588 1618 723 1669 potui,
763 1618 948 1656 remedia
977 1631 1022 1656 ac
1054 1617 1241 1670 perfugia
1271 1630 1503 1664 causarum,
1540 1624 1587 1657 ut
1615 1618 1716 1664 hoc,
1748 1620 1857 1671 quod
1890 1619 2030 1658 timide

288 1676 442 1724 dicam,
474 1683 718 1718 consecutus
749 1680 848 1726 sim,
877 1692 929 1718 ne
961 1679 1051 1732 quis
1084 1679 1142 1718 illi
1176 1692 1323 1719 causae
1354 1684 1570 1732 patronum
1603 1679 1784 1720 defuisse
1814 1681 2031 1721 arbitrare-

288 1743 365 1778 tur.
424 1738 490 1779 52.
523 1741 603 1780 Sed
642 1746 687 1780 ut
726 1741 909 1795 quidque
951 1755 1026 1794 ego
1065 1741 1443 1794 apprehenderam,
1487 1743 1620 1781 statim
1651 1748 1865 1782 accusator
1894 1749 2030 1783 extor-

238 1806 274 1836 25
289 1800 439 1854 quebat
469 1815 490 1841 e
521 1802 723 1842 manibus.
765 1803 807 1842 Si
838 1803 1135 1856 quaesiveram,
1170 1817 1276 1857 quae
1303 1804 1542 1843 inimicitiae
1566 1804 1815 1844 Scamandro
1838 1818 1929 1844 cum
1950 1806 2030 1845 Ha-

286 1864 392 1910 bito,
422 1862 625 1904 fatebatur
655 1865 791 1905 nullas
821 1866 970 1913 fuisse,
1002 1867 1075 1905 sed
1107 1866 1402 1920 Oppianicum,
1435 1867 1550 1906 cuins
1579 1867 1648 1906 ille
1670 1867 1855 1906 minister
1873 1866 2031 1913 fuisset,

286 1925 382 1965 huic
412 1926 741 1967 inimicissimum
771 1927 900 1967 fuisse
942 1933 1064 1981 atque
1096 1942 1186 1968 esse
1218 1929 1391 1969 dicebat.
1453 1929 1523 1967 Sin
1555 1935 1691 1969 autem
1722 1928 1822 1968 illud
1856 1941 2031 1980 egeram,

286 1988 444 2028 nullum
488 1989 538 2028 ad
583 1990 878 2029 Scamandrum
923 1996 1051 2030 morte
1090 1991 1230 2031 Habiti
1271 1996 1487 2032 venturum
1530 1992 1850 2031 emolumentum
1882 1990 2031 2037 fuisse,

287 2050 557 2099 concedebat,
600 2052 673 2092 sed
717 2052 767 2092 ad
811 2065 984 2092 uxorem
1028 2053 1264 2107 Oppianici,
1309 2054 1490 2093 hominis
1530 2054 1571 2092 in
1612 2053 1807 2092 uxoribus
1838 2052 2031 2092 necandis

237 2119 273 2150 30
288 2113 519 2160 exercitati,
559 2115 697 2154 omnia
734 2115 841 2154 bona
881 2116 1021 2154 Habiti
1061 2120 1233 2155 ventura
1263 2115 1391 2155 fuisse
1423 2115 1596 2154 dicebat.
1657 2115 1757 2155 Cum
1787 2114 1859 2153 illa
1890 2113 2032 2154 defen-

287 2175 403 2214 sione
435 2189 533 2215 usus
564 2190 721 2224 essem,
754 2190 860 2230 quae
890 2178 933 2216 in
964 2178 1249 2217 libertinorum
1281 2179 1414 2217 causis
1446 2177 1734 2216 honestissima
1764 2189 1927 2229 semper
1947 2176 2031 2215 exi-

287 2237 449 2276 stimata
480 2243 564 2286 est,
605 2238 900 2278 Scamandrum
930 2245 1102 2292 patrono
1134 2253 1225 2279 esse
1256 2240 1494 2292 probatum,
1535 2239 1758 2285 fatebatur,
1800 2238 1871 2278 sed
1906 2252 2030 2291 quae-

286 2299 421 2346 rebat,
466 2301 531 2339 cui
572 2302 768 2354 probatus
809 2308 917 2341 esset
946 2302 1036 2354 ipse
1073 2307 1283 2354 patronus.
1344 2301 1408 2340 3523.
1443 2302 1542 2341 Cum
1575 2315 1649 2354 ego
1679 2301 1866 2354 pluribus
1895 2300 2030 2339 verbis

286 2362 327 2400 in
359 2375 407 2401 eo
439 2368 714 2403 commoratus
746 2377 901 2410 essem,
935 2363 1184 2403 Scamandro
1217 2363 1388 2403 insidias
1419 2364 1547 2403 factas
1579 2377 1669 2403 esse
1700 2376 1773 2416 per
1801 2363 2030 2414 Diogenem

238 2429 274 2459 35
287 2425 638 2478 constitutumque
676 2426 784 2465 inter
813 2439 884 2465 eos
915 2426 994 2465 alia
1025 2425 1075 2465 de
1106 2440 1148 2464 re
1178 2425 1331 2473 fuisse,
1370 2431 1413 2465 ut
1444 2427 1808 2472 medicamentum,
1847 2438 1932 2464 non
1961 2438 2030 2464 ve-

286 2500 440 2527 nenum
477 2488 686 2540 Diogenes
721 2489 904 2535 afferret3
939 2488 1019 2527 hoc
1051 2488 1178 2527 cuivis
1209 2502 1287 2527 usu
1316 2488 1457 2527 venire
1488 2501 1633 2540 posse:
1674 2487 1916 2541 quaerebat,
1958 2500 2031 2525 cur

288 2549 329 2588 in
361 2550 448 2589 eius
478 2550 588 2590 modi
620 2550 776 2597 locum,
808 2556 889 2589 tam
915 2550 1122 2597 abditum,
1154 2563 1226 2589 cur
1247 2550 1381 2597 solus,
1414 2563 1486 2589 cnr
1507 2564 1599 2589 cum
1621 2549 1835 2602 obsignata
1856 2549 2030 2602 pecunia

287 2611 478 2651 venisset.
522 2612 713 2666 Denique
743 2612 821 2652 hoc
847 2612 935 2652 loco
958 2625 1079 2652 causa
1100 2612 1293 2659 testibus,
1325 2611 1629 2652 honestissimis
1649 2611 1907 2659 hominibus,
1936 2625 2030 2664 pre-

371 2816 402 2847 2.
428 2824 499 2846 sum
523 2816 542 2846 S
556 2815 597 2846 T:
621 2815 669 2845 his
691 2824 762 2846 sum
778 2816 800 2846 F
814 2816 862 2853 M;
888 2816 928 2846 iis
950 2825 1021 2847 sum
1045 2816 1070 2847 A
1085 2817 1108 2847 L
1122 2814 1141 2848 53
1156 2816 1192 2847 O.
1215 2834 1248 2838 —
1275 2814 1305 2847 4.
1331 2816 1364 2846 Ι).
1384 2822 1451 2845 om.
1472 2815 1492 2843 S
1506 2814 1541 2845 T.
1562 2831 1595 2834 —
1623 2814 1802 2845 Cannutius
1824 2815 1844 2845 S
1858 2814 1940 2846 TM:
1969 2814 2029 2846 Cu-

283 2865 383 2896 m'tius
406 2866 483 2901 1·“Λ;
511 2865 667 2896 Canutius
690 2865 796 2898 Lt‘O.
826 2883 860 2886 —
887 2867 916 2896 5.
944 2866 1071 2904 quidem
1095 2875 1163 2897 om.
1190 2867 1265 2897 ΤΑ.
1294 2883 1328 2887 -
1364 2865 1394 2895 G.
1421 2863 1697 2895 constituebantur
1720 2865 1788 2895 ST.
1817 2880 1851 2885 —
1883 2863 1933 2894 40.
1961 2867 2028 2896 tum

285 2916 306 2945 S
320 2916 350 2946 M
364 2916 410 2945 0:
435 2922 502 2944 om.
530 2915 574 2951 T;
599 2923 671 2945 cum
695 2916 719 2945 1³.
734 2916 759 2946 Α
774 2916 796 2946 L
810 2914 842 2947 9.
864 2932 898 2936 —
928 2916 978 2946 12.
1005 2917 1306 2955 quotienscunque-
1320 2915 1433 2945 [olicus
1457 2915 1476 2943 'S'
1491 2914 1514 2944 T
1530 2914 1560 2943 F.
1582 2931 1615 2934 —
1645 2913 1696 2944 ll.
1721 2913 1854 2952 implere
1869 2921 1937 2943 om.
1958 2914 2024 2945 ST.

286 2964 335 2995 Cf.
362 2962 507 3004 Spengel
532 2962 552 2994 l.
579 2963 599 2995 1.
625 2972 658 3004 p.
684 2963 758 2995 468.
787 2982 820 2986 —-
848 2965 1084 3003 imprudentiae
1108 2966 1183 3002 ST;
1219 2964 1418 3003 impudentia
1442 2965 1483 2994 M.
1514 2982 1548 2985 ——
1583 2964 1634 2994 45.
1660 2972 1723 2993 uon
1747 2963 1779 2992 id
1802 2962 1878 2992 ST:
1908 2963 1941 2992 id
1964 2972 2027 2993 non

286 3014 310 3044 R
324 3015 349 3044 Α
364 3014 386 3044 L
402 3010 420 3044 53
435 3014 471 3043 O.
489 3030 522 3033 —
551 3013 602 3044 48.
623 3014 933 3052 imprudentissimus
956 3015 1024 3045 ST.
1048 3033 1082 3037 —-
1110 3016 1161 3046 49.
1187 3014 1318 3045 laudari
1338 3014 1401 3043 ST.
1424 3030 1457 3035 -
1484 3012 1536 3044 24.
1555 3016 1591 3043 ut
1606 3013 1746 3051 quidque
1762 3020 1845 3042 nos:
1873 3012 2028 3051 quidquid

289 3064 368 3102 (om.
387 3064 432 3102 uc)
451 3062 506 3094 ed.
524 3062 686 3103 Amberg.
714 3073 744 3094 a.
771 3063 872 3096 4472:
906 3068 941 3094 ut
965 3064 1121 3102 quidquid
1144 3063 1211 3095 *MA
1227 3063 1281 3096 1.ss
1298 3064 1334 3093 0.
1371 3062 1418 3093 (Is.
1447 3063 1542 3093 N'err.
1568 3064 1641 3093 Act.
1667 3063 1691 3092 1.
1719 3061 1748 3101 ἓ.
1776 3062 1826 3092 19.
1856 3079 1889 3083 ——
1914 3071 2027 3101 repre-

287 3114 461 3144 henderam
484 3114 514 3144 S.
544 3130 578 3134 -
606 3113 656 3143 25.
684 3114 727 3144 sic
751 3121 782 3151 q.
801 3114 872 3144 ST.
895 3131 928 3135 »-
956 3113 1179 3152 quaesiveram
1205 3113 1278 3143 ST:
1305 3112 1507 3151 quaesieram
1534 3113 1555 3143 {z
1571 3114 1595 3142 Α
1610 3111 1667 3144 1.ss
1682 3112 1717 3142 O.
1740 3128 1773 3132 —
1801 3110 1892 3150 quac]
1918 3120 1961 3141 an
1984 3110 2023 3149 Q

288 3170 407 3199 ecquae
430 3170 498 3199 mg.
524 3160 563 3195 ss:
591 3170 660 3194 om.
679 3164 722 3194 M.
744 3180 778 3184 —
805 3163 857 3193 ⁵26.
882 3163 1069 3202 fatebantur
1093 3163 1113 3193 κ’
1129 3163 1169 3193 Μ.
1190 3179 1222 3183 -
1250 3161 1301 3193 30.
1326 3161 1424 3200 fuisse
1446 3162 1466 3191 S
1481 3162 1523 3191 T:
1549 3169 1613 3192 csse
1636 3161 1735 3191 RAL
1752 3159 1770 3192 8
1785 3160 1822 3190 Ο.
1843 3176 1878 3181 ——-
1904 3159 1956 3190 32.
1973 3160 2027 3190 scd

290 3211 464 3249 quaerebat
480 3215 700 3250 --patronus
717 3221 784 3243 om.
804 3213 824 3242 S
839 3212 873 3243 T.
892 3230 926 3234 —
946 3212 996 3243 33.
1016 3211 1103 3251 esset]
1126 3212 1235 3251 suisset
1251 3209 1397 3249 Sylxins.
1420 3229 1453 3232 —
1480 3209 1531 3241 34.
1551 3210 1684 3241 insidias
1697 3210 1803 3249 saclas
1818 3210 1838 3239 S
1852 3209 1893 3239 T:
1919 3208 2026 3248 factas

291 3261 423 3291 insidias
439 3262 461 3292 R
476 3262 535 3293 AL
550 3260 569 3295 ἓ
584 3264 620 3292 O.
644 3280 676 3283 —
704 3262 857 3302 diogenen
881 3262 913 3292 S.
934 3279 967 3283 ——
995 3262 1046 3292 35.
1066 3261 1134 3292 ulia
1156 3262 1194 3291 dc
1217 3260 1288 3290 ST:
1316 3260 1352 3289 dc
1376 3259 1446 3289 ulia
1469 3260 1491 3289 R
1506 3260 1530 3290 A
1546 3258 1652 3291 [ΕΟ.
1675 3276 1709 3281 —-
1735 3258 1788 3288 36.
1812 3258 1923 3299 cuivis]
1948 3267 2024 3297 quo-

290 3310 339 3340 vis
361 3311 396 3342 T.
426 3329 458 3333 —
485 3311 556 3352 usu]
580 3320 657 3342 usus
679 3312 747 3343 ST.
775 3329 808 3333 —
831 3315 937 3352 posset
959 3312 1062 3342 STF.
1093 3329 1126 3332 —
1153 3310 1204 3341 37.
1231 3317 1304 3340 cum
1328 3318 1396 3340 om.
1423 3308 1570 3340 Klotzius
1594 3307 1648 3339 cd.
1675 3306 1730 3339 alt.
