2127 3708
594 232 688 273 ομ».
717 231 819 272 xlx
832 252 885 262 —
901 231 995 272 xx.
1034 228 1108 285 §§.
1138 229 1191 270 58
1206 252 1260 261 -
1277 228 1342 271 63.
1781 226 1834 269 ⁴7

96 351 246 401 potest.
288 347 368 394 Qm
395 357 543 387 ABSENS
573 356 735 384 ποιοῖο
757 358 960 385 nErssxscs
990 357 1071 385 isox
1090 340 1266 396 Femur]
1301 342 1394 392 Quo
1415 348 1603 396 tempore
1623 344 1835 386 existimas

98 410 354 463 oportuisse,
393 407 541 454 Naevi,
581 406 793 446 absentem
834 407 1077 456 Quinctium
1109 406 1276 446 defendi
1307 410 1379 445 aut
1409 406 1650 459 quomodo?
1710 408 1835 456 Tum,

98 486 190 512 cum
220 470 480 525 postulabas,
517 474 563 508 ut
590 469 701 508 bona
729 470 995 522 possideres?
1053 471 1183 509 Nemo
1214 466 1370 516 adfuit;
1411 481 1549 522 neque
1581 469 1691 509 enim
1725 471 1839 523 quis-

99 548 223 588 quam
261 533 445 573 divinare
476 536 639 585 poterat
668 537 707 571 te
742 532 1072 584 postulaturum,
1115 543 1254 585 neque
1286 543 1539 584 quemquam
1569 531 1769 571 attinebat
1796 532 1839 573 id

98 609 305 644 recusare,
337 588 450 649 quod
479 600 646 648 praetor
675 607 758 633 non
788 592 890 641 fieri,
922 593 995 634 sed
1017 607 1070 633 ex
1090 592 1225 633 edicto
1247 605 1323 632 suo
1344 591 1435 632 fieri
1456 593 1636 633 iubebat.
1668 591 1733 634 61.
1757 595 1840 644 Qui
1873 602 1891 630 5

98 660 213 700 locus
243 659 368 712 igitur
398 657 582 698 absentis
613 657 863 697 defendendi
894 656 1155 710 procuratori
1177 656 1334 709 primus
1356 655 1477 695 datus
1499 657 1589 695 est?
1625 655 1726 696 Cum
1746 671 1842 710 pro-

97 721 315 762 scribebas.
373 720 481 773 Ergo
522 719 677 767 adfuit,
719 732 804 759 non
836 732 983 772 passus
1015 724 1100 767 est,
1142 718 1307 757 libellos
1339 718 1489 758 deiecit
1520 718 1615 758 Sex.
1646 718 1842 760 Alfenus:

98 784 168 838 qui
211 783 368 836 primus
400 787 486 822 erat
517 779 642 821 officii
674 781 848 834 gradus,
889 787 1076 821 servatus
1108 786 1169 821 est
1204 794 1228 821 a
1258 786 1527 834 procuratore
1559 794 1720 821 summa
1750 796 1844 822 cum

98 846 324 899 diligentia.
369 846 617 892 Videamus,
649 857 756 898 quae
788 844 939 884 deinde
961 844 1043 883 sint
1066 847 1301 884 consecuta.
1347 842 1570 883 Hominem
1591 844 1633 883 P.
1657 843 1844 892 Quinctii

96 907 372 961 deprehendis
403 907 446 947 in
475 907 667 960 publico,
700 906 863 946 conaris
894 906 1114 945 abducere.
1164 906 1257 945 Non
1287 905 1443 958 patitur
1471 905 1668 955 Alfenus;
1699 907 1739 946 vi
1770 907 1896 947 tihiw

95 970 260 1018 adimit3
293 975 430 1018 curat,
462 975 508 1010 ut
538 970 707 1009 domum
737 969 959 1008 reducatur
989 969 1041 1008 ad
1073 968 1328 1016 Quinctium.
1373 967 1451 1007 Hic
1484 981 1655 1022 quoque
1687 982 1846 1010 summe

96 1037 258 1072 constat
301 1033 584 1085 procuratoris
624 1031 834 1084 diligentis
878 1029 1074 1071 officium.
1131 1030 1293 1070 Debere
1331 1029 1406 1070 tibi
1448 1030 1550 1071 dicis
1583 1031 1846 1079 Quinctium:

93 1099 339 1149 procurator
365 1099 501 1148 negat.
532 1094 685 1133 Vadari
705 1094 788 1133 vis:
819 1093 1037 1147 promittit.
1069 1093 1117 1132 In
1146 1093 1210 1133 ius
1232 1105 1376 1132 rocas:
1409 1093 1612 1147 sequitur.
1642 1094 1848 1134 Iudicium

94 1158 308 1211 postulas:
339 1170 424 1198 non
452 1161 628 1197 recusat.
676 1155 788 1204 Quid
817 1155 930 1195 aliud
961 1155 1015 1195 sit
1043 1156 1258 1196 absentem
1282 1155 1472 1203 defendi,
1504 1169 1580 1209 ego
1612 1170 1699 1197 non
1728 1157 1850 1197 intel-

94 1220 191 1273 ligo.
251 1217 316 1260 62.
357 1221 410 1259 At
450 1220 544 1273 quis
588 1224 675 1259 erat
703 1220 983 1272 procurator?
1032 1218 1163 1258 Credo
1196 1219 1379 1272 aliquem
1412 1219 1592 1259 eiectum
1621 1220 1899 1268 hominem‚⁴5

95 1287 307 1335 egentem,
337 1281 588 1334 litigiosum,
618 1280 878 1334 improbum,
911 1280 984 1334 qui
1015 1286 1159 1334 posset
1189 1293 1355 1321 scurrae
1386 1281 1527 1321 divitis
1557 1283 1850 1336 quotidianum

95 1344 329 1385 convicium
358 1343 576 1384 sustinere.
620 1343 733 1383 Nihil
763 1343 923 1383 minus:
955 1356 1084 1397 eques
1114 1344 1327 1383 Romanus
1357 1343 1569 1397 locuples,
1600 1346 1664 1386 sui
1690 1346 1850 1400 negotii

94 1406 199 1448 bene
240 1420 407 1461 gerens,
444 1407 627 1460 denique
657 1406 712 1454 is,
752 1420 900 1460 quem,
938 1407 1104 1460 quoties
1133 1406 1314 1447 Naevius
1354 1406 1399 1446 in
1429 1406 1607 1448 Galliam
1635 1408 1850 1462 profectus

95 1474 175 1518 est,
205 1475 520 1523 procuratorem
548 1470 705 1509 Romae
735 1469 920 1522 reliquit.
979 1469 1074 1508 XX.
1103 1469 1157 1508 Et
1185 1469 1334 1517 audes,
1367 1469 1463 1509 Sex.
1494 1470 1645 1519 Naevi,
1675 1484 1849 1524 negare,

95 1531 311 1572 absentem
343 1531 560 1572 defensum
590 1545 682 1572 esse
714 1531 980 1580 Quinctium,
1022 1544 1117 1571 cum
1148 1544 1244 1572 eum
1274 1531 1510 1572 defenderit
1540 1532 1673 1582 idem,
1705 1533 1779 1588 qui
1810 1539 1850 1575 te
1863 1539 1900 1570 20

95 1594 283 1635 solebat?
322 1599 382 1643 et,
413 1609 507 1636 cum
535 1596 571 1636 is
601 1595 805 1635 iudicium
836 1594 1047 1648 acciperet
1075 1607 1151 1648 pro
1184 1594 1404 1644 Quinctio,
1446 1594 1514 1635 cui
1544 1600 1590 1636 tu
1621 1601 1662 1637 et
1690 1610 1779 1637 rem
1811 1602 1852 1638 et

94 1657 247 1697 famam
275 1662 390 1697 tuam
411 1659 703 1698 commendare
735 1654 1003 1711 proficiscens
1027 1662 1068 1697 et
1089 1658 1343 1697 concredere
1367 1657 1553 1706 solebas,
1585 1660 1750 1700 conaris
1769 1660 1850 1700 hoc

97 1721 253 1769 dicere,
276 1721 486 1761 neminem
507 1721 738 1769 exstitisse,
762 1720 834 1774 qui
858 1720 1101 1768 Quinctium
1124 1721 1282 1761 iudicio
1308 1721 1579 1762 defenderet?
1600 1744 1654 1751 —-
1685 1720 1751 1762 63.
1771 1723 1851 1762 Po—

96 1783 319 1831 stulabam,
356 1783 518 1837 inquit,
555 1789 602 1823 ut
640 1785 739 1824 satis
780 1785 907 1824 daret.
938 1805 991 1812 —
1029 1783 1188 1823 Iniuria
1229 1783 1495 1836 postulabas;
1542 1785 1600 1824 ita
1628 1784 1849 1825 videbare:

95 1844 313 1885 recusabat
341 1844 527 1884 Alfenus.
558 1867 612 1874 —
644 1846 728 1893 Ita,
767 1858 911 1885 verum
941 1851 1110 1899 praetor
1140 1847 1403 1886 decernebat.
1432 1869 1487 1876 —
1516 1848 1692 1888 Tribuni
1723 1848 1899 1902 igitur25

97 1906 426 1959 appellabantur.
447 1927 501 1935 —-
530 1907 609 1946 Hic
640 1912 699 1954 te,
729 1907 887 1960 inquit,
918 1913 1063 1955 teneo;
1094 1921 1181 1948 non
1202 1914 1265 1949 est
1293 1909 1406 1949 istud
1435 1910 1640 1951 iudicium
1668 1911 1755 1964 pati
1776 1924 1851 1951 ne-

99 1981 180 2022 que
209 1967 365 2008 iudicio
397 1968 639 2017 defendere,
671 1983 765 2009 cum
795 1969 998 2009 auxilium
1029 1983 1053 2010 a
1076 1971 1254 2011 tribunis
1275 1976 1407 2024 petas.
1428 1994 1482 2001 —
1511 1972 1602 2012 Hoc
1623 1986 1724 2026 ego,
1755 1987 1850 2013 cum

98 2030 287 2078 attendo,
319 2043 402 2084 qua
430 2032 654 2084 prudentia
684 2032 737 2071 sit
756 2032 1029 2080 Hortensius,
1061 2033 1269 2074 dicturum
1300 2047 1391 2074 esse
1422 2048 1517 2074 eum
1546 2048 1632 2076 non
1657 2036 1848 2076 arbitror.

100 2093 201 2133 Cum
231 2098 370 2134 autem
400 2098 522 2133 antea
552 2093 708 2133 dixisse
740 2093 864 2133 audio
897 2098 938 2133 et
967 2107 1135 2135 causam
1164 2096 1298 2148 ipsam
1328 2097 1570 2145 considero,
1602 2098 1705 2152 quid
1734 2097 1849 2138 aliud

97 2155 233 2195 dicere
270 2155 423 2208 possit,
469 2169 555 2195 non
593 2156 771 2209 reperio.
830 2157 999 2196 Fatetur
1037 2158 1147 2197 enim
1186 2157 1352 2198 libellos
1389 2157 1592 2199 Alfenum
1626 2159 1897 2208 deiecisse‚30

96 2217 380 2258 vadimonium
410 2218 675 2272 promisisse,
706 2218 908 2259 iudicium
939 2219 1043 2273 quin
1073 2220 1282 2274 acciperet
1310 2221 1354 2261 in
1382 2234 1430 2262 ea
1450 2222 1543 2276 ipsa
1562 2222 1707 2272 verba,
1739 2235 1848 2278 quae

179 2402 212 2437 4.
237 2406 266 2437 te
289 2404 498 2450 om5th.
526 2421 561 2426 —
586 2404 699 2447 neque]
724 2414 764 2438 ue
787 2407 830 2438 ad
853 2407 885 2438 k.
914 2424 949 2430 —-
975 2408 1009 2439 id
1032 2416 1100 2440 om.
1127 2407 1160 2440 k.
1188 2426 1224 2430 -
1250 2409 1282 2440 5.
1308 2409 1395 2448 quod
1411 2413 1552 2449 praecor
1572 2420 1638 2442 non
1651 2411 1725 2452 fieri
1738 2411 1793 2443 sed
1807 2419 1850 2443 esc

94 2453 195 2485 edicto
218 2461 276 2485 suo
296 2453 369 2495 fieri
390 2453 528 2495 iubebat]
554 2455 640 2493 quod
658 2459 796 2495 praetor
827 2466 891 2488 non
920 2458 994 2499 fieri
1016 2459 1071 2490 sed
1093 2459 1195 2490 edicto
1217 2467 1276 2490 suo
1302 2459 1376 2500 fieri
1397 2458 1527 2491 iubebat
1550 2461 1621 2493 GM
1633 2470 1652 2492 a
1666 2460 1688 2492 b
1703 2471 1722 2493 c
1736 2461 1788 2493 de
1803 2461 1816 2494 f
1826 2462 1848 2493 h

95 2501 176 2536 ilm
199 2505 235 2535 et
255 2504 301 2544 A,
327 2504 413 2544 quod
429 2499 568 2544 praetor
590 2515 655 2537 non
676 2507 750 2547 fieri
771 2507 826 2538 sed
848 2507 949 2539 edicto
971 2509 1044 2549 fieri
1066 2508 1194 2540 iubebat
1209 2517 1248 2549 g,
1275 2509 1362 2549 quod
1378 2512 1520 2549 praetor
1542 2519 1608 2542 non
1627 2511 1701 2552 fieri
1722 2510 1852 2543 iubebat

95 2552 230 2594 (mediis
253 2553 402 2594 omissis)
426 2554 466 2593 k,
498 2555 584 2594 quod
610 2559 749 2595 praetor
778 2565 844 2588 non
866 2565 909 2588 esc
931 2558 1032 2590 edicto
1053 2559 1127 2599 fieri
1147 2567 1206 2590 suo
1228 2557 1357 2590 iubebat
1378 2560 1403 2591 L
1429 2559 1545 2600 (invito
1568 2560 1757 2601 Lambino,
1791 2561 1851 2602 qui

93 2601 202 2634 voluit
225 2603 310 2643 quod
326 2606 465 2644 praetor
485 2613 552 2635 non
575 2613 618 2636 ex
640 2605 741 2637 edicto
764 2614 822 2637 suo
842 2607 916 2647 fieri
938 2607 1097 2649 iubebat),
1133 2609 1220 2648 quod
1237 2612 1394 2649 praetor,
1427 2610 1482 2640 sed
1512 2618 1554 2641 ea:
1583 2611 1685 2643 edicto
1714 2620 1772 2643 suo
1794 2612 1851 2642 iu-

95 2651 187 2684 bebat
214 2651 250 2687 Σὲ.
282 2653 360 2686 vid.
385 2653 560 2686 Kellerum
582 2663 616 2696 p.
643 2655 683 2687 88
707 2663 785 2696 sqq.
813 2658 847 2687 et
876 2665 910 2698 p.
933 2656 1007 2689 ⁶244.
1037 2675 1071 2680 ——
1103 2659 1133 2691 6.
1159 2658 1559 2700 absenti-procuratoris
1580 2660 1623 2692 M.
1657 2676 1692 2683 —
1725 2661 1851 2701 defendi

94 2701 128 2734 k.
155 2718 192 2725 —
217 2702 249 2735 7.
274 2703 364 2745 Erqo
388 2712 457 2736 om.
482 2704 515 2736 k.
544 2723 579 2727 --
605 2704 725 2736 libellos
748 2706 824 2736 dari
847 2706 959 2739 deiecit
979 2710 1019 2740 A.
1047 2726 1083 2731 —
1109 2709 1139 2740 9.
1165 2713 1240 2741 sunt
1262 2710 1295 2741 k.
1324 2727 1359 2732 —
1387 2711 1440 2742 Μ.
1465 2711 1589 2743 ademit
1611 2710 1748 2743 GMab
1764 2710 1851 2743 cde

95 2750 280 2793 fghlmn
303 2755 339 2785 et
360 2752 434 2788 ΑΕ.
463 2772 498 2777 -
537 2754 588 2786 43.
613 2754 722 2797 negat]
748 2759 877 2787 recusat
900 2766 931 2788 e.
959 2775 995 2779 —
1019 2759 1167 2790 uadari:
1202 2760 1258 2791 uir
1275 2760 1440 2800 promittit
1461 2760 1493 2791 k.
1523 2778 1558 2782 —
1583 2763 1682 2792 uocat
1703 2760 1726 2792 b
1741 2759 1849 2792 cdef

95 2801 210 2843 (uocas
231 2811 301 2844 mg.
319 2803 354 2844 1).
375 2821 411 2827 —-
438 2803 490 2836 44.
511 2805 658 2845 postulat
674 2814 705 2838 e.
726 2823 764 2828 —
789 2815 847 2847 eqo
871 2815 939 2839 om.
959 2807 1029 2840 bk.
1049 2827 1085 2831 —-
1112 2810 1164 2841 45.
1183 2809 1317 2841 electum
1340 2809 1404 2841 Mb
1423 2819 1442 2842 c
1458 2810 1480 2841 d
1497 2811 1543 2850 gi
1567 2812 1602 2842 et
1624 2819 1677 2852 pr.
1694 2810 1794 2842 th.
1813 2828 1849 2833 —

96 2851 150 2883 ⁴6.
175 2852 299 2884 diuitiis
318 2861 373 2895 pr.
398 2861 438 2893 e,
463 2854 501 2886 de
523 2855 613 2887 uitiis
627 2855 666 2895 h,
693 2856 826 2888 deuictis
849 2858 873 2889 B
890 2856 912 2888 b
931 2867 950 2889 c
967 2857 990 2890 d
1006 2858 1020 2890 f
1032 2867 1053 2899 g
1069 2859 1079 2890 i
1096 2867 1135 2898 n,
1161 2859 1320 2891 deuictius
1335 2860 1378 2898 G,
1405 2860 1523 2892 deuicti
1546 2859 1610 2900 al,
1638 2860 1774 2892 «deuicti
1795 2858 1853 2891 vel

96 2901 258 2935 deuictus»
282 2913 353 2946 mg.
379 2903 409 2944 f,
434 2905 555 2937 diutius
576 2907 609 2938 M
625 2906 658 2938 k.
687 2924 723 2930 --
748 2907 801 2939 ΞΟ.
828 2906 912 2938 idem
936 2915 1006 2939 om.
1031 2908 1054 2939 k
1069 2916 1117 2940 m.
1143 2926 1179 2931 —
1204 2908 1258 2940 2⁴.
1285 2909 1447 2949 acciperet
1468 2910 1493 2941 B
1512 2910 1538 2941 G
1554 2919 1573 2941 a
1588 2909 1611 2941 b
1629 2918 1647 2940 c
1664 2909 1687 2941 d
1703 2918 1722 2941 e
1739 2909 1786 2950 fg
1803 2909 1853 2941 hi

95 2948 158 2984 lm
174 2960 198 2984 n
221 2953 257 2986 et
277 2955 326 2986 A:
353 2955 513 2995 acceperit
534 2955 557 2987 k
580 2957 615 2988 et
637 2957 661 2988 L
675 2954 746 2989 80.
779 2955 856 2987 vid.
883 2955 1058 2989 Kellerum
1079 2966 1114 2998 p.
1138 2957 1214 2990 ⁶242.
1240 2967 1273 2990 n.
1294 2958 1366 2990 ⁴03.
1394 2958 1592 2999 (acciperet
1613 2960 1634 2991 i.
1655 2969 1684 2991 e.
1710 2960 1854 3001 paratus

98 3003 192 3034 esset
215 3004 411 3046 accipere.»
436 3006 515 3037 GAR.
529 3006 574 3045 2.)
602 3024 637 3029 —-
662 3009 698 3037 tu
719 3009 862 3038 ueterem
885 3010 915 3039 et
935 3007 1062 3047 famam
1078 3007 1104 3039 B
1119 3009 1177 3039 Ga
1192 3007 1215 3039 b
1233 3017 1252 3040 c
1270 3007 1292 3039 d
1309 3007 1358 3040 fh
1374 3009 1384 3039 i
1400 3017 1441 3048 n,
1467 3013 1503 3040 tu
1520 3012 1662 3041 ueterem
1680 3012 1711 3041 et
1732 3018 1802 3041 rem
1825 3011 1856 3040 et

94 3051 223 3092 famam
245 3062 278 3093 e,
303 3057 333 3086 et
355 3057 390 3086 tu
411 3059 442 3087 et
462 3055 589 3096 famam
611 3059 704 3087 tuam
727 3059 756 3088 et
774 3065 844 3088 rem
858 3056 890 3087 k.
913 3074 949 3079 -
973 3055 1026 3089 24.
1051 3058 1134 3089 satis
1151 3058 1246 3089 daret
1267 3058 1292 3089 B
1309 3066 1345 3089 m
1369 3059 1404 3089 et
1424 3059 1453 3090 A
1468 3057 1513 3093 8:
1538 3059 1738 3090 satisdarent
1760 3057 1853 3090 Gab

98 3109 118 3133 e
133 3100 186 3134 df
199 3109 220 3142 g
235 3101 364 3143 hiln,
395 3104 613 3136 satisdaretur
641 3114 659 3137 e
676 3105 698 3136 k
727 3113 808 3137 cum
839 3105 959 3137 codice
985 3107 1062 3138 Car.
1088 3107 1271 3148 Stephani,
1301 3107 1478 3140 satisdares
1500 3109 1525 3140 L
1550 3109 1604 3149 (ex
1628 3108 1852 3147 coniectura).

98 3151 149 3185 Cf.
174 3151 351 3185 Keller-um
372 3162 407 3195 p.
433 3155 508 3186 427.
534 3155 608 3187 437.
637 3173 672 3178 -
704 3155 753 3187 ita
779 3156 931 3187 videbare
962 3164 1044 3188 cum
1065 3155 1162 3189 libris
1186 3156 1349 3189 omnibus
1375 3157 1451 3198 (nisi
1473 3157 1569 3198 quod
1593 3157 1616 3189 d
1638 3156 1747 3189 habet
1766 3157 1857 3188 uide-

98 3199 185 3242 bale)
200 3200 259 3235 ΑΒ
273 3210 280 3233 z
304 3202 357 3234 Ita
369 3203 523 3237 iubebare
540 3205 589 3245 (ut
602 3204 712 3237 verba
729 3206 796 3237 sint
812 3205 940 3246 Naevii)
959 3215 1042 3238 cum
1053 3207 1249 3239 Hotomano
1265 3208 1330 3239 Lo.
1355 3207 1433 3240 Vid.
1452 3207 1628 3240 Kellerum
1644 3216 1678 3249 p.
1698 3207 1760 3239 427
1774 3215 1853 3248 sqq.

101 3268 137 3274 —
154 3251 208 3284 26.
232 3252 390 3286 iudicium
407 3262 476 3286 om.
495 3255 521 3286 B
536 3255 562 3286 G
574 3255 602 3286 K
618 3256 653 3287 et
663 3257 702 3287 A.
727 3255 905 3289 Excidisse
921 3255 1061 3288 videtur
1080 3258 1226 3298 propter
1240 3257 1487 3298 praecedentis
1506 3256 1668 3291 vocabuli
1684 3256 1857 3298 syllabam

98 3297 266 3334 ultimam.
287 3320 323 3326 -—
347 3312 405 3337 nec
427 3304 586 3336 iudicium
607 3305 777 3345 defendere
792 3305 825 3336 k.
846 3324 882 3328 —
908 3306 961 3338 ΞΠ.
987 3315 1045 3348 eqo
1068 3310 1098 3339 te
1111 3316 1187 3339 cum
1209 3316 1229 3339 a
1244 3306 1268 3339 b
1286 3317 1306 3340 c
1320 3307 1374 3340 de
1388 3307 1536 3349 fgklm
1553 3310 1588 3342 et
1602 3309 1643 3341 A.
1664 3324 1700 3329 —
1725 3307 1779 3340 29.
1798 3315 1858 3338 au-

98 3350 172 3394 tem]
196 3352 469 3399 autlcdfgm,
493 3356 583 3389 haud
606 3355 742 3391 Gakl.
771 3374 805 3379 —
832 3356 886 3389 30.
909 3356 1018 3397 fateor
1040 3355 1254 3391 Gaeflm.
1281 3374 1318 3382 -·
1343 3358 1465 3392 dedisse
1487 3358 1522 3392 k.

153 3412 269 3446 menno
287 3415 321 3450 Τ,
335 3415 371 3448 11.
1539 3421 1566 3465 2
