2175 3718
235 237 317 279 204
724 240 778 279 IN
806 238 1025 279 VERREM
1053 236 1213 277 ACTIO
1247 236 1485 277 SECUNDA

236 348 405 402 figuram
436 350 704 404 hahitumque
743 350 917 390 formata
957 362 1008 388 ex
1040 348 1178 402 oppidi
1210 350 1377 388 nomine
1409 354 1447 389 et
1478 348 1671 388 fluminis.
1729 348 1826 388 Erat
1855 351 1976 391 etiam

239 411 461 451 Stesichori
491 417 639 465 poetae
670 417 802 452 statua
833 411 996 457 senilis,
1029 410 1220 456 incurva,
1251 424 1343 450 cum
1376 411 1502 457 libro,
1535 423 1717 457 summo,
1748 416 1793 450 ut
1821 418 1978 464 putant,

236 473 409 513 artificio
441 474 565 522 facta,
608 476 676 528 qui
707 475 784 513 fuit
813 474 1032 519 Himerae,
1071 471 1141 510 sed
1174 477 1214 510 et
1243 479 1304 511 est
1334 478 1374 512 et
1401 473 1477 512 fuit
1507 478 1589 511 tota
1620 472 1790 512 Graecia
1819 487 1978 514 summo

235 540 402 588 propter
431 536 646 589 ingenium
676 537 832 575 honore
863 540 902 573 et
933 534 1113 573 nomine.
1154 533 1266 573 Haec
1287 535 1361 574 iste
1383 536 1433 574 ad
1458 535 1657 574 insaniam
1680 537 1979 588 concupiverat.

203 596 379 645 5Etiam,
412 598 522 651 quod
553 612 684 652 paene
716 597 928 651 praeterii,
962 596 1118 649 capella
1150 595 1353 649 quaedam
1384 602 1464 643 est,
1497 610 1544 636 ea
1575 596 1741 649 quidem
1772 597 1896 644 mire,
1937 604 1984 639 ut

234 659 354 698 etiam
385 673 479 707 nos,
522 661 592 714 qui
623 660 744 700 rudes
775 659 920 697 harum
959 672 1093 697 rerum
1135 671 1297 704 sumus,
1338 659 1566 711 intelligere
1598 671 1841 711 possumus,
1883 661 1982 700 scite

231 720 337 760 sacta
368 726 408 761 et
437 728 623 762 venuste.
674 722 783 760 Haec
815 725 854 759 et
883 720 961 759 alia
984 720 1120 773 Scipio
1151 733 1232 759 non
1265 720 1519 773 negligenter
1548 720 1762 767 abiecerat,
1794 726 1839 760 ut
1858 721 1981 763 homo

233 783 465 836 intelligens
496 785 642 823 Verres
674 783 834 823 auferre
867 788 1030 834 posset,
1075 782 1147 821 sed
1179 782 1453 821 Thermitanis
1486 783 1739 830 restituerat;
1786 797 1867 823 non
1900 799 1981 839 quo

231 844 320 898 ipse
351 844 490 885 hortos
522 852 591 885 aut
622 845 903 884 suburbanum
935 850 1003 883 aut
1034 844 1167 883 locum
1201 845 1391 890 omnine,
1422 845 1491 884 uhi
1523 858 1570 884 ea
1602 851 1792 898 poneret,
1825 847 1982 887 nullum

182 912 217 942 ⁴0
230 906 412 954 haberet,
443 908 515 947 sed
548 908 673 961 quod,
705 907 737 945 si
765 906 931 945 domum
954 906 1203 952 abstulisset,
1237 920 1319 944 non
1342 906 1411 945 diu
1435 907 1640 959 Scipionis
1663 910 1982 961 appellarentur,

232 969 304 1009 sed
336 983 498 1017 eorum,
529 970 579 1009 ad
611 982 895 1022 quoscumque
927 968 1037 1007 illius
1070 974 1199 1007 morte
1230 969 1463 1007 venissent:
1497 982 1603 1007 nunc
1635 970 1687 1008 iis
1719 971 1819 1010 locis
1852 973 1983 1024 posita

232 1038 340 1079 sunt,
372 1037 417 1071 ut
447 1033 547 1072 mihi
580 1045 743 1085 semper
774 1031 978 1084 Scipionis
1009 1030 1097 1069 sore
1131 1029 1347 1069 videantur
1379 1030 1519 1084 itaque
1543 1031 1741 1072 dicantur.
1790 1035 1980 1074 XXXVI.

232 1094 297 1133 88.
329 1095 440 1134 Ilaec
472 1109 565 1134 cum
596 1095 673 1134 iste
704 1098 896 1147 posceret
925 1098 1202 1145 agereturque
1225 1105 1272 1131 ea
1296 1093 1425 1132 resin
1454 1099 1612 1139 senatu,
1646 1094 1838 1135 Sthenius
1860 1096 1984 1135 vehe-

233 1157 488 1196 mentissime
519 1156 669 1196 restitit
700 1156 915 1209 multaque
934 1186 943 1202 ‚
974 1160 1021 1194 ut
1050 1155 1092 1193 in
1123 1154 1267 1207 primis
1300 1155 1535 1194 Siculorum
1566 1155 1608 1194 in
1639 1156 1815 1196 dicendo
1842 1158 1985 1210 copio-

185 1227 219 1257 45
234 1233 304 1260 sus
336 1225 420 1266 est,
467 1219 826 1258 commemoravit:
867 1218 1010 1257 urbem
1049 1217 1286 1270 relinquere
1327 1217 1604 1256 Thermitanis
1648 1231 1738 1258 esse
1768 1219 1985 1261 honestius

236 1295 361 1336 quam
393 1283 478 1335 pati
510 1281 600 1321 tolli
633 1295 684 1320 ex
716 1281 815 1320 urbe
848 1285 1117 1320 monumenta
1149 1279 1366 1326 maiorum,
1399 1279 1534 1332 spolia
1554 1279 1752 1328 hostium,
1783 1281 1986 1323 beneficia

235 1344 452 1385 clarissimi
484 1343 584 1391 viri,
621 1343 776 1383 indicia
807 1343 1017 1382 societatis
1048 1342 1193 1396 populi
1226 1341 1399 1380 Romani
1431 1346 1556 1394 atque
1587 1343 1807 1382 amicitiae.
1868 1344 1987 1384 Com-

235 1406 336 1447 moti
367 1407 494 1446 animi
527 1411 623 1446 sunt
654 1400 860 1445 omnium:
902 1409 1090 1458 repertus
1123 1408 1186 1443 est
1216 1416 1357 1449 nemo,
1403 1404 1506 1456 quin
1537 1405 1640 1443 mori
1672 1405 1828 1445 diceret
1857 1407 1987 1447 satius

236 1483 339 1510 esse,
398 1470 543 1523 ltaque
574 1469 654 1508 hoc
696 1468 831 1507 adhuc
869 1468 1070 1520 oppidum
1107 1467 1257 1506 Verres
1297 1466 1457 1505 invenit
1486 1480 1617 1519 prope
1649 1467 1783 1507 solum
1814 1469 1855 1507 in
1888 1470 1986 1509 orbe

186 1547 221 1577 20
237 1540 454 1578 terrarum,
486 1531 597 1571 unde
629 1531 733 1570 nihil
765 1530 971 1570 eiusmodi
1002 1543 1139 1568 rerum
1172 1529 1222 1567 de
1254 1528 1422 1581 publico
1454 1542 1528 1581 per
1556 1529 1652 1576 vim,
1684 1530 1786 1568 nihil
1811 1532 1986 1578 occulte,

236 1594 340 1636 nihil
381 1594 580 1647 imperio,
618 1593 722 1632 nihil
756 1594 908 1646 gratia,
950 1591 1053 1631 nihil
1084 1591 1218 1644 pretio
1251 1596 1393 1643 posset
1430 1591 1606 1630 auferre.
1665 1593 1819 1631 Verum
1850 1599 1986 1634 tamen

236 1658 360 1698 hasce
393 1657 480 1695 eius
514 1656 764 1709 cupiditates
796 1667 1004 1707 exponam
1036 1654 1118 1692 alio
1150 1653 1262 1691 loco:
1305 1666 1415 1691 nune
1453 1652 1504 1691 ad
1537 1654 1754 1693 Sthenium
1792 1662 1986 1696 revertar.

237 1718 302 1759 89.
339 1721 468 1759 [ratus
500 1719 577 1757 iste
611 1718 878 1757 vehementer
914 1716 1086 1756 Sthenio
1123 1719 1163 1753 et
1198 1716 1393 1753 incensus
1430 1715 1659 1768 hospitium
1691 1717 1727 1755 ei
1759 1719 1988 1758 renuntiat:

240 1783 363 1822 domo
386 1782 475 1821 eius
498 1781 670 1833 emigrat
690 1785 817 1833 atque
839 1780 943 1818 adeo
969 1778 1076 1824 exit;
1109 1791 1202 1817 nam
1226 1778 1305 1816 iam
1328 1782 1423 1816 ante
1447 1777 1676 1829 emigrarat.
1722 1779 1827 1817 Eum
1848 1785 1989 1820 autem

188 1843 515 1886 asinimicissimi
549 1843 709 1882 Sthenii
752 1842 921 1881 domum
953 1854 1070 1880 suam
1103 1840 1239 1879 statim
1271 1839 1466 1885 invitant,
1511 1844 1557 1877 ut
1595 1839 1777 1879 animum
1820 1842 1908 1881 eius
1947 1843 1990 1882 in

240 1907 458 1948 Sthenium
500 1906 805 1944 inflammarent
843 1902 1107 1942 ementiendo
1153 1902 1310 1955 aliquid
1352 1906 1392 1940 et
1428 1901 1701 1940 criminando.
1760 1902 1812 1941 Hi
1852 1909 1991 1943 autem

240 1976 356 2011 erant
386 1968 544 2009 inimici
583 1967 837 2020 Agathinus,
879 1967 1004 2004 homo
1045 1964 1221 2011 nobilis,
1262 1969 1301 2003 ct
1339 1964 1596 2010 Dorotheus,
1638 1964 1711 2017 qui
1741 1964 1920 2005 habebat
1948 1966 1991 2005 in

240 2033 502 2074 matrimonio
527 2031 811 2077 Callidamam,
843 2029 1037 2082 Agathini
1069 2028 1159 2067 eius
1190 2028 1331 2074 tiliam,
1364 2028 1414 2067 de
1447 2040 1528 2080 qua
1559 2027 1635 2066 iste
1667 2029 1867 2068 audierat.
1912 2030 1992 2069 Ita-

241 2109 320 2149 que
352 2095 403 2134 ad
435 2107 631 2147 generum
664 2092 858 2144 Agathini
891 2092 1066 2143 migrare
1099 2089 1255 2129 maluit.
1316 2091 1403 2129 l'na
1435 2103 1517 2128 nox
1549 2089 1858 2137 intercesserat,
1898 2104 1991 2131 cum

190 2158 315 2199 30iste
337 2156 593 2196 Dorotheum
625 2155 683 2194 sic
716 2155 927 2206 diligebat,
959 2159 1005 2192 ut
1036 2153 1195 2191 diceres
1227 2153 1366 2191 omnia
1395 2153 1504 2191 inter
1534 2165 1605 2190 eos
1629 2165 1719 2191 esse
1742 2153 1990 2200 communia,

239 2219 492 2272 Agathinum
523 2219 581 2257 ita
612 2217 871 2262 observabat,
904 2221 949 2254 ut
979 2215 1163 2267 aliquem
1195 2213 1361 2253 affinem
1384 2227 1430 2253 ac
1453 2214 1748 2266 propinquum.
1801 2215 1992 2253 Contem-

240 2294 338 2322 nere
371 2281 495 2320 etiam
527 2281 690 2333 signum
724 2279 825 2318 illud
851 2279 1042 2317 Himerae
1075 2278 1154 2316 iam
1186 2276 1415 2323 ridebatur,
1449 2276 1561 2328 quod
1594 2289 1687 2314 eum
1710 2276 1839 2316 multo
1863 2277 1992 2329 magis

244 2344 373 2397 ligura
405 2348 445 2383 et
475 2343 726 2382 lineamenta
757 2341 948 2393 hospitae
990 2340 1262 2379 delectabant.
1323 2339 1532 2377 xxxvii.
1564 2336 1629 2376 90.
1660 2339 1804 2391 Itaque
1834 2338 1990 2377 hortari

242 2406 433 2448 homines
464 2405 615 2459 coepit,
645 2409 692 2444 ut
722 2403 882 2457 aliquid
907 2402 1078 2442 Sthenio
1110 2400 1284 2454 periculi
1317 2406 1503 2439 crearent
1534 2400 1803 2452 criminisque
1835 2399 1993 2438 confin-

330 2609 360 2640 3.
388 2609 443 2647 qui
464 2608 526 2648 fuit
550 2608 577 2639 N
594 2615 642 2645 sp:
669 2606 709 2636 ab
732 2614 767 2636 eo
792 2606 847 2644 qui
869 2606 893 2644 s.
921 2606 978 2635 clt.
1006 2604 1042 2635 O.
1072 2621 1106 2626 —-
1140 2604 1274 2635 Himera
1299 2602 1387 2633 coni.
1414 2602 1496 2632 Rau.
1523 2602 1561 2632 ΙΙ.
1589 2610 1621 2641 p.
1648 2601 1699 2632 65.
1721 2620 1755 2624 —-
1786 2604 1815 2632 et
1837 2604 1883 2633 est
1905 2601 1994 2642 Lgffl.

242 2668 291 2697 sp:
327 2662 355 2690 et
383 2667 451 2689 om.
480 2658 539 2688 ctt.
569 2675 603 2679 —
638 2656 781 2687 Graecia
808 2654 897 2694 Lg-iss
922 2663 954 2693 p.
983 2662 1028 2684 m.
1055 2662 1100 2692 cp:
1140 2654 1173 2684 in
1204 2653 1345 2685 Graecia
1377 2653 1434 2682 ctt.
1464 2669 1497 2672 —
1530 2660 1679 2689 supremo
1710 2650 1797 2690 Lgffl
1821 2660 1854 2692 p.
1883 2660 1928 2683 m.
1958 2669 1992 2673 —

243 2709 273 2741 4.
304 2708 534 2747 concupiverat
567 2706 655 2746 Lg42
680 2715 712 2747 p.
738 2714 807 2736 m.:
841 2705 1052 2743 concupierat
1082 2705 1142 2735 ctt.
1169 2704 1205 2734 Ο.
1235 2722 1268 2725 -
1300 2703 1330 2733 5.
1357 2702 1455 2732 etiam
1479 2701 1563 2740 quod
1587 2709 1664 2740 sqq.
1696 2702 1818 2732 Donat.
1849 2701 1892 2732 ad
1917 2702 1992 2732 Ter.

244 2759 369 2798 Hecyr.
396 2758 435 2788 V.
462 2758 493 2795 3,
520 2757 571 2788 43.
594 2776 627 2779 —
656 2757 686 2787 6.
708 2764 880 2795 possumus
905 2755 990 2785 Nou.
1009 2763 1041 2794 p.
1062 2753 1124 2785 404·
1149 2756 1181 2785 et
1207 2753 1286 2785 cdd.
1312 2760 1423 2791 usque
1441 2750 1483 2781 ad
1502 2750 1642 2781 Lamo:
1666 2752 1825 2790 possimus
1848 2752 1941 2781 Grut.
1962 2752 1997 2781 et

244 2816 343 2848 seqq.
363 2806 453 2838 nulla
472 2807 634 2837 codicum
652 2805 857 2836 auctoritate
875 2803 986 2834 allata.
1007 2804 1048 2834 cf.
1068 2805 1150 2835 Rau.
1171 2803 1191 2834 l.
1208 2802 1227 2833 l.
1245 2821 1279 2825 —
1299 2803 1328 2833 7.
1350 2802 1424 2832 fort.
1443 2801 1521 2831 hacc
1537 2804 1565 2830 el
1589 2801 1682 2831 talia.
1703 2801 1752 2832 Cf.
1773 2799 1934 2831 Orellium
1952 2799 1996 2830 ad

245 2858 314 2889 Cic.
335 2858 467 2888 Orator.
488 2856 518 2896 ἓ.
539 2856 611 2887 1174.
632 2855 687 2886 ed.
707 2854 800 2886 48:30.
824 2872 857 2875 —
886 2854 939 2883 40.
968 2854 1052 2891 quod
1070 2853 1157 2893 Lgffl
1172 2854 1197 2883 N
1215 2862 1260 2890 cp:
1288 2860 1359 2882 om.
1380 2853 1436 2881 ctt.
1459 2869 1493 2872 —
1521 2850 1767 2888 appellarentur
1791 2850 1879 2889 Lgss9
1896 2849 1936 2880 42
1960 2858 1993 2889 p.

245 2915 290 2937 ni.
319 2906 377 2938 45:
404 2906 655 2945 appellabantur
678 2906 744 2935 AB
765 2905 788 2935 t:
815 2904 833 2934 6
851 2904 929 2943 ng.
958 2920 993 2925 --
1024 2904 1073 2933 11,
1103 2904 1187 2933 illins
1212 2901 1246 2933 l:
1277 2903 1343 2933 eius
1367 2903 1447 2937 ctt.;
1474 2900 1573 2938 ipsias
1596 2899 1697 2939 vulgo
1722 2901 1801 2939 post
1824 2899 1929 2937 Νοῦς.
1957 2900 1992 2929 Ο.

248 2974 281 2978 —
310 2956 348 2985 iis
371 2956 417 2986 St..
444 2956 479 2986 1..
507 2956 550 2985 0:
577 2955 625 2985 leis
649 2954 751 2985 codd.
779 2954 860 2985 noti.
882 2971 916 2974 —
938 2953 988 2983 15.
1018 2952 1231 2983 Thermisanis
1255 2950 1342 2991 Lgte
1367 2959 1399 2990 p.
1420 2958 1466 2980 m.
1493 2959 1539 2987 cs:
1569 2950 1787 2980 lecrmz'lanos
1811 2949 1868 2978 ctt.
1896 2950 1932 2977 0.
1958 2965 1991 2969 —

244 3007 297 3037 Ἣ.
323 3005 470 3046 imperio]
500 3005 625 3034 iniuria
650 3003 737 3042 Lgte
763 3012 796 3044 p.
824 3011 870 3033 m.
900 3021 934 3024 —
959 3003 1039 3032 nihil
1067 3003 1179 3041 gralia
1204 3011 1272 3033 om.
1301 3000 1362 3030 dtt.
1393 3018 1426 3021 —
1454 3000 1532 3029 nihil
1553 3000 1704 3038 precario
1729 2997 1828 3037 Lgte.
1856 2997 1874 3027 3
1891 2997 1995 3029 codd.

247 3056 318 3093 Lbi,
345 3055 518 3086 co‹l.110t.
542 3072 575 3076 —-
602 3054 654 3084 ¹22.
681 3054 748 3084 eius
771 3052 872 3083 codd.
901 3052 990 3082 noti:
1022 3052 1116 3081 huius
1139 3050 1240 3089 vulgo
1265 3052 1341 3090 post
1366 3048 1424 3079 Lb.
1453 3048 1546 3080 1l58'11.
1575 3050 1611 3079 O.
1641 3067 1675 3070 —
1701 3048 1752 3079 ⁵23.
1780 3048 1885 3078 iratus
1908 3045 1938 3085 ᾧ,
1967 3047 1997 3078 Μ

246 3115 293 3143 ss:
322 3106 430 3144 itaque
455 3104 515 3135 dtt.
536 3105 572 3134 Ο.
603 3121 635 3124 ῌ
663 3107 690 3133 et
716 3103 777 3133 inc.
805 3102 841 3133 li:
869 3106 966 3140 (itque
991 3102 1050 3132 inc.
1079 3102 1108 3132 M
1127 3111 1173 3139 cp:
1202 3101 1341 3140 infensus
1366 3101 1444 3129 loni.
1471 3101 1508 3135 el}
1536 3098 1596 3129 dtt.
1625 3100 1660 3129 0.
1689 3114 1724 3119 —
1751 3098 1780 3128 ei
1803 3105 1872 3127 om.
1894 3097 1994 3135 Lgeo.

246 3159 271 3187 Α
287 3156 320 3186 B.
350 3154 388 3194 [ei
413 3157 465 3185 est.
489 3155 521 3184 in
546 3152 661 3193 [μὶ]
683 3171 717 3174 —
747 3152 794 3183 Bi.
824 3153 947 3191 migrat,
970 3151 1057 3189 Lgffl
1083 3161 1115 3191 p.
1135 3160 1180 3182 m.
1211 3169 1244 3172 —
1272 3149 1361 3185 adca]
1391 3148 1468 3178 abeo
1494 3147 1580 3184 14:422
1606 3158 1638 3188 p.
1666 3156 1712 3178 m.
1743 3164 1775 3167 —
1803 3146 1994 3186 emigraraI]

247 3205 386 3244 emiqrat
403 3204 491 3244 Lgtz
509 3213 541 3244 p.
562 3212 622 3239 m.;
648 3203 813 3241 waimara!
839 3204 893 3232 ctt.
916 3202 952 3232 O.
980 3202 1138 3232 Nostram
1165 3200 1398 3231 coniecturam
1425 3198 1629 3238 comprobat
1658 3195 1826 3232 Halmius,
1854 3196 1910 3235 qui
1935 3203 1996 3226 sua

248 3255 370 3294 sponte
405 3254 435 3283 in
462 3253 610 3283 eandem
635 3251 814 3282 inciderat.
854 3252 937 3281 Mire
961 3249 1135 3289 wulgatam
1162 3250 1407 3289 interpretatur
1431 3249 1541 3278 Masso
1567 3256 1599 3287 p.
1627 3247 1678 3278 96.
1716 3264 1749 3268 -
1787 3254 1860 3276 eum
1889 3248 1999 3274 autem

247 3303 358 3333 statim
382 3302 469 3341 LgEO
485 3304 507 3333 A
525 3303 547 3333 B
575 3302 633 3338 (sic
659 3303 786 3340 transp.
814 3300 948 3340 slalim).
968 3318 1002 3322 -—
1030 3300 1080 3330 30.
1104 3300 1186 3330 inici·
1209 3308 1260 3330 cos
1282 3297 1392 3329 omnia
1416 3300 1514 3328 Arus.
1542 3297 1584 3328 M.
1610 3305 1645 3337 p.
1666 3295 1738 3327 ⁴224.
1761 3312 1794 3315 -—
1822 3294 1874 3325 31.
1901 3297 1999 3333 alque

256 3350 305 3384 Kl.
333 3351 412 3383 edd.
439 3353 517 3383 ante
542 3352 648 3391 Naug.
677 3368 712 3372 —
738 3350 994 3389 inpropinqzcum
1016 3348 1106 3389 Lgea
1124 3350 1161 3380 Α.
