2143 3713
282 210 363 252 460
450 186 454 187 ⁷
722 213 1146 255 SUPPLEMENTUM
1173 214 1569 256 ADNOTATIONIS

366 318 445 350 pag.
469 310 544 342 230.
578 319 611 342 v.
639 311 668 342 4.
698 320 772 343 eum
801 320 870 344 om.
897 312 936 344 42
961 321 994 353 p.
1026 330 1069 336 -—
1098 312 1128 344 3.
1154 313 1181 344 si
1206 313 1342 354 planum
1369 314 1410 346 sit
1432 314 1472 346 42
1496 323 1527 355 p.
1554 332 1597 338 »-
1620 314 1671 345 45.
1696 314 1828 346 honesta
1849 314 1890 347 42
1913 324 1946 356 p.
1971 333 2013 338 —

279 365 421 396 mihimet
442 365 470 397 si
493 374 534 398 ex
557 367 599 398 29
622 368 799 408 Zumptius
830 376 897 399 non
922 366 1042 398 attulit.
1072 385 1115 391 —
1150 368 1200 400 49.
1225 378 1290 401 esse
1313 378 1383 401 om.
1409 370 1461 401 29.
1493 388 1536 393 —-
1569 369 1621 401 23.
1647 370 1817 401 decrerunt
1839 370 1944 403 idem.
1970 389 2012 395 —

279 420 332 453 24.
349 420 470 452 iudices
491 421 518 452 si
540 426 640 453 essent
662 422 752 454 bene
769 431 863 464 susp.
882 423 1004 454 Bakius
1029 422 1050 454 1.
1069 432 1098 454 c.
1117 431 1150 464 p.
1168 424 1242 455 206.
1268 426 1303 457 In
1322 425 1445 457 eadem
1463 425 1492 465 g.
1513 434 1543 457 V.
1563 425 1614 456 26.
1634 424 1822 457 verborum
1840 425 2013 458 distinctio

271 476 330 507 ‘sic
354 477 557 517 corrigenda
582 479 654 510 est:
681 478 799 510 scirent
822 487 908 510 esse:
933 497 976 502 —-
999 487 1092 517 quem
1115 479 1217 519 igitur
1233 482 1312 517 cet.;
1339 490 1418 512 nam
1443 482 1475 512 in
1501 482 1654 512 oratione
1680 479 1911 512 anacoluthon
1935 490 2013 514 esse

280 532 350 564 iam
372 533 548 573 Zumptius
572 533 663 566 bene
687 535 874 575 perspexit.
900 553 942 558 —
972 535 1024 566 29.
1046 535 1154 574 potuit
1177 534 1235 573 42,
1262 544 1366 576 quam
1390 536 1574 568 lectionem
1599 537 1632 567 Z.
1659 545 1726 567 non
1750 536 1856 568 habet
1879 538 1933 577 (ex
1952 546 2015 577 po-

279 588 354 618 terit
364 586 405 627 2).
429 606 472 612 —
495 588 547 621 30.
573 590 611 622 de
632 590 736 621 medio
758 593 884 621 remota
906 591 959 621 29.
985 608 1027 613 —-
1050 590 1102 621 3¹.
1129 591 1239 622 omnia
1262 592 1309 622 ila
1330 592 1501 633 incognita
1517 609 1565 616 -—
1580 591 1773 623 ridebantur
1796 591 1835 623 42
1860 600 1893 633 p.

366 652 444 685 pag.
469 644 544 676 234.
575 655 607 677 v.
634 645 664 677 3.
691 647 809 686 causis]
835 647 907 677 conl
930 646 969 678 42
994 655 1040 687 p.‚
1067 655 1147 678 cum
1171 645 1259 678 linea
1285 649 1425 679 curvata
1450 657 1513 689 per
1537 649 1557 679 l.
1584 666 1626 670 —
1649 648 1678 679 8.
1705 648 1827 687 deinde]
1853 648 1939 679 domi
1961 646 2012 679 42.

280 715 323 721 —-
348 698 398 732 44.
424 701 633 741 quaerundus
655 701 707 734 42.
731 718 775 725 ———
796 701 928 743 homini]
953 701 1070 733 bonum
1092 701 1143 733 42.
1169 720 1213 725 -
1236 703 1287 734 46.
1312 712 1333 734 α
1356 704 1391 735 L.
1417 703 1468 736 42.
1492 721 1526 726 -
1552 704 1603 735 26.
1631 703 1836 734 {riclinorum
1857 701 1898 734 42
1922 711 1956 744 p.
1974 721 2017 728 -ν

279 755 332 788 27.
357 756 413 788 tibi
436 757 469 787 id
492 765 571 796 opus
591 757 689 796 fuerit
712 766 836 797 quaero
859 757 912 788 29.

366 819 443 852 pag.
469 812 542 844 232.
568 821 600 844 V.
621 813 650 844 3.
678 812 729 854 eat]
754 816 783 844 et
806 813 846 845 42
870 822 902 854 p.
921 831 964 836 —
983 814 1161 845 vicensima
1183 813 1236 845 29.
1254 831 1297 837 —
1315 815 1471 854 portoriis
1494 814 1533 847 42
1558 823 1591 856 p.
1609 832 1652 837 -
1675 813 1705 846 4.
1723 814 1770 845 uli
1790 814 1900 854 pusilli
1923 814 1963 846 42
1979 823 2014 856 p.

282 884 317 890 —
343 867 374 898 6.
400 867 513 899 Sicilia
536 877 605 900 om.
631 869 732 909 Lagg.
757 870 898 910 praeter
920 870 973 901 29.
998 869 1050 901 42.
1076 888 1119 893 -—-
1141 869 1199 900 hoc
1227 873 1272 901 est
1302 870 1360 901 ins.
1385 870 1438 901 27.
1463 871 1525 904 29:
1562 871 1619 902 hoc
1650 870 1755 901 insula
1779 869 1837 907 423
1873 870 1951 901 haec
1973 874 2017 902 est

279 922 385 954 insula
409 922 481 954 reli.
508 924 609 964 Lagg.
636 924 728 964 (hinc
752 925 958 965 corrigenda
983 927 1035 957 est
1058 925 1173 957 adnot.
1194 925 1338 965 critica.)
1362 945 1405 950 —
1428 927 1458 958 7.
1486 927 1631 958 marinos
1653 926 1705 958 29.
1723 944 1766 948 —
1785 926 1910 965 putatis
1924 924 1964 957 42
1980 934 2013 967 p.

281 996 323 1001 —
346 979 376 1010 8.
402 979 582 1010 Panhormo
605 980 658 1011 29.
683 998 726 1003 —-
749 980 778 1011 9.
805 981 951 1012 Messane
974 980 1014 1012 42
1038 990 1071 1022 p.
1099 998 1133 1003 -
1161 982 1212 1012 44.
1239 981 1405 1022 deleqarat
1429 982 1533 1014 idem.
1559 1001 1602 1005 —-
1625 983 1676 1014 42.
1702 982 1827 1013 servari
1851 981 1955 1013 idem.
1974 1000 2017 1006 «-

282 1033 333 1066 44.
358 1038 394 1065 ut
415 1043 524 1066 omnes
545 1043 614 1067 om.
640 1034 680 1068 42
701 1044 735 1077 p.
756 1054 797 1060 —-
821 1036 870 1067 46.
898 1040 1046 1076 acceptas
1069 1040 1098 1068 el
1121 1045 1279 1077 expensas
1302 1036 1341 1069 42
1366 1046 1398 1078 p.
1419 1056 1453 1060 —
1482 1038 1535 1070 48.
1560 1039 1713 1078 confictas
1736 1038 1787 1069 29.
1810 1055 1843 1059 --
1871 1037 1922 1069 49.
1940 1045 2016 1068 usu-

279 1098 354 1121 ram
371 1089 507 1122 dett.—-
529 1090 580 1122 34.
603 1100 676 1123 cum
698 1092 872 1132 manifesta
893 1101 946 1124 res
966 1093 1132 1134 flagitiosa
1151 1093 1172 1124 l.
1191 1092 1243 1124 42.
1271 1092 1501 1134 (desideratur
1525 1094 1653 1135 optima
1678 1093 1777 1125 lectio
1801 1093 1892 1135 apud
1909 1093 1958 1133 Z.)
1974 1112 2016 1116 —

280 1144 332 1178 32.
358 1146 531 1186 incipimus
552 1148 656 1188 Lagg.
680 1149 819 1189 praeter
841 1146 893 1179 42.
918 1167 961 1171 —
984 1149 1022 1179 de
1045 1157 1112 1179 om.
1139 1147 1180 1180 42
1203 1157 1237 1190 p.
1261 1167 1304 1172 —
1327 1148 1379 1180 37.
1405 1150 1504 1190 defert
1527 1149 1566 1181 42
1591 1158 1623 1190 p.

367 1210 444 1242 pag.
471 1202 544 1234 233.
570 1212 601 1234 V.
627 1203 658 1234 6.
683 1203 905 1235 discessionem
927 1203 979 1235 29.
1003 1203 1054 1235 48.
1074 1222 1116 1227 —-
1139 1204 1170 1236 8.
1195 1206 1265 1245 isle]
1290 1206 1315 1236 is
1337 1206 1389 1237 29.
1412 1224 1446 1227 -
1473 1206 1502 1236 9.
1525 1206 1736 1245 pecuniarias
1757 1206 1859 1245 Lagg.
1878 1206 2018 1246 praeter

280 1257 321 1288 27
346 1259 381 1289 et
402 1257 455 1290 29.
483 1276 518 1280 —
544 1267 652 1290 omnes
675 1267 743 1291 om.
763 1259 816 1291 29.
833 1277 884 1292 ——.
898 1263 1091 1291 conuentum
1113 1260 1152 1291 V.
1177 1279 1208 1282 —
1237 1262 1288 1292 44.
1315 1261 1396 1302 quis]
1421 1269 1482 1300 que
1498 1261 1548 1293 42.
1568 1279 1611 1284 —-
1632 1270 1742 1292 seruos
1757 1260 1809 1293 42.
1832 1279 1865 1283 —
1887 1259 1937 1293 44.
1954 1269 2019 1292 non

281 1321 347 1353 qua
369 1314 460 1345 illum
481 1314 553 1355 cogi
570 1315 731 1354 putabam
754 1314 805 1347 42.
828 1334 862 1338 —
889 1316 940 1347 47.
967 1316 1074 1357 atque]
1099 1320 1134 1347 at
1149 1317 1196 1354 V;
1222 1325 1305 1348 num
1323 1318 1359 1357 Q.
1380 1317 1654 1359 superscriptum
1677 1316 1736 1355 sit⁷
1764 1318 1935 1349 incertum
1952 1317 2016 1348 est.

280 1387 323 1393 —-
344 1370 403 1401 vioe
431 1371 552 1411 vivum]
581 1371 766 1402 maaeimzlm
788 1370 828 1402 42
852 1379 886 1412 p.
922 1390 965 1395 —-
1001 1372 1050 1403 49.
1082 1373 1116 1403 in
1144 1372 1309 1404 scribendo
1333 1373 1361 1403 V
1385 1374 1541 1413 egregie,
1579 1375 1615 1405 ut
1645 1372 1759 1404 locum
1788 1375 1887 1405 Arus.
1913 1373 2016 1405 Mess.

279 1434 313 1467 p.
340 1426 414 1458 240.
440 1426 551 1458 affert.
589 1426 686 1464 Quod
711 1427 744 1458 in
768 1426 894 1459 eodem
917 1427 1174 1460 Lindemannus
1199 1429 1337 1470 scripsit
1357 1430 1513 1469 primarii
1534 1429 1614 1467 riri,
1643 1431 1785 1461 secutus
1810 1430 1862 1460 est
1886 1428 1938 1460 ille
1963 1437 2020 1460 co·

280 1480 395 1513 dicem
420 1481 523 1520 Gud.;
549 1491 671 1514 Verum
694 1482 885 1515 Verborum
909 1483 1066 1515 ordinem
1090 1484 1199 1515 Maius
1224 1493 1266 1515 ex
1289 1494 1352 1517 suo
1370 1484 1447 1517 cod.
1468 1485 1500 1516 in
1518 1485 1572 1516 ed.
1591 1487 1688 1517 Rom.
1709 1485 1814 1517 dedit.
1835 1503 1869 1507 —
1896 1485 1949 1516 20.
1969 1493 2021 1515 as-

278 1537 440 1569 similatae
463 1537 514 1570 42.
530 1556 572 1562 -
594 1539 804 1570 assimulatae
826 1541 855 1570 el
877 1547 1050 1578 expressae
1073 1539 1113 1578 V,
1139 1542 1246 1571 recte.
1268 1558 1301 1562 -
1329 1540 1381 1571 22.
1409 1540 1449 1571 ab
1470 1540 1615 1572 omnibus
1631 1541 1730 1581 Lagg.
1750 1542 1888 1582 praeter
1907 1540 1958 1571 29.
1982 1559 2015 1563 —

280 1592 422 1634 obliqata.
446 1592 485 1625 42
510 1603 542 1635 p.
571 1612 606 1616 -
632 1594 683 1625 23.
709 1603 804 1633 quern
827 1603 859 1625 es
881 1598 961 1625 nunt
984 1598 1052 1625 lum
1071 1603 1176 1634 paene
1199 1595 1237 1626 V.
1266 1613 1301 1617 -—
1329 1596 1381 1627 34.
1407 1597 1522 1627 codam
1547 1597 1576 1627 4.
1603 1597 1633 1627 5.
1659 1597 1712 1627 27.
1738 1596 1796 1628 45:
1824 1597 1964 1636 quodam
1986 1596 2016 1627 6.

280 1648 343 1687 42;
370 1650 534 1689 quondam
556 1649 619 1688 483
645 1650 783 1681 condam
810 1649 867 1687 Ἰ14;
892 1659 1009 1690 cogam
1031 1650 1084 1681 29.
1106 1668 1139 1672 —
1167 1650 1218 1682 32.
1245 1659 1310 1682 esse
1332 1653 1410 1683 ante
1434 1653 1468 1683 in
1491 1652 1593 1683 litura
1616 1651 1722 1683 habet
1740 1652 1780 1691 V,
1806 1660 2019 1693 quamquam

280 1705 389 1736 Maius
414 1706 532 1737 contra
557 1714 634 1737 esse
658 1705 852 1737 affirmavit.
881 1723 915 1727 ——
943 1704 995 1737 34».
1021 1705 1151 1737 easibeas
1173 1706 1212 1737 V.
1241 1724 1275 1728 —
1304 1707 1356 1739 35.
1380 1707 1555 1738 laudentur
1578 1708 1616 1738 V.

365 1769 443 1802 pag.
469 1760 543 1793 234.
574 1770 607 1793 V.
634 1762 663 1793 4.
694 1762 853 1793 diluerent
875 1761 914 1792 V.
942 1778 976 1783 —-
1009 1761 1039 1793 3.
1063 1762 1263 1801 praestiterit
1286 1761 1327 1794 42
1352 1771 1386 1803 p.
1414 1781 1448 1784 —
1485 1761 1515 1794 4.
1541 1766 1577 1794 ut
1599 1763 1719 1794 nullius
1739 1763 1826 1794 vitae
1849 1762 1952 1795 idem.
1981 1780 2014 1786 -

280 1817 310 1848 5.
336 1816 370 1847 in
393 1825 460 1848 om.
485 1817 538 1848 29.
566 1835 601 1839 -
628 1817 659 1849 8.
685 1818 731 1860 at]
755 1818 799 1849 ad
822 1816 875 1849 42.
903 1834 937 1838 ——
965 1818 1017 1849 44.
1043 1818 1130 1850 iners
1152 1817 1193 1850 42
1217 1827 1250 1859 p.
1278 1835 1315 1841 —
1342 1818 1393 1850 43.
1419 1819 1463 1850 ad
1485 1819 1563 1850 haec
1585 1819 1686 1859 Lagg.
1708 1836 1742 1841 —
1770 1818 1822 1850 46.
1847 1819 1958 1859 neque]
1980 1827 2020 1851 ne

279 1872 320 1904 29
345 1871 439 1905 solus
463 1881 506 1905 ex
529 1874 631 1914 Lagg.

757 1979 822 2016 AD
851 1979 1035 2016 LIBRUM
1061 1978 1130 2016 ΙΙΙ.
1159 1978 1536 2017 ACCUSATIONIS.

366 2075 443 2108 pag.
469 2066 543 2098 236.
568 2075 601 2097 v.
627 2067 679 2099 21,
708 2067 777 2106 Quo
799 2066 917 2107 minus]
941 2067 1064 2099 Bakius
1088 2066 1108 2099 l.
1129 2076 1158 2098 c.
1185 2075 1218 2108 p.
1242 2068 1315 2098 207.
1343 2068 1443 2098 acute
1468 2067 1662 2108 suspicatur
1678 2065 1905 2099 scribendum
1922 2074 2018 2098 esse:

280 2131 482 2162 quamquam
502 2123 620 2154 minus.
659 2123 903 2155 «Manifestum
927 2124 980 2155 est
1003 2123 1070 2154 hoc
1093 2122 1181 2155 Velle
1199 2125 1390 2162 oratorem,
1416 2124 1453 2154 ut
1470 2124 1543 2155 eius
1561 2123 1654 2155 modi
1672 2131 1811 2161 curam,
1837 2131 1903 2163 qua
1923 2122 2022 2154 Cras-

280 2187 339 2211 sus
363 2178 622 2217 continebatur,
648 2177 761 2210 elevet
783 2180 1022 2219 maioremque
1048 2179 1120 2210 fore
1144 2180 1305 2211 ostendat
1329 2180 1362 2210 in
1386 2188 1443 2218 eo,
1471 2180 1530 2220 qui
1553 2179 1645 2211 idem
1669 2180 1861 2211 institutum
1885 2179 2021 2210 matura

281 2236 393 2266 aetate
417 2237 616 2275 sequatur.»
653 2234 752 2273 Quod
775 2235 803 2266 si
826 2236 920 2266 recte
946 2234 1156 2276 disputatum
1183 2236 1255 2274 cst,
1288 2244 1349 2275 pro
1373 2235 1533 2275 sequenti
1558 2236 1670 2274 etiam,
1707 2235 1801 2276 quod
1824 2243 1892 2275 quo
1916 2233 2020 2266 modo

282 2291 470 2331 corrigeret
493 2290 662 2322 haerebat
685 2291 828 2328 Bakius,
853 2291 922 2321 iam
946 2290 1172 2322 scribendum
1196 2290 1345 2322 Videtur.

367 2355 444 2388 pag.
470 2347 543 2378 237.
573 2355 605 2377 V.
631 2347 683 2378 24.
709 2355 785 2387 erqo
817 2346 851 2377 in
873 2347 933 2377 isto
955 2355 1010 2378 reo
1034 2347 1158 2378 Bakius
1181 2355 1215 2387 p.
1242 2347 1316 2379 208.
1349 2347 1395 2377 «i.
1423 2356 1453 2378 e.
1480 2347 1559 2378 hinc
1583 2347 1808 2388 consequitur
1830 2355 1904 2385 me,
1941 2354 2020 2379 cum

281 2403 385 2434 istum
410 2411 510 2434 reum
534 2401 674 2441 faciam,
700 2402 790 2434 hanc
813 2402 895 2433 mihi
919 2401 1033 2442 legem
1057 2404 1245 2434 statuere.»

366 2467 444 2500 pag.
470 2458 544 2490 257.
570 2467 601 2489 V.
628 2458 680 2489 24.
706 2458 753 2489 Ex
777 2457 925 2489 lectione
951 2458 1080 2490 codicis
1106 2459 1184 2499 Lag.
1203 2457 1244 2490 42
1269 2458 1513 2499 corrigendum
1536 2458 1693 2490 Videtur:
1719 2459 1842 2490 iudicia
1865 2459 1899 2490 in
1921 2458 2021 2490 socios

279 2515 398 2556 fidelis,
424 2515 458 2546 in
475 2514 684 2554 provinciam
706 2513 956 2546 suburbanam?

366 2579 443 2611 pag.
469 2570 543 2603 259.
569 2579 601 2601 v.
629 2571 680 2602 45.
708 2571 776 2609 Quo
799 2569 921 2601 modo?
953 2571 1033 2611 post
1057 2570 1155 2601 etiam
1177 2571 1334 2611 ineptum
1358 2571 1426 2607 est;
1461 2570 1624 2611 equidem
1649 2570 1787 2602 scribo:
1823 2570 1974 2603 Etiamne
1995 2571 2022 2602 si

278 2626 353 2666 plus
387 2627 534 2658 edidisset
567 2634 667 2665 quam
701 2630 860 2665 quantum
886 2629 1000 2657 natum
1023 2625 1128 2657 esset?
1161 2627 1293 2664 Etiam,
1329 2626 1485 2666 quoniam
1507 2627 1721 2667 magistratus
1743 2635 1785 2658 ea:
1807 2627 1898 2658 istius
1920 2627 2020 2658 edicto

279 2682 411 2723 emique
440 2681 605 2713 debebant.
641 2681 749 2713 Erunt
776 2681 921 2713 fortasse
952 2682 1009 2722 qui
1040 2682 1075 2713 in
1097 2680 1243 2714 lectione
1267 2682 1422 2713 Vaticani
1445 2683 1591 2721 quando⁷
1618 2684 1655 2713 ut
1677 2682 1771 2715 idem
1794 2681 2018 2724 significante,

282 2738 520 2779 acquiescant.

367 2802 446 2835 pag.
472 2793 546 2825 268.
572 2802 605 2825 v.
630 2794 682 2825 24.
707 2793 856 2825 videbant
879 2801 974 2834 susp.
1000 2793 1124 2826 Bakius
1148 2803 1182 2835 p.
1208 2794 1283 2825 242.

368 2858 446 2891 pag.
472 2849 546 2881 300.
573 2858 604 2880 v.
630 2848 683 2881 24.
710 2858 793 2889 quae
814 2858 875 2889 pro
898 2850 1062 2889 frumento
1085 2849 1192 2881 debita
1214 2852 1291 2881 esset
1313 2849 1437 2881 Bakius
1460 2858 1494 2890 p.
1520 2850 1592 2882 212.

368 2913 448 2946 pag.
474 2905 547 2937 305.
574 2913 607 2936 V.
633 2906 664 2936 5.
689 2906 744 2937 sed
766 2907 813 2936 ita
835 2906 927 2936 multi
950 2905 1043 2937 idem
1066 2914 1100 2947 p.
1125 2906 1199 2937 242.

368 2969 447 3003 pag.
473 2959 546 2993 344.
572 2969 605 2993 V.
631 2960 684 2993 28.
709 2961 736 2992 si
758 2962 816 2993 hoc
834 2961 1015 3002 probabilis
1038 2965 1066 2994 et
1088 2962 1115 2993 si
1141 2987 1147 2993 .
1167 2986 1174 2993 .
1196 2986 1202 2992 .
1227 2960 1412 2992 iudicabitis
1433 2969 1527 3002 susp.
1554 2960 1646 2993 idem
1670 2970 1703 3003 p.
1729 2960 1802 2993 243.

763 3067 829 3104 AD
857 3067 1042 3104 LIBRUM
1067 3067 1133 3104 IV.
1160 3065 1536 3105 ACCUSATIONIS.

368 3162 446 3196 pag.
471 3154 545 3186 327.
570 3162 602 3184 v.
628 3154 681 3186 26.
707 3154 785 3186 haee
805 3155 951 3187 videlicet
973 3157 1027 3196 (ex
1050 3154 1148 3194 iud.)‚
1173 3155 1258 3193 quod
1277 3153 1437 3193 putabant
1459 3161 1554 3194 susp.
1579 3153 1704 3185 Bakius
1728 3161 1761 3194 p.
1787 3153 1862 3184 215.

369 3219 447 3251 pag.
475 3209 548 3241 333.
572 3219 605 3242 V.
632 3211 662 3242 9.
687 3214 737 3248 tu,
764 3212 849 3250 quod
871 3219 929 3252 eqo
947 3211 1107 3251 privatim
1125 3210 1243 3251 negotii
1265 3218 1396 3250 yeram,
1424 3208 1674 3248 interpretabere
1694 3210 1759 3240 cet.
1785 3208 1878 3240 idem
1895 3218 1928 3250 p.
1943 3209 2016 3242 246.

367 3274 445 3306 pag.
471 3265 545 3298 337.
570 3274 602 3297 V.
628 3266 659 3297 6.
685 3267 762 3305 quid
786 3267 954 3298 existimas
975 3267 1031 3298 hos
1051 3267 1161 3307 facere
1179 3265 1300 3305 posse?
1324 3265 1417 3296 idem
1441 3274 1475 3306 p.
1500 3265 1589 3304 246.,
1615 3263 1750 3296 abiecto
1772 3264 1903 3296 iudice&

367 3329 443 3362 pag.
470 3321 543 3354 340.
568 3330 601 3354 V.
626 3322 658 3355 2.
685 3320 797 3354 «Male
820 3321 969 3355 Klotzius
993 3323 1027 3355 et
1047 3322 1214 3354 Iordanus
1230 3321 1427 3353 deseruisse
1444 3320 1605 3353 Videntur
1621 3319 1777 3353 Lambini
1793 3322 1827 3352 et
1843 3318 1956 3352 Orellii
1971 3319 2016 3362 (4)
