2127 3708
693 674 750 734 M.
786 672 972 733 TULLII
1009 667 1310 731 CICERONIS

282 839 598 898 ORATIO
636 838 807 896 PRO
851 837 922 906 Q.
962 833 1269 892 ROSCIO
1310 826 1734 890 COMOEDO.

833 1009 1158 1048 RECOGNOVIT

501 1137 595 1178 10.
630 1134 1030 1178 Gnoaanrs
1075 1129 1502 1173 :unvitans-

685 1425 945 1467 NOTARUM
975 1420 1315 1466 EXPLICATIO.

132 1545 158 1567 α
200 1567 202 1569 ,
239 1533 323 1566 cod.
350 1532 525 1565 Mediceus
549 1531 634 1574 plut.
657 1532 799 1564 XLVIII.
825 1531 878 1562 25.
905 1528 1055 1562 Contulit
1076 1529 1136 1560 ΤΗ.
1161 1528 1337 1559 Mommsen.

132 1583 158 1624 β
178 1574 215 1614 Ξ
239 1583 322 1615 Cod.
349 1582 525 1615 Medieeus
549 1581 632 1624 plut.
658 1582 726 1614 XC.
753 1590 830 1622 sup.
857 1580 909 1619 69,
934 1580 966 1611 ⁶2.
1014 1577 1163 1611 Contulit
1186 1578 1246 1608 Tu.
1271 1577 1436 1607 Mommsen
1459 1573 1511 1614 gg.
1538 1572 1632 1604 4—7.
1657 1571 1710 1603 25.
1737 1569 1875 1602 50—56.

134 1635 156 1666 F
179 1644 215 1661 =
238 1632 322 1665 Cod.
348 1632 556 1664 Francianus
579 1632 712 1672 primus
737 1640 755 1662 a
781 1631 924 1661 Graevio
947 1629 1078 1670 passim
1102 1628 1291 1668 inspectus.

134 1684 160 1715 G
183 1694 218 1711 z
242 1681 325 1714 Cod.
353 1683 565 1714 Genevensis
590 1690 622 1713 n.
649 1682 722 1713 40⁴.
750 1682 825 1712 Sec.
851 1680 920 1711 XV.
961 1677 1111 1710 Contulit
1131 1678 1161 1709 J.
1187 1679 1309 1708 Anssnr.

133 1733 216 1765 M:
240 1730 323 1763 Cod.
349 1731 565 1763 Monacensis
590 1740 631 1762 ex
654 1730 864 1762 bibliotheca
888 1727 1067 1761 Electorali
1091 1728 1142 1760 68.
1168 1726 1223 1759 fol.
1250 1725 1410 1758 358—66.
1447 1721 1598 1757 Contulit
1620 1723 1655 1755 L.
1682 1722 1840 1754 SPENGEL.

133 1784 161 1814 A
183 1794 220 1810 =
243 1781 352 1813 Editio
377 1781 586 1813 Ascensiana
610 1781 720 1821 prima
745 1788 776 1810 a.
803 1779 897 1811 451⁴.

134 1833 159 1864 L
182 1843 219 1860 =
241 1831 350 1863 Editio
376 1830 597 1862 Lambiniana
622 1839 652 1861 a.
679 1830 772 1861 4566.

138 1881 160 1915 8
190 1893 226 1909 2:
250 1881 415 1921 Repetitio
440 1879 662 1911 Lambiniana
686 1889 716 1911 a.
744 1878 838 1910 4584.

137 1932 162 1963 Ο
183 1936 222 1957 ἱ·-
248 1931 356 1962 Editio
380 1929 546 1962 Orelliana
573 1930 665 1970 prior
688 1938 718 1961 a.
746 1929 839 1960 4826.

140 1981 217 2012 Gar.
242 1981 261 2011 2
285 1988 321 2003 =
346 1980 456 2011 Curae
480 1979 657 2011 secundae
683 1980 783 2019 Gasp.
812 1977 983 2009 Garatonii
1006 1977 1169 2009 ineditae.

222 2037 394 2077 Integram
418 2036 624 2067 varietatem
640 2034 859 2066 exhibuimus
884 2034 1044 2066 codicum
1063 2044 1087 2064 α
1102 2032 1128 2073 β
1145 2034 1166 2065 F
1179 2059 1186 2072 ,
1212 2033 1403 2066 editionum
1426 2033 1452 2065 A
1470 2034 1493 2065 L
1510 2032 1532 2068 8
1549 2033 1586 2065 O.

631 2178 784 2225 Multa,
816 2190 913 2230 quae
941 2178 1097 2225 desunt,
1131 2178 1365 2231 quaerenda.

257 2258 288 2298 Ι.
320 2255 356 2297 sl.
398 2256 496 2279 *³⁸³*
531 2258 730 2298 malitiam
769 2263 941 2299 naturae
985 2260 1234 2299 crederetur.
1293 2258 1375 2298 Iste
1417 2258 1576 2298 scilieet
1603 2257 1667 2297 vir
1698 2258 1880 2311 optimus

136 2325 177 2362 et
206 2319 404 2373 singulari
434 2317 513 2359 fide
546 2320 759 2373 praeditus
790 2321 833 2360 in
865 2335 939 2361 suo
971 2321 1128 2361 iudicio
1162 2321 1248 2360 suis
1279 2320 1432 2360 tabulis
1462 2320 1637 2360 testibus
1664 2321 1726 2360 uti
1758 2334 1882 2360 cona-

134 2388 213 2424 tur.
274 2382 418 2423 Solent
458 2382 544 2422 fere
587 2383 744 2430 dicere,
791 2383 863 2437 qui
902 2397 977 2436 per
1016 2384 1178 2423 tabulas
1207 2383 1388 2424 hominis
1420 2380 1518 2403 ’ψῃ
1550 2383 1620 2423 citi
1660 2383 1882 2437 pecuniam

137 2457 362 2498 expensam
392 2445 598 2484 tulerunt:
628 2446 771 2498 Egone
803 2446 927 2486 talem
957 2446 1092 2486 virum
1114 2459 1380 2501 corrumpere
1407 2445 1547 2499 potui,
1580 2450 1626 2485 ut
1645 2459 1738 2487 mea
1757 2458 1883 2486 causa

134 2507 283 2548 falsum
313 2507 355 2547 in
386 2508 573 2548 codicem
603 2507 803 2547 referret?
847 2508 1078 2562 Exspecto,
1111 2523 1236 2563 quam
1269 2522 1366 2549 mox
1389 2509 1573 2549 Chaerea
1592 2509 1670 2549 hac
1692 2509 1881 2549 oratione

135 2574 297 2609 utatur:
338 2583 469 2624 egone
498 2570 606 2610 hanc
638 2584 829 2618 manum,
859 2571 1025 2624 plenam
1056 2569 1277 2625 perfidiae,
1309 2576 1349 2612 et
1377 2571 1455 2611 hos
1477 2571 1630 2624 digitos
1660 2584 1775 2611 meos
1805 2571 1882 2611 im-

135 2632 291 2686 pellere
321 2633 462 2688 potui,
502 2638 548 2673 ut
577 2633 728 2683 falsum
757 2633 1064 2688 perscriberent
1092 2636 1274 2675 nomen?
1329 2634 1452 2684 Quod
1495 2634 1529 2674 si
1558 2633 1629 2673 ille
1660 2647 1755 2674 suas
1785 2647 1882 2688 pro-

221 2781 250 2812 ⁴.
275 2799 381 2807 ----
396 2782 559 2813 malitiam
586 2785 727 2813 naturae
749 2782 946 2820 crederetur]
981 2783 1141 2814 Mancum
1165 2783 1299 2815 initium
1323 2783 1373 2814 sic
1396 2781 1569 2823 supplevit
1592 2782 1806 2813 Huschkius:
1842 2781 1883 2813 At

134 2839 218 2870 quae
241 2831 274 2863 C.
298 2832 417 2863 Fannii
445 2832 582 2864 stultitia
611 2832 718 2863 dicam
750 2841 793 2863 an
817 2832 1018 2870 impudentia
1039 2833 1118 2872 fuit,
1155 2833 1210 2872 qui
1230 2833 1360 2872 pulavit
1381 2833 1468 2872 fore,
1503 2835 1539 2863 ut
1562 2832 1596 2863 in
1618 2832 1666 2863 his
1687 2832 1762 2869 sibi,
1799 2840 1884 2871 quae

128 2889 192 2920 per
218 2889 296 2913 suae
323 2882 423 2922 eyerit
449 2891 493 2913 m.
518 2892 551 2913 n.
578 2891 624 2913 cr.
653 2900 688 2904 -
723 2882 784 2913 Iste
814 2881 971 2913 Schmidt
1000 2880 1086 2919 (coll.
1119 2891 1151 2923 p.
1187 2883 1343 2921 Quinctio
1373 2881 1404 2922 g.
1430 2882 1500 2921 49):
1538 2882 1567 2913 Is
1599 2889 1679 2912 cum
1704 2881 1882 2913 codicibus

133 2929 282 2964 ALsso.
309 2931 412 2970 («Cur
435 2941 503 2964 non
528 2933 642 2973 potius
664 2932 739 2971 iste,
766 2939 847 2963 cum
872 2930 1092 2963 adversarius
1116 2931 1369 2972 intelligatur7»
1396 2933 1474 2962 ΘΑΕ.
1493 2931 1539 2970 2.)
1559 2949 1594 2953 -
1620 2931 1651 2962 Ξ.
1677 2931 1712 2962 in
1734 2930 1801 2971 suo]
1827 2931 1883 2970 qui

133 2988 190 3011 suo
213 2989 292 3012 cum
317 2982 450 3013 Iuntina
475 2990 505 3012 a.
533 2982 627 3013 4545.
653 2980 693 3019 22,
731 2982 785 3021 qui
807 2982 841 3012 in
864 2989 921 3011 suo
946 2982 981 3012 L.
1010 2999 1044 3003 —
1075 2982 1141 3012 suis
1169 2982 1286 3013 tabulis
1313 2979 1494 3019 assFGM
1528 2983 1562 3012 et
1592 2982 1641 3012 A:
1678 2980 1795 3011 tabulis
1817 2980 1882 3011 suis

134 3037 213 3061 cum
237 3030 406 3070 Naugerio
431 3030 488 3065 Lss
504 3032 540 3062 Ο.
569 3049 604 3054 —-
630 3032 758 3062 testibus
789 3040 856 3063 om.
883 3029 963 3069 βΜ.
993 3049 1028 3054 -
1062 3031 1092 3063 3.
1118 3031 1260 3062 homines
1284 3029 1417 3070 (lacuna
1441 3030 1627 3062 duodecim
1652 3030 1724 3061 fere
1749 3028 1882 3061 littera-

133 3079 221 3117 rum)
246 3079 302 3110 citi
323 3077 348 3118 β
362 3080 437 3117 ΜΟ,
461 3080 604 3111 homines
626 3081 680 3111 citt
699 3081 782 3120 (sine
801 3080 933 3119 lacuna)
954 3081 975 3112 F
989 3082 1027 3118 A,
1052 3081 1193 3112 homines
1208 3081 1260 3111 cui
1279 3090 1321 3119 α,
1351 3080 1493 3111 homines
1507 3081 1554 3111 uti
1571 3081 1607 3118 G,
1633 3080 1770 3112 hominis
1785 3080 1882 3111 acciti

133 3128 292 3167 Ursinus,
317 3129 455 3161 hominis
477 3131 549 3161 scili
572 3132 648 3162 Ant.
674 3132 904 3171 Augustinus,
940 3131 1077 3162 hominis
1100 3131 1198 3162 alieni
1222 3130 1471 3170 Pantagathus,
1497 3131 1634 3161 hominis
1655 3130 1777 3161 honesti
1800 3139 1882 3162 cum

132 3177 283 3209 Manutio
309 3178 379 3213 [ἓ.
410 3198 442 3202 -
469 3180 499 3211 5.
526 3180 644 3211 chorea
666 3179 748 3218 βΜ.
777 3198 812 3202 ——
839 3180 868 3211 6.
893 3180 1024 3219 plenam
1043 3181 1211 3222 perfidiae]
1238 3181 1331 3212 Haec
1346 3189 1401 3211 vv,
1420 3182 1582 3221 suspecta
1606 3181 1686 3211 sunt
1709 3180 1878 3220 Ernestio,

133 3227 276 3266 Beckio,
302 3228 479 3268 Schutzio,
506 3228 800 3270 Osenbriiggenio.
831 3247 865 3252 —
892 3230 921 3260 7.
943 3230 1178 3268 perscriberem
1200 3239 1316 3262 nomen
1339 3228 1483 3268 αβθΜ
1507 3238 1586 3261 cum
1612 3231 1775 3270 quattuor
1790 3231 1882 3262 Oxo-

132 3276 312 3310 niensibus
344 3280 379 3310 et
406 3282 444 3311 A.
484 3279 692 3311 Emendavit
724 3281 757 3311 P.
785 3279 966 3311 Manutius.
1006 3279 1079 3319 (nal.
1106 3289 1221 3312 nomen
1249 3279 1535 3320 perscriberentP»
1561 3288 1629 3319 mg.
1655 3278 1704 3318 8.)
1731 3297 1766 3302 —
1792 3280 1879 3320 suas]

135 3326 237 3368 falsas
261 3337 297 3361 α.
324 3345 359 3351 -
382 3328 508 3373 profert
531 3328 666 3370 (prefert
689 3328 731 3370 M)
756 3329 883 3361 tabulas
899 3328 1028 3372 profert
1049 3328 1136 3369 βΜ,
1158 3330 1322 3371 proferret
1344 3329 1494 3367 tabulas:
1515 3329 1678 3376 proferret
1700 3330 1740 3365 Α.
