2175 3718
229 256 309 298 ⁴50
718 257 773 295 IN
802 254 1022 295 VERREM
1052 253 1212 294 ACTIO
1245 253 1486 295 SECUNDA

227 367 560 424 pulchritudine,
592 367 665 407 sed
697 379 787 407 eam
820 376 980 406 summa
1002 366 1240 418 integritate
1262 366 1550 419 pudicitiaque
1574 365 1816 404 existimari.
1846 366 1982 407 Homo

227 437 273 472 ut
302 431 405 470 haec
435 429 618 476 audivit,
650 429 709 469 sic
742 429 896 467 exarsit
921 428 972 467 ad
1004 428 1065 474 id,
1098 427 1210 480 quod
1242 441 1326 467 non
1350 427 1473 466 modo
1504 427 1592 480 ipse
1618 439 1849 479 numquam
1870 428 1984 469 vide-

229 498 313 540 rat,
345 493 417 531 sed
448 504 501 530 ne
532 490 725 530 audierat
756 491 925 543 quidem
958 491 1008 529 ab
1041 503 1110 536 eo,
1143 490 1215 542 qui
1247 490 1336 541 ipse
1367 490 1562 536 vidisset,
1594 493 1640 528 ut
1662 487 1799 527 statim
1821 488 1872 527 ad
1893 489 1988 529 Phi-

228 556 441 595 lodamum
473 553 651 605 migrare
684 566 727 592 se
759 553 917 591 diceret
946 552 1065 591 velie.
1111 552 1275 603 Hospes
1306 551 1484 597 Ianitor,
1517 550 1588 604 qui
1622 550 1725 589 nihil
1757 549 1988 602 suspicare-

197 623 314 664 stur,
346 616 504 655 veritus
539 628 592 654 ne
631 615 731 667 quid
772 614 815 652 in
846 614 937 665 ipso
970 628 1013 653 se
1045 613 1350 660 offenderetur,
1385 613 1598 652 hominem
1630 625 1791 652 summa
1820 612 1861 651 vi
1892 612 1989 652 reti-

228 692 327 718 nere
359 678 509 730 coepit.
557 677 662 723 Iste,
695 676 766 729 qui
797 675 977 728 hospitis
1008 674 1273 728 relinquendi
1305 687 1471 715 causam
1502 676 1686 727 reperire
1717 688 1801 713 non
1831 679 1987 727 posset,

229 740 311 779 alia
351 739 430 779 sibi
470 739 632 778 ratione
672 739 781 777 viam
820 737 982 776 munire
1021 737 1072 776 ad
1110 744 1299 789 stuprum
1340 738 1504 790 coepit:
1553 737 1772 782 Rubrium,
1815 736 1987 776 delicias

229 813 346 849 suas,
388 801 431 840 in
463 801 657 840 omnibus
690 799 896 838 eiusmodi
928 799 1051 838 rebus
1084 799 1316 838 adiutorem
1350 812 1470 837 suum
1504 805 1543 839 et
1573 798 1810 844 conscium,
1841 810 1988 850 parum

228 866 339 904 laute
381 863 590 903 deversari
632 862 752 907 dicit3
796 860 847 900 ad
879 860 1168 900 Philodamum
1201 861 1351 900 deduci
1384 860 1509 900 iubet.
1571 860 1635 899 ὃὸ.
1669 860 1793 908 Quod
1824 859 1894 898 ubi
1927 864 1990 899 est

179 938 214 967 ⁴0
229 926 474 966 Philodamo
505 924 764 969 nuntiatum,
796 923 959 962 tametsi
993 929 1080 962 erat
1110 922 1301 975 ignarus,
1335 928 1535 976 quantum
1567 923 1644 962 sibi
1668 935 1714 961 ac
1736 921 1879 960 liberis
1903 920 1989 959 suis

228 989 308 1029 iam
342 994 428 1027 tum
458 987 555 1026 mali
588 986 926 1031 constitueretur,
959 990 1096 1023 tamen
1120 985 1171 1023 ad
1194 985 1319 1024 istum
1341 985 1477 1031 venit3
1510 985 1692 1024 ostendit
1712 997 1864 1022 munus
1887 982 1989 1022 illud

229 1064 350 1090 suum
393 1062 478 1088 non
518 1061 635 1087 esse:
680 1060 744 1093 se,
791 1060 885 1085 cum
918 1060 1016 1086 suae
1055 1052 1194 1099 partes
1226 1052 1365 1086 essent
1394 1047 1609 1098 hospitum
1639 1045 1990 1098 recipiendorum,

229 1118 315 1151 tum
346 1111 460 1163 ipsos
491 1116 630 1149 tamen
660 1113 876 1162 praetores
898 1113 939 1147 et
960 1109 1175 1155 consules,
1210 1122 1290 1148 non
1314 1110 1547 1161 legatorum
1569 1108 1773 1155 asseclas,
1802 1107 1990 1159 recipere

229 1174 377 1212 solere.
436 1174 541 1219 Iste,
577 1171 649 1224 qui
681 1185 766 1209 una
795 1170 1023 1223 cupiditate
1052 1176 1289 1223 raperetur,
1321 1177 1456 1210 totum
1478 1171 1592 1210 illius
1615 1170 1871 1223 postulatum
1894 1182 1991 1208 cau·-

180 1248 215 1277 1¹5
230 1249 404 1289 samque
435 1234 648 1287 neglexit:
678 1247 754 1285 per
785 1233 867 1272 vim
900 1233 950 1272 ad
983 1247 1099 1279 eum,
1132 1234 1204 1286 qui
1236 1234 1423 1286 recipere
1451 1247 1536 1272 non
1559 1232 1758 1279 debebat,
1789 1231 1990 1271 Rubrium

230 1298 380 1337 deduci
413 1297 648 1350 imperavit.
707 1296 859 1334 XXVI.
890 1296 967 1334 Hic
998 1296 1289 1343 Philodamus,
1327 1301 1603 1348 posteaquam
1636 1294 1699 1333 ius
1730 1308 1851 1333 suum
1883 1292 1991 1332 obti-

229 1373 328 1400 nere
360 1373 443 1399 non
476 1359 629 1412 potuit,
661 1362 708 1397 ut
738 1357 1039 1397 humanitatem
1072 1358 1504 1410 consuetudinemque
1537 1369 1653 1396 suam
1685 1355 1902 1401 retineret,
1933 1353 1991 1393 la-

229 1422 415 1461 borabat.
475 1421 634 1467 Homo,
673 1419 745 1473 qui
777 1432 942 1472 semper
971 1419 1326 1471 hospitalissimus
1358 1419 1720 1470 amicissimusque
1752 1421 1991 1455 nostrorum

228 1484 446 1524 hominum
480 1483 743 1524 existimatus
776 1486 904 1528 esset,
945 1482 1082 1521 noluit
1111 1482 1243 1520 videri
1284 1482 1420 1533 ipsum
1453 1481 1571 1519 illum
1603 1479 1803 1518 Rubrium
1835 1478 1990 1517 invitus

179 1560 216 1589 90
233 1546 401 1585 domum
434 1559 550 1586 suam
582 1545 815 1598 recepisse:
848 1542 1064 1597 magnifice
1098 1550 1138 1583 et
1160 1550 1304 1583 ornate
1319 1575 1328 1591 ,
1360 1549 1406 1582 ut
1427 1548 1514 1583 erat
1534 1543 1576 1581 in
1598 1543 1742 1595 primis
1764 1541 1872 1580 inter
1891 1553 1989 1579 suos

230 1608 449 1660 copiosus,
482 1608 723 1648 convivium
755 1612 992 1659 comparat3
1024 1613 1143 1657 rogat
1172 1607 1396 1652 Rubrium,
1428 1611 1494 1652 ut,
1527 1619 1632 1658 quos
1665 1605 1700 1643 ei
1724 1603 1990 1643 commodum

230 1670 305 1716 sit,
338 1670 510 1716 invitet,
543 1671 682 1709 locum
715 1670 793 1708 sibi
826 1669 929 1715 soli,
963 1670 996 1708 si
1018 1670 1232 1715 videatur,
1264 1669 1501 1721 relinquat3
1536 1667 1658 1706 etiam
1691 1665 1819 1705 titium
1853 1678 1991 1711 suum,

230 1732 503 1772 lectissimum
542 1733 874 1779 adolescentem,
912 1732 1022 1771 foras
1062 1733 1112 1771 ad
1156 1732 1439 1784 propinquum
1472 1743 1594 1769 suum
1626 1728 1834 1782 quendam
1866 1727 1992 1766 mittit

229 1795 280 1834 ad
321 1808 478 1834 cenam.
539 1794 604 1834 66.
646 1795 826 1834 Rubrius
866 1795 987 1833 istius
1020 1795 1195 1833 conules
1227 1794 1396 1832 invitat:
1444 1806 1516 1831 cos
1548 1804 1692 1831 omnes
1724 1792 1871 1829 Verres
1903 1802 1990 1828 cer-

178 1869 214 1898 25
229 1857 357 1896 tiores
388 1856 506 1905 facit,
539 1857 641 1910 quid
673 1871 779 1910 opus
812 1862 935 1896 esset.
995 1858 1156 1895 Mature
1188 1856 1388 1894 veniunt:
1422 1853 1708 1893 discumbitur.
1758 1853 1824 1891 Fit
1853 1865 1988 1891 sermo

228 1919 337 1957 inter
366 1931 438 1958 eos
471 1925 512 1959 et
542 1919 755 1966 invitatio,
788 1924 834 1959 ut
865 1920 1023 1958 Graeco
1057 1931 1169 1957 more
1200 1918 1426 1957 biberetur.
1480 1917 1682 1955 Hortatur
1710 1915 1885 1967 hospes:
1917 1927 1991 1966 po-

227 1985 350 2020 scunt
380 1981 610 2021 maioribus
642 1982 827 2034 poculis3
869 1981 1102 2021 celebratur
1132 1980 1318 2019 oninium
1351 1992 1542 2018 sermone
1574 1977 1817 2030 laetitiaque
1849 1975 1991 2015 convi-

225 2042 352 2081 vium.
411 2044 691 2097 Posteaquam
733 2045 834 2083 satis
877 2043 1012 2083 calere
1044 2056 1109 2081 res
1140 2042 1297 2081 Rubrio
1329 2042 1418 2081 visa
1450 2047 1538 2081 est:
1584 2040 1800 2088 «Quaeso,
1831 2038 1990 2092 inquit,

225 2104 492 2152 Philodame,
533 2119 606 2144 cur
646 2105 698 2145 ad
740 2120 816 2145 nos
859 2104 985 2145 liliam
1016 2110 1129 2144 tuam
1163 2118 1247 2143 non
1279 2105 1388 2143 intro
1421 2103 1559 2143 vocari
1594 2103 1779 2142 iubes·2»
1840 2100 1990 2146 Homo,

175 2181 212 2210 30
227 2166 298 2219 qui
330 2171 371 2205 et
402 2181 561 2206 summa
593 2168 795 2220 gravitate
827 2173 868 2207 et
897 2168 978 2207 iam
1011 2168 1051 2206 id
1085 2167 1231 2205 aetatis
1264 2171 1304 2204 et
1334 2179 1483 2217 pareus
1516 2169 1646 2210 esset,
1681 2163 1896 2215 obstupuit
1915 2161 1991 2201 ho-

227 2228 348 2267 minis
381 2229 558 2281 improbi
590 2230 716 2268 dicto.
759 2230 916 2269 Instare
948 2229 1139 2268 Rubrius.
1180 2230 1300 2273 'suun
1331 2232 1377 2266 ut
1406 2227 1564 2279 aliquid
1598 2224 1883 2277 responderet,
1916 2237 1991 2263 ne-

226 2290 338 2339 gavit
358 2290 484 2329 moris
508 2304 598 2331 esse
622 2292 889 2337 Graecorum,
911 2296 957 2329 ut
978 2291 1020 2329 in
1044 2290 1236 2329 convivio
1260 2290 1445 2328 virorum
1467 2288 1759 2327 accumberent
1777 2286 1986 2325 mulieres.

226 2351 304 2390 llic
336 2356 422 2390 tum
447 2352 555 2391 alius
588 2366 639 2391 ex
669 2353 750 2391 alia
781 2357 916 2405 parte:
959 2353 1103 2391 «Enim
1138 2365 1236 2391 vero
1260 2351 1476 2390 ferendum
1506 2350 1585 2389 hoc
1608 2349 1775 2402 quidem
1800 2362 1883 2388 non
1906 2354 1986 2388 est:

225 2419 398 2453 vocetur
429 2414 636 2453 mulieri»
671 2420 711 2454 et
742 2415 866 2453 simul
898 2415 1028 2454 servis
1061 2414 1147 2453 suis
1177 2413 1376 2458 Rubrius,
1408 2418 1454 2451 ut
1485 2412 1650 2451 ianuam
1684 2410 1927 2449 clauderent
1949 2416 1989 2449 et

175 2475 306 2528 35ipsi
347 2476 398 2514 ad
437 2475 547 2515 fores
586 2477 849 2524 assisterent,
890 2477 1078 2529 imperat.
1151 2474 1216 2514 (57.
1249 2475 1372 2523 Quod
1406 2474 1474 2513 ubi
1508 2474 1577 2512 ille
1609 2472 1816 2512 intellexit
1848 2472 1889 2511 id
1921 2473 1986 2525 agi

225 2543 352 2590 atque
384 2537 426 2576 id
457 2538 613 2590 parari,
656 2544 702 2578 ut
732 2537 840 2578 filiae
872 2552 970 2578 suae
1004 2540 1064 2577 vis
1097 2538 1336 2583 afferretur,
1379 2549 1521 2575 servos
1553 2549 1652 2575 suos
1684 2535 1734 2574 ad
1767 2548 1810 2574 se
1840 2540 1986 2574 vocat:

224 2600 290 2639 bis
322 2600 518 2652 imperat,
550 2606 596 2640 ut
625 2614 668 2640 se
702 2601 838 2653 ipsum
870 2602 1102 2653 negligant,
1147 2599 1273 2638 tiliam
1305 2599 1553 2645 ‹lesendant3
1597 2601 1791 2636 excurrat
1819 2596 1987 2649 aliquis,

227 2662 299 2716 qui
344 2662 423 2702 hoe
470 2667 630 2702 tantum
679 2663 899 2703 domestici
939 2663 1035 2702 mali
1074 2663 1159 2701 tilio
1202 2661 1377 2701 nuntiet.
1439 2660 1603 2699 Clamor
1634 2659 1794 2698 interea
1825 2656 1869 2698 fit
1900 2663 1988 2698 tota

227 2725 365 2773 domo,
396 2738 536 2778 pugna
566 2725 674 2764 inter
704 2739 847 2765 servos
878 2725 1022 2764 Rubrii
1054 2730 1180 2778 atque
1209 2723 1409 2776 hospitis:
1442 2723 1618 2762 iactatur
1649 2721 1760 2760 domi
1792 2733 1892 2760 suae
1924 2720 1989 2760 vir

312 2873 343 2903 5.
370 2872 402 2902 in.
431 2871 502 2911 ipso
525 2879 557 2901 se
579 2872 796 2910 offenderetur
820 2872 860 2902 Gl
881 2872 934 2909 Ἐς
959 2871 996 2902 C.
1024 2870 1092 2902 Pal.
1120 2879 1186 2911 pr„
1214 2868 1277 2900 at:
1308 2869 1339 2899 in
1367 2869 1433 2907 ipso
1457 2877 1488 2898 se
1511 2868 1679 2907 offenderil
1703 2867 1746 2900 al.
1776 2886 1810 2890 —
1838 2868 1889 2900 40.
1915 2872 1987 2898 erat

225 2923 362 2962 imarus
387 2922 404 2953 3
430 2923 510 2961 ng.
537 2920 597 2951 dtt.
626 2920 714 2951 Non.
740 2929 771 2960 1).
792 2921 886 2951 273.:
912 2924 983 2951 crat
1008 2929 1070 2951 nou
1094 2920 1160 2958 ifsn.
1181 2919 1302 2955 Mein.;
1328 2928 1391 2948 non
1416 2921 1487 2949 crat
1510 2919 1577 2956 ἧφι.
1604 2919 1644 2948 Gt
1665 2917 1743 2950 2211.
1766 2936 1800 2940 —
1829 2919 1880 2950 ll.
1906 2918 1986 2948 mali

225 2980 294 3002 (un.
323 2972 368 3001 (313
383 2981 414 3009 ς.
442 2970 483 3001 cf.
513 2970 543 3009 g.
564 2970 635 3001 GL:
660 2970 742 3001 mali
767 2971 833 3001 iam
856 2974 924 3001 tum
949 2972 993 3007 L}
1021 2973 1150 3001 lantum
1172 2969 1251 2999 mali
1270 2969 1313 3003 }l;
1342 2969 1407 2998 iam
1431 2972 1498 2998 tum
1516 2967 1582 2998 del.
1603 2968 1645 2999 de
1664 2969 1742 2999 lirn.
1761 2969 1849 2999 coni.
1869 2968 1982 2999 Schtz.

226 3021 324 3061 prol».
353 3021 434 3051 Rau.
461 3020 501 3050 ΙΙ.
531 3028 561 3059 p.
590 3020 641 3049 (32.
681 3019 774 3050 «Sed
801 3021 978 3060 egregium
1003 3019 1139 3059 vulgata
1165 3027 1309 3050 sonsum
1335 3017 1500 3058 praehet:
1527 3020 1654 3057 quanta
1680 3016 1850 3049 malorum
1875 3017 1984 3049 series

226 3079 264 3100 cx
292 3070 365 3109 ipso
391 3068 445 3099 illo
470 3069 538 3099 iam
564 3070 730 3108 temporis
756 3072 903 3109 puncto,
931 3078 999 3109 quo
1025 3068 1173 3100 Rubrius
1198 3068 1241 3099 ad
1265 3077 1302 3098 se
1328 3067 1499 3098 adductus
1522 3070 1631 3105 esset,
1658 3067 1722 3098 sibi
1748 3067 1780 3097 in
1805 3068 1983 3107 posterum

227 3121 506 3160 praepararetur.
534 3117 604 3148 lloe
622 3117 751 3150 librarii
769 3128 849 3150 cum
869 3128 934 3150 non
954 3117 1196 3157 intelligerent,
1214 3117 1308 3147 varie
1328 3116 1543 3147 turbarunt.»
1559 3116 1615 3146 On.
1645 3116 1724 3154 (Ego
1742 3115 1877 3146 malim:
1903 3115 1985 3145 mali

226 3171 304 3198 cum
325 3168 443 3206 Hau.)
461 3185 496 3190 —
517 3175 636 3199 munus
652 3177 747 3199 sumn
765 3170 843 3199 illud
861 3170 901 3199 Gt
923 3179 930 3206 ;
958 3168 1001 3199 ill.
1020 3177 1063 3198 m.
1081 3177 1106 3199 s.
1127 3168 1185 3198 Ge.
1205 3183 1238 3188 —
1259 3166 1310 3197 ΞΟ.
1334 3166 1463 3196 domum
1481 3166 1526 3196 (53
1540 3175 1561 3203 ς
1575 3165 1663 3204 Lg29
1681 3165 1718 3196 C.
1746 3164 1788 3195 cf.
1808 3174 1840 3205 p.
1859 3165 1983 3196 Archia

228 3217 258 3256 ἓ.
277 3218 322 3248 5.
348 3217 381 3247 in
397 3217 528 3248 domum
553 3216 615 3248 dtt.
635 3218 715 3248 t).—
746 3218 794 3249 2²2.
820 3219 878 3249 siet
898 3219 984 3249 Non.
1003 3227 1037 3258 p.
1057 3218 1129 3248 321.
1151 3216 1206 3247 ed.
1228 3217 1346 3251 Merc.;
1374 3215 1459 3246 aliae
1479 3215 1558 3245 edd.
1577 3215 1628 3245 sit.
1650 3232 1684 3236 —
1712 3215 1763 3246 30.
1782 3214 1933 3253 obstipuit
1949 3212 1980 3245 λ.

231 3284 263 3287 -—
292 3266 342 3296 3¹.
369 3269 437 3296 lum
460 3270 495 3296 ut
519 3267 560 3297 Gt
581 3267 597 3296 ¹2
613 3263 687 3304 λςῑ
714 3270 782 3298 tum
806 3267 857 3298 ille
880 3271 914 3298 ut
938 3267 999 3298 dtt.
1020 3268 1055 3297 O.
1080 3285 1112 3288 -
1140 3265 1192 3297 33.
1219 3266 1277 3296 hoc
1300 3265 1428 3303 quidem
1453 3265 1494 3295 Gt
1516 3265 1565 3301 ἒς
1580 3264 1667 3303 Lg20
1682 3264 1705 3295 C
1724 3272 1729 3293 :
1757 3263 1886 3302 quidem
1909 3272 1980 3294 om.

228 3315 290 3346 dtt.
317 3315 438 3346 Donat.
455 3315 498 3347 ad
511 3315 588 3347 Ter.
608 3315 713 3348 Andr.
735 3317 758 3347 Ι.
778 3316 808 3352 3,
829 3317 857 3347 4.
876 3333 911 3339 -
931 3316 982 3348 38.
999 3316 1066 3357 filio
1085 3317 1124 3345 (ll
1147 3316 1163 3346 2
1178 3326 1197 3352 ς
1216 3316 1294 3354 Lgsv.
1314 3323 1453 3346 omnes:
1478 3314 1546 3354 filio
1558 3322 1615 3344 suo
1631 3312 1672 3344 al.
1690 3314 1726 3344 O.
1746 3329 1780 3335 —
1802 3313 1853 3344 39.
1873 3313 1979 3352 durno,

224 3373 339 3405 puyna
362 3363 472 3396 Rufin.
493 3365 535 3397 de
561 3365 637 3408 Iigg.
656 3367 681 3398 Ι.
701 3367 768 3398 36.:
794 3367 907 3399 domo:
926 3369 1101 3407 Ραῃηαιιιν
1123 3366 1211 3398 coni.
1232 3367 1302 3396 Rau
1316 3365 1354 3396 11.
1374 3373 1408 3407 p.
1428 3364 1493 3402 63.;
1508 3372 1623 3405 pugna
1640 3372 1708 3396 om.
1729 3372 1851 3396 omnes
1876 3363 1978 3396 codd.
