2143 3713
556 247 651 288 Cn.
681 244 1105 286 xxxJI—xxxw.
1142 241 1216 297 §§.
1245 240 1438 283 87—92.
1793 235 1874 277 635

136 372 364 413 agrumque
404 359 560 399 civibus
590 356 862 403 ademissent,
902 362 1040 396 tamen
1075 368 1158 395 non
1190 353 1352 400 defore,
1395 354 1467 406 qui
1505 353 1575 393 illa
1612 353 1879 392 restituerent

137 427 259 475 atque
285 418 385 474 [qui]
409 421 546 460 omnia
565 424 659 460 ante
681 424 991 466 commutarent,
1022 430 1146 470 quam
1167 430 1241 456 nos
1262 416 1404 455 audire
1426 428 1665 468 possemus:
1695 413 1761 453 hic
1781 426 1877 452 vero

138 485 178 523 iu
210 483 342 522 oculis
372 487 540 523 senatus
569 479 798 534 populique
820 480 994 519 Romani
1023 479 1126 519 nihil
1151 491 1274 531 posse
1294 478 1516 524 exsistere,
1547 476 1658 530 quod
1681 489 1763 515 non
1785 479 1878 514 ante

137 544 342 597 exstingui
382 549 507 597 atque
550 541 727 594 opprimi
771 548 933 593 posset,
980 554 1102 595 quam
1134 540 1255 592 plane
1286 544 1476 578 exortum
1507 552 1553 578 ac
1585 543 1724 577 natum
1756 542 1878 576 esset.

136 608 281 659 Neque
319 618 417 645 vero
457 617 505 644 ea
543 616 609 642 res
649 602 794 642 fefellit
823 604 1014 643 homines
1045 603 1184 641 divina
1214 606 1350 641 mente
1383 606 1424 640 et
1452 600 1623 640 consilio
1655 597 1910 651 praeditos.5

136 670 239 707 Nam
270 673 363 720 post
393 667 442 714 Q.
463 665 653 705 Fulvium
685 665 735 712 Q.
756 666 927 704 Fabium
959 664 1174 710 consules,
1206 663 1357 716 quibus
1386 662 1626 702 consulibus
1649 660 1788 712 Capua
1809 659 1880 697 de-

137 730 240 768 victa
275 734 400 781 atque
439 731 557 780 capta
597 732 679 773 est,
717 727 819 766 nihil
858 733 918 767 est
948 728 990 766 in
1022 726 1091 765 illa
1122 725 1221 764 urbe
1254 730 1398 764 contra
1427 724 1533 764 hanc
1563 736 1647 762 rem
1678 720 1879 774 publicam

136 805 219 831 non
259 790 350 829 dico
385 788 557 835 factum,
599 788 672 827 sed
710 788 813 827 nihil
855 789 1023 829 omnino
1055 793 1117 827 est
1146 786 1380 839 cogitatum.
1439 785 1570 825 Multa
1598 788 1743 836 postea
1771 781 1881 820 bella

135 858 249 905 gesta
278 865 369 891 cum
398 850 588 901 regibus,
630 850 843 903 Philippo,
874 849 1100 896 Antiocho,
1142 849 1286 895 Persa,
1316 846 1695 900 Pseudophilippo,
1725 844 1882 883 Aristo-

135 915 247 960 nico,
277 911 510 952 Mithridate
543 917 583 951 et
614 913 779 959 ceteris3
811 912 939 952 multa
967 916 1180 965 praeterea
1201 910 1310 949 bella
1331 909 1490 962 gravia,
1522 906 1881 959 Karthaginiense,
1900 913 1930 941 to

136 975 411 1020 Corinthium,
440 974 761 1021 Numantinum3
793 974 946 1014 multae
977 974 1019 1012 in
1050 974 1127 1013 hac
1158 985 1200 1011 re
1232 971 1399 1024 publica
1424 969 1653 1010 seditiones
1685 968 1882 1007 domesti-

133 1050 226 1083 cae,
257 1048 358 1087 quas
387 1035 696 1088 praetermitt03
737 1035 847 1075 bella
878 1050 968 1076 cum
1000 1036 1145 1082 sociis,
1176 1033 1486 1085 Fregellanum,
1516 1031 1757 1072 Marsicum:
1790 1029 1882 1082 qui-

131 1100 209 1138 hus
240 1097 430 1137 omnibus
462 1096 698 1137 domesticis
731 1098 998 1150 externisque
1028 1097 1150 1137 bellis
1183 1096 1323 1149 Capua
1353 1108 1436 1135 non
1466 1094 1589 1134 modo
1619 1106 1703 1132 non
1734 1090 1881 1136 obfuit,

131 1160 204 1200 sed
235 1152 629 1212 opportunissimam
660 1171 703 1198 se
734 1159 854 1198 nobis
883 1159 1072 1212 praebuit
1102 1164 1142 1198 et
1172 1158 1222 1198 ad
1252 1157 1409 1197 bellum
1438 1155 1729 1196 instruendum
1760 1159 1800 1194 et
1829 1152 1880 1192 ad

131 1222 337 1262 exercitus
379 1220 586 1260 ornandos
625 1226 666 1260 et
707 1221 824 1261 tectis
855 1234 902 1260 ac
933 1221 1102 1261 sedibus
1133 1221 1217 1260 suis
1247 1220 1524 1272 recipiendos.
1583 1214 1649 1257 91.
1678 1216 1930 1257 Homines⁴5

130 1297 215 1323 non
245 1284 408 1322 inerant
436 1282 478 1321 in
498 1283 621 1330 urbe,
654 1283 726 1335 qui
750 1283 868 1322 malis
890 1283 1175 1330 contionibus,
1207 1281 1456 1322 turbulentis
1478 1285 1645 1321 senatus
1667 1278 1881 1324 consultis,

130 1345 283 1397 iniquis
314 1343 497 1397 imperiis
528 1357 613 1383 rem
644 1344 853 1396 publicam
883 1345 1106 1384 miscerent
1136 1350 1177 1384 et
1213 1357 1351 1384 rerum
1380 1356 1580 1383 novarum
1611 1354 1777 1382 causam
1807 1338 1882 1379 ali-

130 1419 254 1460 quam
294 1410 553 1459 quaererent.
612 1407 758 1459 Neque
796 1408 906 1446 enim
948 1406 1213 1446 contionandi
1251 1410 1436 1458 potestas
1466 1410 1554 1451 erat
1582 1405 1775 1457 cuiquam
1804 1414 1882 1440 nec

129 1469 292 1510 consilii
322 1469 517 1521 capiundi
547 1469 728 1522 publici;
770 1482 853 1509 non
883 1468 1038 1521 gloriae
1070 1468 1294 1522 cupiditate
1326 1467 1626 1514 efferebantur,
1663 1470 1885 1519 propterea

129 1531 263 1586 quod,
293 1530 365 1570 ubi
395 1530 531 1571 honos
561 1531 727 1584 publice
757 1545 839 1571 non
871 1536 955 1578 est,
987 1531 1044 1570 ibi
1075 1531 1230 1583 gloriae
1252 1531 1457 1583 cupiditas
1488 1543 1578 1569 esse
1607 1542 1693 1569 non
1723 1531 1930 1581 potest;i¹0

128 1608 213 1635 non
244 1593 536 1640 contentione,
567 1606 653 1632 non
683 1594 908 1633 ambitione
939 1592 1166 1633 discordes.
1211 1593 1321 1633 Nihil
1351 1593 1460 1633 enim
1491 1597 1704 1645 supererat
1725 1591 1775 1630 de
1797 1602 1881 1644 quo

129 1661 354 1702 certarent,
385 1654 489 1694 nihil
523 1655 636 1708 quod
668 1660 811 1695 contra
839 1660 1050 1708 peterent,
1081 1655 1185 1694 nihil
1206 1655 1278 1695 ubi
1299 1654 1561 1695 dissiderent.
1602 1655 1746 1707 Itaque
1767 1652 1880 1692 illam

132 1719 382 1770 Campanam
424 1723 684 1769 arrogantem
723 1722 848 1770 atque
886 1717 1190 1757 intolerandam
1219 1717 1418 1757 ferociam
1447 1717 1607 1757 ratione
1639 1723 1679 1756 et
1709 1714 1882 1755 consilio

129 1780 306 1821 maiores
346 1779 475 1818 nostri
514 1778 566 1818 ad
606 1779 901 1819 inertissimum
937 1792 984 1819 ac
1015 1779 1393 1820 desidiosissimum
1422 1780 1552 1820 otium
1581 1778 1882 1833 perduxerunt.

130 1842 198 1882 Sic
228 1845 269 1880 et
299 1839 554 1880 crudelitatis
585 1840 795 1881 infamiam
828 1842 1086 1894 effugerunt,
1118 1843 1229 1896 quod
1259 1843 1402 1883 urbem
1434 1856 1487 1882 ex
1510 1842 1629 1882 Italia
1657 1840 1930 1895 pulcherri-25

129 1917 236 1943 inam
267 1915 350 1942 non
381 1903 658 1950 sustulerunt,
691 1909 731 1943 et
760 1903 938 1943 multum
968 1904 1012 1943 in
1041 1909 1255 1956 posterum
1285 1905 1578 1958 providerunt,
1610 1904 1721 1957 quod
1742 1903 1880 1943 nervis

130 1965 320 2006 omnibus
358 1965 461 2004 urbe
499 1967 676 2005 exsectis
706 1965 849 2005 urbem
879 1967 1011 2018 ipsam
1043 1967 1218 2006 solutam
1249 1980 1294 2007 ac
1326 1967 1579 2008 debilitatam
1608 1967 1881 2020 reliquerunt.

129 2028 320 2067 XXXIV.
352 2025 418 2066 92.
450 2027 561 2067 Haec
592 2028 764 2067 consilia
794 2029 994 2068 maiorum
1024 2030 1077 2068 M.
1109 2030 1255 2076 Bruto,
1290 2034 1335 2069 ut
1365 2035 1486 2069 autea
1517 2029 1626 2077 dixi,
1656 2028 1881 2081 reprehen-

131 2089 267 2130 denda
300 2086 357 2141 [et
386 2090 429 2128 P.
460 2086 596 2142 Rullo]
630 2090 716 2129 visa
747 2096 863 2137 sunt,
894 2104 1032 2144 neque
1064 2098 1124 2138 te,
1156 2093 1199 2131 P.
1230 2092 1370 2139 Rulle,
1413 2092 1551 2132 omina
1582 2092 1652 2130 illa
1682 2091 1735 2130 M.
1765 2090 1880 2129 Bruti

128 2157 254 2205 atque
285 2151 472 2204 auspicia
503 2165 526 2190 a
556 2151 678 2191 simili
708 2151 848 2191 furore
879 2153 1101 2193 deterrent.
1160 2155 1262 2193 Nam
1294 2160 1333 2194 et
1363 2155 1475 2208 ipse,
1517 2154 1586 2207 qui
1617 2152 1810 2200 deduxit,
1841 2158 1929 2193 et30

129 2215 200 2267 qui
238 2214 521 2267 magistratum
563 2214 726 2267 Capuae
767 2214 838 2253 illo
870 2221 1037 2255 creante
1068 2222 1288 2269 ceperunt,
1329 2221 1369 2256 et
1402 2217 1474 2270 qui
1505 2217 1686 2270 aliquam
1719 2220 1879 2269 partem

128 2276 241 2316 illius
273 2275 561 2323 deductionis,
599 2275 792 2323 honoris,
825 2278 1006 2317 muneris
1038 2279 1282 2331 attigerunt,
1315 2292 1458 2319 omnes
1489 2278 1776 2319 acerbissimas
1805 2278 1880 2316 im-

127 2339 291 2392 piorum
321 2351 480 2391 poenas
511 2338 784 2390 pertulerunt.
842 2339 894 2379 Et
923 2341 1123 2393 quoniam
1153 2341 1267 2380 Bruti
1298 2346 1421 2395 atque
1451 2341 1564 2381 illius
1585 2340 1782 2394 temporis
1802 2338 1879 2379 feci

127 2400 405 2448 mentionem,
447 2400 778 2440 commemorabo
815 2400 882 2449 id,
923 2401 1034 2455 quod
1075 2408 1240 2455 egomet
1274 2403 1382 2451 vidi,
1423 2416 1515 2442 cum
1555 2402 1763 2443 venissem
1807 2401 1880 2441 Ca-

127 2475 274 2516 puam,
306 2462 512 2502 coloniam
544 2462 764 2502 deductam
795 2463 839 2502 L.
873 2462 1070 2505 Considio
1103 2470 1143 2504 et
1174 2465 1269 2504 Sex.
1301 2465 1450 2513 Saltio,
1483 2478 1607 2519 quem
1636 2464 1688 2505 ad
1710 2464 1879 2505 modum
1893 2472 1929 2502 35

213 2611 245 2643 ⁵2.
270 2614 368 2651 atque
391 2611 456 2652 Qui]
481 2615 578 2650 atque
595 2620 663 2651 mg.
687 2610 719 2644 Q.
742 2630 774 2633 —
803 2613 913 2643 omnia
936 2616 1012 2644 ante
1035 2613 1079 2644 E:
1106 2617 1182 2644 ante
1204 2614 1315 2645 onmia
1338 2614 1437 2646 FAL
1452 2611 1471 2646 Q
1486 2614 1522 2644 O.
1544 2631 1578 2635 —
1606 2614 1880 2645 communitarent

127 2662 199 2693 EF.
228 2677 263 2683 —
297 2660 329 2693 4.
355 2665 432 2693 esset
460 2670 529 2693 οη).
556 2662 616 2693 EF
630 2664 668 2693 A.
703 2662 841 2693 Addidit
865 2663 936 2694 Nlo.
962 2662 1135 2703 Angelius,
1170 2681 1203 2685 —
1237 2664 1267 2695 6.
1295 2663 1352 2696 Cn.
1378 2664 1529 2695 Fuit-ium
1560 2664 1617 2695 Cn.
1643 2664 1823 2703 Sulpiciam
1856 2665 1879 2695 L

125 2709 202 2742 coll.
227 2712 297 2742 LiV.
322 2711 435 2743 XXVI.
461 2712 588 2742 1t.—7.
614 2712 671 2742 illa
694 2712 770 2743 urbe
795 2712 819 2743 E
836 2713 915 2743 FP:
942 2721 980 2743 ea
998 2713 1153 2744 urbeAL
1169 2711 1191 2746 ἓ
1206 2713 1243 2744 Ο.
1261 2730 1296 2735 -
1312 2713 1343 2745 8.
1369 2713 1423 2744 sed
1447 2713 1525 2744 nihil
1549 2714 1679 2744 omnino
1703 2714 1873 2754 excogita-

124 2764 193 2792 tum
214 2760 261 2797 A;
295 2761 348 2792 sed
381 2762 511 2793 omnino
539 2763 761 2802 eaecoyitatum
796 2770 875 2793 cum
901 2761 956 2793 ed.
984 2763 1118 2793 Iuntina
1143 2759 1180 2799 (ἐς
1206 2763 1259 2793 sed
1282 2763 1412 2793 omnino
1435 2763 1614 2803 cogitatum
1642 2771 1723 2794 cum
1749 2763 1880 2793 Laure-

125 2810 215 2841 dano
249 2810 286 2842 O.
322 2828 356 2832 ——
390 2812 442 2843 40.
474 2811 728 2852 Carthayinense
756 2814 802 2843 A:
839 2812 1127 2851 Karlaqiiiensium
1152 2813 1175 2843 E
1194 2813 1235 2844 F:
1272 2813 1597 2853 Karthaginiensium
1626 2810 1665 2850 ἒς
1703 2813 1879 2853 Carthayi-

122 2861 231 2892 niense
253 2860 308 2891 III.
334 2860 570 2893 Lauredanus.
591 2880 625 2884 -
655 2863 706 2893 Μ.
731 2862 792 2892 hac
819 2871 861 2900 .p.
887 2863 923 2893 R.
952 2862 989 2892 1³:
1015 2862 1073 2892 hoc
1099 2871 1142 2900 ,μ
1165 2862 1200 2893 R.
1226 2862 1263 2893 E.
1284 2879 1319 2884 —
1347 2862 1398 2893 43.
1425 2862 1605 2893 domesticis
1628 2862 1746 2893 italicis
1767 2866 1879 2893 πίεν-

124 2910 236 2949 nisque
258 2910 330 2941 FP.
358 2926 393 2930 —
426 2910 477 2942 1¹4.
503 2913 790 2950 oportunissimam
813 2912 886 2943 EF.
916 2929 950 2934 —-
983 2912 1027 2942 ad
1049 2912 1170 2942 ercitus
1193 2911 1228 2942 E.
1257 2929 1291 2932 —
1331 2912 1383 2942 45.
1409 2911 1460 2950 ac]
1485 2921 1506 2942 α
1530 2912 1602 2943 EF.
1631 2929 1666 2934 —
1693 2911 1745 2942 «¹6.
1771 2912 1876 2952 malis]

124 2959 213 2990 bonis
236 2959 269 2990 F.
291 2975 325 2979 —
352 2960 587 2991 conditionibus
609 2962 633 2993 E
648 2963 682 2993 F.
704 2980 739 2984 —
766 2962 818 2992 2¹7.
845 2961 995 3000 aliquam
1011 2969 1081 2992 om.
1101 2962 1138 2992 E.
1160 2979 1196 2984 —
1224 2962 1275 2993 ⁶22.
1296 2962 1382 3001 quod
1397 2965 1611 3001 competerent
1627 2962 1663 2993 T.
1685 2979 1719 2983 —
1746 2962 1798 2992 ΞΒ,
1818 2971 1879 2993 ar-

123 3010 293 3048 rogantem
316 3008 395 3039 EF:
433 3011 664 3050 arrogantiam
694 3013 721 3042 Α
735 3012 758 3042 L
773 3008 792 3042 <3
807 3012 843 3041 Ο.
877 3028 912 3032 —-
940 3010 993 3041 24.
1019 3020 1059 3041 ac
1083 3011 1106 3041 E
1121 3012 1160 3041 1³:
1188 3015 1216 3042 et
1240 3014 1265 3043 A
1281 3013 1303 3043 L
1319 3011 1340 3045 ἓ
1355 3012 1391 3043 O.
1419 3029 1454 3033 —
1482 3012 1535 3043 27.
1561 3011 1708 3043 omnibus
1730 3011 1809 3042 urbe
1832 3012 1874 3043 E:

124 3057 212 3089 urbis
226 3057 372 3089 ominibus
387 3059 506 3089 ceteri.
524 3077 558 3081 —
583 3061 731 3100 eaesectis]
755 3060 860 3092 eiectis
874 3059 898 3090 E
915 3060 935 3090 1³
952 3060 977 3089 G
990 3061 1026 3090 P.
1053 3059 1259 3092 Emendavit¹
1283 3061 1355 3092 Nic.
1374 3061 1548 3100 Angelius.
1576 3062 1625 3093 Cf.
1645 3062 1715 3092 Liv.
1734 3061 1803 3092 VII.
1822 3061 1875 3092 39.

127 3124 162 3128 —-
178 3107 231 3138 28.
250 3111 324 3138 ante
340 3108 374 3138 F.
391 3125 435 3129 —
457 3108 510 3139 ΞΘ.
529 3112 558 3140 et
572 3110 606 3140 P.
626 3110 718 3141 Rullo
741 3109 884 3141 insiticia
911 3108 995 3139 mihi
1010 3108 1228 3140 videntur.—
1256 3110 1376 3151 omina]
1405 3111 1515 3141 omnia
1531 3111 1555 3142 E
1569 3111 1591 3142 F
1606 3114 1643 3142 A.
1671 3111 1877 3143 Emendavit

124 3156 195 3187 Nic.
220 3156 393 3196 Angelius.
422 3176 456 3179 —
491 3159 543 3190 3¹.
570 3159 702 3199 Capuae
733 3160 786 3191 illo
809 3161 941 3190 creante
964 3157 1163 3189 Turnebus:
1195 3168 1303 3198 capua
1333 3159 1442 3191 locare
1471 3165 1547 3191 ante
1570 3161 1612 3194 E:
1644 3170 1753 3200 capua
1777 3165 1806 3193 et
1828 3162 1877 3193 lo-

123 3206 248 3237 creanti
271 3206 347 3244 FG;
373 3216 482 3247 capua
505 3211 534 3239 et
556 3208 722 3240 locreariti
745 3211 786 3246 P;
814 3209 927 3247 Capua
944 3210 973 3238 ct
988 3208 1178 3239 Leocreanti
1193 3210 1238 3246 A}
1266 3209 1398 3248 Capuae
1413 3213 1443 3240 ec
1457 3210 1648 3241 Leocreanti
1672 3212 1694 3241 L
1708 3208 1783 3242 QO:
1811 3211 1877 3242 Ca-

120 3263 209 3294 puae
230 3264 269 3286 ea
292 3256 358 3297 leye
381 3258 482 3288 creati
506 3259 542 3288 P.
568 3258 754 3295 Manutius;
790 3258 922 3298 Capuae
944 3266 980 3288 eo
1003 3258 1130 3290 locante
1153 3258 1277 3290 Orellio
1301 3261 1442 3291 auctore
1467 3258 1628 3291 Klotzius.
1667 3260 1717 3292 Cf.
1743 3260 1876 3292 Madvi-

125 3304 218 3343 gium
245 3305 355 3337 Philol.
385 3306 582 3338 Schneidew.
609 3308 648 3339 11.
673 3316 707 3349 p.
734 3307 807 3340 44¹.
848 3326 883 3330 —
920 3308 971 3339 32.
1002 3307 1211 3349 deductionis]
1244 3309 1414 3341 deditionis
1440 3309 1558 3347 EFG:
1595 3310 1747 3342 deditioni
1771 3311 1806 3345 P.
1835 3328 1872 3335 —-

125 3352 176 3385 33.
202 3353 292 3385 Fort.
318 3356 474 3394 quoniam
495 3357 542 3388 M.
567 3357 673 3388 Bruti.
701 3374 736 3379 —-
764 3356 815 3389 35.
841 3358 949 3389 consto
973 3357 1033 3388 EF
1047 3358 1081 3388 P.
