2143 3713
844 630 899 688 M.
936 629 1122 688 TULLII
1158 629 1459 690 CICERONIS

369 781 976 839 ORATIONIS
1044 781 1252 838 PRO
1315 782 1397 838 Μ.
1456 779 1940 838 FONTEM)

866 933 1024 976 QUAE
1071 931 1429 969 SUPERSUNT.

1021 1068 1288 1101 RECOGNOVIT

764 1184 1117 1225 cARoLus
1159 1186 1544 1226 HALMlus.

861 1485 1100 1522 NOTARUM
1126 1484 1443 1523 EXPLICATIO.

277 1578 302 1609 P
327 1594 359 1605 z
384 1574 631 1615 Palimpsestus
654 1572 856 1611 Vaticanus,
895 1572 975 1605 olim
1006 1573 1180 1605 Palatinus
1203 1573 1332 1610 XXIV„
1366 1582 1405 1603 ex
1432 1580 1500 1612 quo
1525 1572 1723 1602 Nifincnnns
1748 1569 1809 1600 tria
1834 1568 2022 1609 fragmenta

386 1624 548 1656 orationis
573 1622 636 1662 (gg.
665 1622 770 1660 '1—6.)
796 1623 925 1653 Romae
951 1632 980 1653 a.
1011 1622 1103 1653 1820.
1128 1623 1261 1662 primus
1286 1622 1403 1653 edidit.

276 1677 306 1707 V
331 1685 361 1696 τ-
389 1674 498 1706 codex
520 1672 794 1706 vetustissimus,
817 1672 875 1711 qui
899 1672 930 1702 in
948 1670 1117 1702 tabulario
1134 1671 1297 1702 basilicae
1315 1671 1499 1702 Vaticanae
1517 1671 1725 1700 asservatur.
1753 1671 1849 1701 Hunc
1867 1669 2024 1701 codic-ein

385 1725 462 1764 post
488 1723 656 1753 Faernum
682 1721 806 1752 iterum
831 1720 1051 1752 contulerunt
1075 1722 1282 1751 Gsnxroxirs
1310 1722 1343 1751 et
1370 1721 1581 1751 wanmrs,
1617 1720 1728 1758 Atque
1753 1720 1924 1750 Garatonii
1948 1719 2026 1759 qui-

384 1774 465 1805 dem
491 1771 710 1803 collationem
735 1780 777 1802 cx
801 1771 874 1803 eius
898 1771 1037 1803 schedis
1062 1770 1200 1801 ineditis
1224 1778 1313 1810 quae
1331 1770 1515 1800 Ravennae
1533 1769 1667 1798 exstant
1683 1768 1794 1799 Trono
1811 1768 2025 1799 Momismnts

386 1824 417 1854 in
442 1830 544 1853 usum
569 1822 727 1852 nostrum
752 1820 947 1860 descripsit.
992 1818 1180 1852 Collatione
1206 1821 1323 1851 autem
1348 1818 1580 1850 Niebuhriana
1606 1816 1658 1848 illa
1683 1817 1737 1848 usi
1760 1825 1899 1857 sumus,
1935 1826 2025 1858 quae

385 1874 494 1904 exstat
525 1873 558 1903 in
591 1869 750 1910 exemplo
780 1870 940 1902 editionis
971 1870 1242 1907 Garatonianae,
1279 1868 1373 1909 quod
1399 1868 1449 1898 vir
1477 1875 1635 1899 summus
1659 1866 1881 1906 possederat,
1919 1868 2026 1908 ipsius

384 1931 489 1954 manu
514 1930 556 1953 ex
580 1920 703 1952 codice
728 1919 918 1961 descripta,
945 1922 978 1951 et
1003 1918 1186 1951 nobiscum
1212 1928 1230 1949 a
1254 1927 1286 1949 v.
1314 1917 1355 1948 cl.
1377 1918 1556 1948 Cuissnxio
1580 1916 1843 1957 perhumaniter
1867 1924 2028 1948 commu-

385 1973 495 2004 nicata
520 1972 583 2002 est.
621 1971 696 2002 Non
720 1978 908 2011 possumus
933 1970 1025 2001 enim
1049 1967 1201 2010 probare
1220 1967 1314 2008 quod
1332 1966 1541 1999 Niebuhrius
1567 1967 1806 1998 «monstrosas
1823 1966 2024 2006 scripturas,

384 2021 511 2063 quibus
546 2019 627 2052 nihil
662 2020 802 2052 omnino
836 2019 918 2051 boni
953 2019 1101 2051 subesse
1137 2019 1292 2059 potest»,
1330 2019 1366 2048 ut
1396 2018 1442 2048 ait
1474 2017 1507 2048 in
1535 2016 1639 2047 Oratt.
1669 2026 1704 2056 p.
1730 2017 1776 2047 M.
1801 2016 1932 2048 Fonteio
1958 2017 2023 2048 cet.

381 2070 575 2112 fragmentis
599 2078 632 2110 p.
659 2069 747 2107 ΜΞ.γ
773 2068 903 2100 codicis
928 2069 1082 2109 primarii
1106 2067 1314 2099 omittendas
1339 2067 1488 2108 pinax-in
1524 2075 1604 2098 nam
1627 2066 1743 2097 insunt
1765 2066 1798 2096 in
1822 2064 2027 2097 lectionibus

384 2120 521 2152 omissis
546 2117 736 2159 quaedam,
771 2127 812 2149 ex
836 2117 962 2158 quibus
987 2119 1110 2150 cautus
1134 2118 1273 2149 criticus
1296 2117 1415 2157 utique
1440 2116 1590 2148 fructum
1615 2123 1741 2156 capere
1766 2115 1891 2156 possit3
1923 2123 1956 2146 v.
1982 2113 2025 2145 ad

385 2169 436 2210 gg.
462 2168 515 2199 34.
542 2167 594 2198 36.
621 2166 673 2198 40.
699 2165 752 2198 44.

276 2222 297 2252 S
323 2237 354 2249 =
386 2217 498 2250 codex
521 2215 791 2256 salisburgensis
816 2214 947 2248 aulicus
976 2226 1008 2247 n.
1034 2216 1101 2254 342,
1134 2224 1226 2247 nunc
1250 2215 1327 2247 cod.
1354 2216 1426 2246 Lat.
1452 2214 1669 2246 Monacensis
1693 2212 1832 2251 15734„
1867 2212 1910 2244 ab
1935 2213 1959 2244 I.
1986 2213 2023 2244 G.

384 2269 592 2299 KnAnmosno
623 2264 882 2305 diligentissime
907 2264 1062 2298 collatus.
1100 2265 1267 2296 sufficere
1292 2265 1404 2295 visum
1431 2267 1484 2296 est
1508 2273 1548 2295 ex
1572 2264 1713 2304 reliquis
1737 2262 1936 2300 codicibus,
1967 2263 2024 2302 qui

384 2319 520 2358 partem
544 2324 563 2346 a
587 2315 614 2345 V
638 2316 813 2346 servatam
837 2315 1032 2353 continent,
1059 2315 1153 2346 huno
1175 2323 1284 2346 unum
1308 2314 1526 2352 adhibuisse,
1552 2316 1590 2345 ut
1613 2323 1655 2346 ex
1678 2323 1747 2345 uno
1766 2312 1956 2345 collationis
1972 2312 2025 2344 di-

383 2365 527 2406 ligenter
558 2364 668 2396 iactae
700 2364 860 2405 exemplo
892 2367 1075 2405 appareat,
1108 2374 1176 2405 quo
1207 2363 1312 2395 modo
1344 2364 1503 2395 homines
1533 2362 1607 2395 Itali
1629 2363 1663 2395 in
1687 2362 1808 2395 codice
1833 2362 2024 2402 archetypo

383 2416 568 2453 Vaticano,
603 2424 645 2446 ex
668 2423 737 2455 quo
762 2414 914 2455 reliquos
939 2422 1062 2446 omnes
1087 2414 1274 2446 defluxisse
1299 2413 1521 2445 manifestum
1546 2414 1614 2452 est,
1641 2414 1700 2444 aut
1723 2410 1942 2445 emendando
1967 2413 2024 2442 aut

383 2465 536 2496 vitiando
560 2465 688 2496 versati
712 2465 789 2495 sint.

276 2518 300 2549 L
325 2533 359 2544 =
384 2515 488 2547 editio
513 2512 737 2545 Lambiniana
761 2522 792 2544 a.
819 2513 916 2545 4566.

275 2566 300 2597 O
326 2576 358 2587 =
384 2564 488 2597 editio
512 2561 681 2596 Orelliana
705 2571 736 2594 a.
763 2562 857 2594 4826.

276 2729 311 2771 Ι.
358 2728 644 2785 Fraqmenta
675 2740 703 2768 a
733 2724 984 2768 Niebuhrio
1016 2738 1076 2767 εει·
1107 2726 1260 2767 codice
1288 2723 1585 2780 palimpsesto
1627 2722 1850 2765 Vaticano
1882 2723 2022 2764 edita.

386 2820 416 2859 Ι.
449 2816 486 2858 sl.
530 2835 621 2858 ςιμε
655 2816 885 2870 oportuisse
926 2829 977 2856 an
1018 2816 1075 2856 ita
1106 2815 1314 2861 dissolvit,
1355 2820 1401 2854 ut
1437 2828 1578 2853 omnes
1609 2814 1679 2854 alii
1711 2814 2021 2854 dissolverunt?

274 2884 377 2923 Nam
407 2882 465 2921 ita
495 2894 570 2933 ego
592 2879 771 2919 defendo
793 2879 847 2918 M.
868 2879 1108 2925 Fonteium,
1140 2878 1319 2923 iudices,
1350 2877 1493 2930 itaque
1516 2875 1742 2922 contendo,
1774 2880 1867 2928 post
1886 2874 2018 2927 legem

276 2944 482 2985 Valeriam
502 2943 624 2983 latam
641 2970 874 2981 .........
892 2946 931 2980 te
950 2970 959 2980 .
977 2971 986 2980 .
1010 2945 1228 2994 quaestore
1250 2951 1382 2992 usque
1403 2938 1454 2977 ad
1476 2938 1613 2978 Titum
1637 2937 1868 2990 Crispinum
1895 2948 2021 2990 quae—

363 3117 393 3147 4.
418 3115 481 3135 *³⁸⁶*
498 3113 704 3155 oportuisse]
729 3113 874 3144 Litteras
899 3111 1038 3152 oblique
1064 3113 1096 3143 in
1121 3111 1173 3151 gg.
1195 3109 1287 3141 1-6.
1314 3110 1502 3149 impressas
1526 3107 1697 3149 supplevit
1719 3106 1940 3145 Niebuhrius‚
1967 3106 2020 3137 cui

275 3173 364 3205 quae
395 3164 551 3206 proxime
582 3161 841 3203 praecedebant
870 3160 1070 3193 huiusmodi
1101 3160 1204 3191 fuisse
1235 3157 1417 3189 videntur:
1458 3159 1571 3188 Utrum
1600 3158 1668 3187 iam
1697 3156 1786 3187 vobis
1806 3156 1965 3188 videbitur
1985 3156 2020 3186 in

274 3214 422 3246 solvendo
444 3213 547 3244 aliam
570 3219 591 3242 a
614 3212 744 3242 Fonteio
766 3212 928 3242 rationem
951 3210 1051 3242 teneri
1073 3209 1251 3249 oportuisse
1267 3209 1346 3246 cet.,
1373 3206 1474 3239 allato
1498 3206 1643 3244 scilicet,
1669 3207 1706 3237 ut
1730 3214 1769 3237 ex
1792 3204 2019 3245 sequentibus

275 3266 387 3305 patet,
414 3261 558 3296 Hirtulei
582 3259 752 3301 exemplo.
782 3279 816 3283 —-
843 3260 1054 3291 dissolverunt
1077 3257 1303 3290 Niebuhrius:
1337 3256 1647 3288 DISSOLVERINT
1667 3256 1690 3286 P
1715 3256 1749 3286 et
1773 3255 1808 3286 O.
1837 3271 1871 3276 -
1898 3254 1928 3285 3.
1954 3252 2020 3284 La-

276 3320 402 3345 cunam
436 3313 514 3354 post
545 3310 652 3343 laeam
681 3311 731 3343 sic
761 3309 934 3352 supplevit
963 3309 1194 3342 Niebuhrius:
1231 3316 1253 3338 a
1274 3307 1321 3339 M.
1347 3306 1497 3343 Fonteio;
1534 3306 1568 3336 at.
1591 3303 1827 3343 desideratur,
1863 3304 1901 3334 ut
1922 3303 2018 3334 recte
