2143 3713
633 220 727 260 cst.
756 219 1048 260 XLI—nu.
1085 218 1157 273 §§.
1188 215 1359 258 ηοω-4
1377 217 1435 259 18.
1801 217 1880 257 5375

149 347 312 374 causam
352 334 557 378 dicerent,
602 336 732 377 certe,
779 331 812 370 si
853 333 1018 384 propria
1056 332 1146 383 lege
1187 330 1309 370 huius
1339 331 1496 383 peccati
1526 330 1690 370 adducti
1721 335 1880 375 essent,

150 397 277 436 multo
309 396 400 448 plus
431 393 642 433 obfuisset.
708 389 793 431 llli.
825 394 983 432 Deinde
1014 394 1046 432 si
1088 398 1197 433 tanta
1228 393 1288 431 vis
1318 391 1398 431 suit
1425 392 1541 431 istius
1572 393 1777 439 criminis,
1815 398 1880 439 ut,

151 472 229 511 qua
271 457 448 510 quisquc
490 456 578 506 lege
610 467 661 493 ex
690 454 770 492 illis
803 454 1009 494 iudicibus
1040 468 1133 494 reus
1163 454 1292 493 factus
1323 458 1452 500 esset,
1492 460 1626 493 tamen
1656 454 1732 493 bac
1762 455 1882 507 plaga

153 520 320 572 periret,
361 517 501 555 curin
543 521 653 555 tanta
685 516 949 555 multitudino
980 522 1285 561 accusatorum,
1331 515 1454 554 tantis
1494 515 1712 567 praemiis,
1758 518 1881 556 ceteri

153 583 206 620 rei
252 580 344 619 facti
391 592 472 617 non
518 580 644 616 sunt?
691 578 766 616 llic
807 578 1011 629 profertur
1052 579 1119 625 id,
1166 577 1278 630 quod
1320 576 1518 616 iudicium
1560 576 1757 629 appellari
1800 588 1913 617 non-5

150 647 330 695 oportet,
361 642 401 679 l’.
433 640 627 691 Septimio
660 640 884 677 Scaevola(¹
916 640 1027 679 litem
1059 653 1107 678 eo
1138 639 1305 678 nomine
1336 651 1425 677 esse
1447 639 1715 677 aestimatam.
1758 639 1882 678 Cuius

151 704 207 742 rei
237 715 344 755 quae
373 699 628 740 consuetudo
659 701 731 746 sit,
764 701 958 753 quoniam
990 701 1100 754 apud
1126 701 1314 740 homines
1345 700 1618 752 peritissimos
1649 700 1762 746 dico,
1793 702 1884 753 plu—

149 765 260 803 ribus
293 762 424 802 verbis
455 762 601 801 docere
632 775 715 801 non
747 762 890 802 debeo.
932 765 1162 816 Numquam
1185 762 1294 801 enim
1317 775 1364 801 ea
1388 761 1624 811 diligentia,
1655 775 1761 815 quae
1782 763 1886 803 solet

149 825 331 866 adhiberi
370 824 411 862 in
450 825 594 863 ceteris
632 823 812 870 iudiciis,
851 826 994 864 eadem
1035 838 1105 863 reo
1137 824 1328 863 damnato
1368 823 1552 862 adhibita
1582 829 1656 863 est.
1723 821 1807 864 llG.
1838 826 1882 864 In

151 888 285 926 litibus
314 885 578 925 aestimandis
607 885 693 924 sere
726 886 881 925 iudices
911 892 1000 933 aut,
1033 886 1144 939 quod
1175 886 1247 925 sibi
1278 899 1393 932 euni,
1425 898 1547 936 quem
1579 886 1705 926 semel
1736 887 1934 927 conde-40

149 952 357 993 mnarunt,
389 947 599 986 inimicum
624 954 768 1000 putant
789 961 900 995 esse,
933 949 966 987 si
989 961 1093 1001 quae
1123 948 1165 986 in
1193 962 1286 987 eum
1310 948 1359 986 lis
1384 947 1528 999 capitis
1556 947 1670 986 illata
1691 953 1772 995 est,
1801 962 1883 988 non

147 1010 388 1056 admittunt,
432 1015 523 1056 aut,
563 1009 676 1062 quod
717 1023 759 1049 se
798 1010 1034 1062 perfunctos
1065 1011 1144 1049 iam
1177 1022 1266 1049 esse
1297 1009 1569 1056 arbitrantur,
1610 1023 1702 1049 cum
1733 1010 1783 1049 de
1813 1024 1884 1050 reo

146 1071 396 1118 iudicarunt,
436 1071 712 1124 negligentius
755 1073 973 1111 attendunt
1003 1077 1150 1111 cetera.
1209 1072 1354 1124 ltaque
1385 1076 1425 1110 et
1454 1071 1678 1110 maiestatis
1707 1072 1884 1111 absoluti

145 1138 241 1172 sunt
277 1133 491 1186 permulti,
534 1134 683 1186 quibus
721 1134 920 1173 damnatis
961 1132 1010 1171 de
1049 1134 1237 1185 pecuniis
1268 1132 1506 1186 repetundis
1536 1133 1628 1172 lites
1659 1135 1885 1174 maiestatis

145 1200 284 1235 essent
314 1195 564 1241 aestimatae,
596 1200 636 1235 et
666 1196 744 1235 hoc
767 1195 951 1248 quotidie
981 1195 1071 1235 fieri
1092 1195 1304 1242 videmus,
1335 1200 1379 1234 ut
1409 1208 1478 1234 reo
1510 1194 1703 1235 damnato
1734 1196 1785 1235 de
1815 1210 1885 1249 pe·
1900 1208 1935 1236 45

145 1258 274 1297 cuniis
315 1257 575 1310 repetundis,
621 1257 671 1297 ad
717 1271 822 1310 quos
861 1258 1099 1308 pervenisse
1137 1257 1334 1309 pecunias
1364 1257 1406 1295 in
1445 1257 1588 1296 litibus
1618 1257 1885 1298 aestimandis

145 1324 339 1359 statutum
371 1321 441 1367 sit,
474 1332 545 1359 eos
567 1320 693 1359 iidem
723 1319 880 1358 iudices
911 1318 1147 1357 absolvant:
1181 1318 1292 1371 quod
1316 1331 1407 1357 cum
1436 1317 1499 1365 fit,
1531 1331 1613 1358 non
1641 1319 1793 1359 iudicia
1823 1334 1886 1360 re-

144 1381 404 1429 scinduntur,
444 1381 515 1421 sed
552 1381 631 1421 hoc
669 1383 883 1427 statuitur,
923 1380 1247 1419 aestimationem
1277 1379 1411 1418 litium
1440 1393 1525 1419 non
1555 1393 1645 1419 esse
1675 1380 1884 1421 iudicium.

144 1443 344 1482 Scaevola
374 1443 668 1483 condemnatus
700 1448 761 1483 est
791 1442 883 1482 aliis
914 1442 1172 1489 criminibus,
1202 1441 1549 1495 frequentissimis
1569 1442 1745 1494 Apuliae
1771 1444 1886 1484 testi-

142 1506 233 1545 bus.
283 1504 406 1544 Omni
437 1505 700 1544 contentione
730 1510 957 1557 pugnatum
988 1508 1070 1551 est,
1110 1505 1170 1543 uti
1202 1504 1252 1543 lis
1282 1505 1384 1543 haec
1414 1504 1560 1557 capitis
1589 1505 1885 1546 aestimaretur.
1898 1519 1935 1547 ρο

143 1566 261 1614 Quae
300 1580 365 1606 res
406 1567 439 1606 si
478 1567 535 1606 rei
574 1566 778 1606 iudicatae
818 1565 981 1618 pondus
1011 1565 1244 1613 habuisset,
1286 1566 1356 1605 ille
1386 1571 1532 1619 postea
1561 1566 1627 1606 vel
1656 1565 1790 1607 isdem
1820 1568 1884 1607 vel

142 1629 236 1668 aliis
266 1629 444 1669 inimicis
477 1643 570 1668 reus
601 1629 676 1668 hac
708 1629 798 1680 lege
829 1628 919 1680 ipsa
948 1627 1081 1666 sactus
1113 1634 1232 1668 esset.

254 1692 381 1730 XLII.
414 1687 428 1728 ll
446 1687 505 1730 17.
538 1691 734 1743 Sequitur
765 1691 828 1737 id,
869 1690 980 1743 quod
1013 1689 1070 1729 illi
1102 1690 1300 1730 iudicium
1330 1690 1564 1743 appellant,
1609 1691 1783 1731 maiores
1813 1704 1885 1732 au-

143 1758 224 1792 tem
255 1753 383 1792 nostri
414 1766 639 1806 numquam
671 1765 808 1805 neque
839 1752 1035 1791 iudicium
1064 1752 1348 1799 nominarunt,
1380 1766 1517 1806 neque
1538 1753 1712 1806 proinde
1733 1759 1780 1793 ut
1799 1768 1884 1794 rem

144 1814 363 1853 iudicatam
395 1814 687 1860 observarunt,
725 1813 1127 1853 animadversionem
1167 1819 1292 1867 atque
1323 1815 1610 1854 auctoritatem
1641 1815 1883 1856 censoriam.
1898 1831 1935 1860 ‘25

145 1880 236 1925 Qua
267 1876 317 1915 de
348 1889 391 1915 re
422 1881 643 1929 antequam
675 1877 808 1915 dicere
839 1876 1017 1928 incipio,
1048 1888 1254 1928 perpauca
1283 1876 1383 1916 mihi
1415 1876 1464 1916 de
1486 1890 1578 1916 meo
1603 1877 1741 1917 officio
1763 1879 1887 1918 verba

142 1938 337 1978 faciunda
377 1943 491 1985 suut,
530 1944 576 1978 ut
613 1952 636 1978 a
673 1951 738 1977 me
781 1951 871 1976 cum
902 1937 1076 1977 huiusce
1107 1938 1303 1990 periculi,
1342 1943 1427 1979 tum
1459 1944 1688 1979 ceterorum
1718 1954 1885 1993 quoque

144 1999 374 2039 officiorum
406 2006 446 2039 et
475 2000 746 2039 amicitiarum
778 2001 882 2039 ratio
914 2006 1157 2039 conservata
1187 2013 1278 2040 esse
1308 2001 1509 2041 videatur.
1548 2002 1650 2040 Nam
1672 2002 1772 2042 mihi
1793 2016 1886 2042 cum

143 2062 240 2101 viris
270 2061 465 2108 fortibus,
498 2061 569 2114 qui
600 2074 792 2101 censores
824 2062 1011 2114 proxime
1041 2061 1229 2109 fuerunt,
1260 2063 1460 2103 ambobus
1482 2068 1544 2103 est
1563 2064 1764 2112 amicitia,
1796 2078 1886 2104 cum

144 2123 274 2162 altero
304 2136 424 2170 vero,
457 2123 577 2162 sicuti
607 2123 797 2175 plerique
826 2130 1006 2163 vestrum
1038 2124 1195 2171 sciunt,
1224 2138 1394 2177 magnus
1422 2139 1519 2165 usus
1541 2130 1582 2164 et
1608 2139 1767 2166 summa
1786 2126 1935 2172 utri-30

143 2198 278 2238 usque
318 2183 464 2224 officiis
505 2184 728 2224 constituta
768 2185 1046 2225 necessitudo.
1120 2182 1213 2225 2l1'l8.
1254 2186 1415 2234 Quare,
1455 2186 1661 2240 quidquid
1701 2187 1751 2228 de
1792 2189 1888 2228 sub-

144 2246 434 2299 scriptionibus
475 2260 616 2286 eorum
656 2247 754 2286 mihi
800 2247 1019 2287 dicendum
1051 2247 1150 2295 erit,
1195 2261 1244 2288 eo
1275 2248 1409 2288 dicam
1439 2249 1600 2296 animo,
1640 2254 1686 2289 ut
1724 2263 1886 2290 omnem

144 2308 371 2347 orationem
402 2321 535 2348 meam
565 2321 647 2348 non
678 2309 729 2347 de
758 2309 925 2348 illorum
953 2309 1084 2357 facto,
1115 2310 1189 2350 sed
1219 2310 1270 2350 de
1299 2310 1458 2351 ratione
1489 2311 1678 2351 censoria
1706 2312 1887 2352 habitam

144 2369 367 2409 existimari
397 2370 546 2410 velim:
577 2383 601 2409 a
621 2370 797 2410 Lentulo
828 2376 988 2419 autem,
1018 2372 1208 2412 familiari
1237 2386 1353 2421 meo,
1383 2373 1454 2426 qui
1483 2386 1507 2413 a
1536 2387 1601 2413 me
1630 2387 1706 2426 pro
1737 2374 1889 2414 eximia

144 2428 220 2471 Sua
250 2432 401 2471 virtute
432 2432 688 2485 summisque
725 2431 976 2481 honoribus,
1014 2447 1119 2488 quos
1150 2447 1175 2474 a
1203 2435 1358 2488 populo
1389 2436 1575 2475 Romano
1606 2436 1782 2489 adeptus
1813 2442 1938 2484 est‚35

143 2493 314 2533 honoris
346 2507 470 2533 causa
499 2494 759 2541 nominatur,
788 2493 910 2534 facile
929 2495 1031 2543 hoc,
1061 2496 1242 2544 iudices,
1272 2497 1523 2550 impetrabo,
1553 2502 1621 2544 ut,
1653 2511 1777 2550 quam
1797 2498 1887 2551 ipse

145 2555 339 2595 adhibere
371 2556 589 2595 consuevit
618 2556 660 2595 in
690 2556 917 2596 amicorum
946 2558 1143 2610 periculis
1175 2572 1268 2599 cum
1290 2557 1412 2599 fidem
1434 2565 1475 2599 et
1495 2559 1770 2612 diligentiam,
1800 2565 1888 2599 tum

144 2617 227 2656 vim
257 2617 385 2657 animi
415 2618 732 2671 libertatemque
764 2618 949 2667 dicendi,
980 2633 1032 2660 ex
1061 2620 1138 2660 hac
1168 2621 1270 2661 mihi
1292 2621 1493 2662 concedat
1522 2627 1567 2662 ut
1595 2626 1757 2662 tantum
1787 2622 1888 2662 mihi

233 2728 261 2758 l.
289 2732 388 2760 essent
411 2737 480 2760 om.
506 2729 542 2760 T.
570 2747 604 2751 —
631 2729 661 2760 3.
688 2729 846 2760 iudicibus
868 2739 936 2761 om.
964 2731 999 2762 T.
1029 2748 1063 2753 —-
1089 2732 1120 2763 5.
1146 2733 1312 2771 appellare
1334 2734 1373 2764 Α.
1401 2751 1438 2755 -
1464 2733 1495 2764 6.
1520 2733 1698 2764 Scaevulae
1721 2732 1779 2767 1.ss
1805 2733 1889 2773 (uhi-

145 2777 238 2817 que).
267 2795 301 2799 -
339 2786 404 2808 esse
426 2787 461 2809 eo
484 2779 611 2809 nomine
633 2779 668 2810 T.
698 2797 733 2801 —
770 2779 801 2810 8.
827 2779 932 2810 dicere
955 2780 989 2811 F.
1017 2797 1052 2802 —
1090 2780 1119 2812 9.
1147 2781 1327 2812 adhibenda
1351 2782 1425 2813 ΡΑ.
1453 2800 1488 2804 ——
1527 2782 1577 2813 44.
1603 2790 1668 2813 esse
1691 2791 1759 2813 om.
1786 2783 1822 2814 T.
1850 2800 1884 2805 —

145 2834 228 2865 quae
251 2826 412 2857 TFMA:
440 2835 507 2865 qua
529 2824 671 2858 SLQO.
698 2845 732 2849 -
761 2827 811 2859 13.
837 2831 866 2859 et
890 2837 958 2860 om.
981 2830 1017 2861 T.
1040 2848 1075 2853 —
1102 2830 1152 2862 44.
1171 2831 1349 2863 wiaiestotis
1372 2832 1446 2863 ST:
1473 2840 1542 2863 om.
1569 2829 1753 2863 RALsso.
1773 2849 1808 2853 —
1834 2833 1885 2864 47.

145 2884 197 2907 eos
218 2875 315 2906 >iidem
339 2884 419 2907 nos:
446 2877 571 2907 eosdem
594 2878 668 2913 sT;
695 2886 747 2909 eos
769 2879 816 2908 illi
840 2878 1024 2913 RALsso.
1047 2897 1081 2901 —
1105 2882 1165 2921 fiat
1188 2881 1210 2911 F
1223 2883 1261 2912 A.
1291 2898 1325 2903 -
1356 2881 1407 2912 48.
1432 2881 1490 2912 hoc
1514 2889 1583 2912 om.
1609 2882 1645 2912 T.
1674 2898 1708 2902 —
1734 2882 1890 2913 iudicium

146 2933 214 2956 om.
241 2926 310 2956 ST.
339 2942 374 2948 —-
406 2926 458 2957 20.
482 2926 532 2957 uti
554 2927 667 2958 STL:
698 2931 733 2958 ut
755 2926 906 2960 RAR‘O.
936 2945 970 2951 —-
1005 2930 1057 2960 2·1.
1082 2930 1182 2961 isdem
1205 2931 1254 2961 M:
1288 2930 1401 2961 iisdem
1424 2928 1678 2962 STFALQO.
1707 2948 1742 2953 —
1778 2932 1830 2963 23.
1856 2933 1889 2963 id

147 2975 242 3016 quod]
266 2975 347 3006 illud
369 2976 417 3012 M;
443 2975 523 3005 illud
546 2976 631 3014 quod
652 2976 689 3007 L.
718 2994 752 2998 -
778 2975 831 3008 24.
853 2977 992 3016 proinde
1014 2979 1071 3009 ST
1086 2979 1106 3009 F
1119 2980 1204 3010 ML:
1233 2980 1368 3018 perinde
1391 2978 1451 3012 ΑΒ
1465 2980 1502 3010 Ο.
1530 2996 1564 3000 -
1598 2979 1651 3011 25.
1677 2979 1889 3012 observarunt

148 3024 169 3053 S
181 3023 205 3055 T
218 3024 289 3055 MA
302 3025 344 3055 L:
371 3024 622 3056 observaverunt
645 3026 667 3056 F
679 3024 701 3059 (ἐ
715 3026 752 3057 Ο.
774 3043 808 3047 -
828 3027 1068 3058 animadversio
1090 3032 1187 3067 atque
1203 3029 1383 3060 auctoritas
1398 3037 1478 3060 cum
1495 3030 1531 3061 P.
1550 3029 1700 3061 Manutio
1717 3031 1759 3069 (a.
1779 3030 1887 3070 4540.)

149 3072 184 3103 L.
211 3072 260 3104 Cf.
286 3073 398 3113 Reisig
421 3074 493 3104 Lat.
519 3073 688 3113 Sprachw.
715 3083 748 3116 p.
775 3075 847 3107 623.
885 3094 919 3099 -
950 3077 1002 3108 26.
1029 3080 1207 3117 antequam
1236 3087 1305 3110 om.
1331 3079 1382 3117 M;
1411 3079 1507 3118 prius
1534 3087 1634 3118 quam
1656 3079 1692 3109 L.
1721 3095 1756 3101 -
1785 3079 1889 3112 dicere

149 3130 218 3153 om.
243 3123 286 3155 M.
314 3140 349 3144 ——
382 3124 435 3155 27.
459 3123 617 3163 faciunda
639 3125 712 3156 ST:
747 3125 899 3165 facienda
929 3126 992 3157 ΒΑ
1008 3124 1114 3157 Lsso.
1147 3143 1184 3150 —·
1215 3127 1362 3166 periculo
1392 3128 1462 3159 ST.
1490 3145 1525 3151 —
1561 3134 1630 3159 zum
1653 3136 1721 3159 om.
1747 3129 1816 3159 ST.
1845 3148 1880 3153 —-

149 3171 202 3202 28.
227 3176 423 3211 consequuta
445 3173 480 3204 T.
509 3189 544 3195 -
572 3173 623 3204 30.
646 3174 791 3214 plerique
813 3177 888 3206 ST:
919 3179 948 3206 et
971 3175 1120 3215 plerique
1146 3177 1210 3208 ΒΑ
1226 3174 1332 3207 Lsso.
1361 3192 1396 3198 —-
1427 3177 1526 3207 vestri
1554 3177 1625 3207 ST.
1652 3193 1687 3197 —-
1713 3175 1765 3208 3-1.
1790 3178 1889 3219 officii

151 3218 230 3251 ἋΑ.
255 3221 459 3254 Emendavit
482 3224 516 3254 P.
542 3223 712 3255 Manutius
735 3233 766 3256 a.
793 3225 887 3257 4540.
917 3243 951 3247 —
984 3225 1190 3266 necessitudo]
1215 3226 1407 3257 consuetudo
1431 3226 1508 3263 ST3
1540 3225 1733 3257 necessitudo
1756 3230 1801 3258 est
1822 3228 1887 3260 ΒΑ

153 3268 258 3302 [ΒΟ.
287 3288 321 3292 -
347 3271 398 3303 33.
422 3273 584 3304 rationem
607 3273 756 3306 STFM.
784 3292 820 3298 —-
851 3274 903 3306 37.
928 3283 1002 3305 cum
1025 3275 1178 3306 STLO:
1215 3283 1283 3306 om.
1316 3273 1425 3309 ΒΑΕ.
1453 3293 1488 3297 -
1519 3275 1571 3307 38.
1598 3282 1642 3306 ea:
1663 3275 1724 3306 hac
1746 3275 1820 3308 ST:
1855 3279 1889 3309 in

151 3318 212 3349 hac
234 3318 384 3361 RAL533
409 3321 444 3353 in
465 3321 523 3352 hoc
546 3322 583 3353 O.
