2143 3713
715 198 810 239 eff.
839 199 1018 240 11-1v.
1055 197 1129 252 §§.
1160 194 1325 238 4-40,
1810 194 1882 237 611

150 313 193 352 111
223 312 313 366 ipso
343 318 510 359 senatu,
547 312 590 351 in
619 323 702 363 quo
733 323 824 349 esse
859 310 974 350 locus
1014 309 1111 349 huic
1140 310 1229 349 voci
1259 322 1342 348 non
1373 308 1608 357 videbatur,
1649 308 1888 362 popularem

153 388 216 413 me
245 373 427 414 futurum
457 385 546 413 esse
575 371 808 418 consulem,
848 373 980 424 prima
1019 372 1090 411 illa
1119 384 1210 411 mea
1242 371 1424 411 oratione
1457 370 1656 411 Kalendis
1686 371 1888 411 Ianuariis

152 435 252 475 dixi.
309 434 348 475 7.
378 437 522 489 Neque
552 435 659 474 enim
690 433 775 472 ullo
805 434 928 474 modo
962 447 1151 487 possum,
1199 447 1290 472 cum
1322 446 1387 472 me
1427 432 1653 485 intelligam
1692 446 1777 472 non
1815 432 1889 471 ho-

154 499 307 538 minum
336 497 565 551 potentium
594 493 752 541 studio,
792 509 873 534 non
905 495 1203 535 excellentibus
1239 495 1380 547 gratiis
1415 507 1663 547 paucorum,
1694 496 1766 535 sed
1797 494 1890 534 uni-

153 560 260 600 versi
299 559 441 613 populi
483 556 652 597 Romani
692 557 846 596 iudicio
879 558 1093 597 consulem
1130 556 1186 596 ita
1221 556 1395 603 sactum,
1440 562 1486 595 ut
1515 557 1783 597 nobilissimis
1811 557 1919 597 h0-5

152 622 329 661 minibus
368 622 488 673 longe
526 631 820 672 praeponeres,
866 633 949 659 non
989 624 1029 659 et
1067 618 1108 657 in
1138 618 1215 658 hoc
1247 618 1488 671 magistratu
1520 623 1560 658 et
1589 619 1631 657 in
1663 619 1774 658 omni
1804 618 1888 657 vita

150 697 239 723 esse
269 682 494 736 popularis.
553 679 634 719 Sed
664 680 763 719 mihi
795 681 846 719 ad
878 681 1049 721 huiusce
1077 680 1189 719 verbi
1219 680 1303 719 vim
1334 685 1375 719 et
1404 680 1787 733 interpretationem
1817 693 1888 719 ve-

149 745 361 784 hementer
390 756 493 796 opus
523 747 586 782 est
606 747 741 781 vestra
769 743 982 794 sapientia.
1013 743 1211 782 Versatur
1235 742 1343 781 enim
1374 754 1546 794 magnus
1575 755 1690 782 error
1719 746 1889 795 propter

150 807 369 846 insidiosas
398 818 479 845 non
510 804 718 843 nullorum
750 805 1053 851 simulationes,
1097 804 1170 857 qui
1202 817 1294 843 cum
1325 803 1470 857 populi
1499 817 1583 843 non
1613 804 1748 843 solum
1779 816 1888 842 com-

149 869 292 915 moda,
331 880 472 908 verum
503 866 623 906 etiam
656 866 829 905 salutem
865 871 1108 919 oppugnant
1138 871 1179 905 et
1211 865 1463 918 impediunt,
1503 867 1687 906 oratione
1719 865 1885 918 assequi
1904 879 1936 907 10

150 931 290 970 volunt
324 934 370 968 ut
405 929 624 983 populares
659 941 747 968 esse
777 929 1005 968 videantur.
1063 926 1101 967 8.
1141 929 1227 980 Ego
1259 928 1424 981 qualem
1454 928 1654 968 Kalendis
1685 927 1888 967 Ianuariis

147 992 373 1045 acceperim
403 1003 488 1031 rem
516 990 742 1044 publicam,
776 989 978 1037 Quirites,
1010 990 1218 1042 intelligo:
1262 990 1426 1043 plenam
1458 990 1770 1037 sollicitudinis,
1801 989 1888 1042 ple-

148 1067 241 1094 nam
272 1054 446 1101 timoris,
476 1054 520 1093 in
551 1065 633 1106 qua
664 1052 767 1091 nihil
799 1058 886 1092 erat
915 1053 1038 1099 mali,
1069 1053 1170 1092 nihil
1201 1053 1386 1101 adversi,
1420 1052 1533 1106 quod
1563 1066 1646 1092 11011
1676 1053 1774 1093 110111
1803 1064 1889 1091 me-

149 1121 328 1164 tuerent,
357 1115 536 1169 improbi
567 1120 868 1167 exspectarent.
907 1114 1054 1154 Omnia
1084 1115 1320 1155 turbulenta
1341 1114 1514 1154 consilia
1535 1121 1677 1154 contra
1698 1114 1806 1154 hunc
1827 1115 1887 1153 rei

147 1178 335 1232 publicae
365 1183 513 1218 statum
544 1182 584 1217 et
613 1182 755 1217 contra
786 1177 916 1216 otium
946 1182 1127 1217 vestrum
1157 1178 1304 1230 partim
1334 1176 1450 1224 iniri,
1481 1178 1630 1229 partim
1652 1176 1769 1216 nobis
1791 1189 1937 1217 con-⁴5

146 1240 304 1280 sulibus
334 1239 559 1293 designatis
589 1239 690 1278 inita
719 1252 810 1278 esse
841 1238 1094 1278 dicebantur.
1134 1238 1303 1278 Sublata
1333 1242 1419 1278 erat
1447 1238 1497 1278 de
1527 1239 1618 1278 foro
1648 1238 1774 1286 fides,
1803 1251 1888 1277 non

144 1302 228 1342 ictu
256 1302 398 1355 aliquo
426 1314 556 1341 novae
587 1301 844 1348 calamitatis,
874 1301 947 1340 sed
968 1300 1204 1353 suspicione
1224 1313 1271 1340 ac
1292 1307 1418 1339 metu:
1450 1301 1760 1354 perturbatione
1780 1300 1889 1340 iudi-

144 1364 314 1411 ciorum,
334 1361 612 1403 infirmatione
637 1376 774 1403 rerum
796 1362 1068 1402 iudicatarum
1109 1375 1240 1403 novae
1260 1363 1579 1411 dominationes,
1602 1363 1888 1403 extraordina-

142 1427 203 1466 ria
222 1439 306 1465 non
326 1425 523 1478 imperia,
554 1425 628 1465 sed
658 1438 786 1477 regna
816 1426 959 1478 quaeri
989 1425 1252 1478 putabantur.
1300 1425 1369 1465 IV.
1391 1423 1429 1464 9.
1453 1425 1570 1473 Quae
1592 1439 1685 1466 cum
1707 1438 1782 1478 ego
1805 1438 1887 1465 non

143 1488 275 1528 solum
301 1488 553 1541 suspicarer,
583 1487 656 1527 sed
678 1488 800 1540 plane
832 1500 1044 1527 cernerem
1065 1509 1118 1516 —
1138 1500 1274 1541 neque
1305 1487 1414 1526 enim
1435 1487 1610 1528 obscure
1641 1487 1889 1541 gerebantur
1900 1499 1937 1530 20

141 1571 217 1597 —,
248 1548 335 1589 dixi
366 1550 409 1588 in
440 1555 608 1597 senatu,
639 1550 681 1589 in
711 1550 790 1589 hoc
820 1550 1058 1602 magistratu
1088 1562 1152 1589 me
1183 1548 1426 1602 popularem
1447 1549 1660 1590 consulem
1690 1549 1887 1590 futurum.

143 1611 252 1660 Quid
283 1616 345 1652 est
374 1613 482 1652 enim
514 1617 596 1651 tam
627 1611 827 1665 populare
858 1624 981 1665 quam
1012 1613 1125 1664 pax?
1158 1624 1240 1665 qua
1269 1624 1355 1651 non
1384 1611 1509 1651 modo
1541 1612 1603 1659 ei,
1635 1612 1786 1665 quibus
1816 1625 1889 1651 na-

141 1679 232 1714 tura
271 1687 439 1714 sensum
479 1673 612 1721 dedit,
658 1674 731 1713 sed
773 1674 895 1713 etiam
937 1679 1044 1713 tecta
1082 1678 1206 1727 atque
1246 1675 1332 1727 agri
1369 1673 1469 1713 mihi
1505 1673 1649 1714 laetari
1680 1674 1887 1714 videntur.

143 1735 254 1783 Quid
285 1741 367 1775 tam
398 1735 596 1789 populare
629 1749 752 1788 quam
783 1735 980 1774 libertas?
1012 1749 1135 1789 quam
1165 1749 1251 1775 11011
1281 1735 1415 1775 50111111
1445 1735 1496 1775 ah
1526 1736 1787 1784 hominibus,
1817 1749 1888 1775 ve-

142 1811 232 1837 rum
264 1798 388 1837 etiam
419 1810 443 1837 a
472 1797 615 1837 bestiis
646 1797 786 1850 expeti
817 1803 941 1851 atque
972 1798 1161 1837 omnibus
1191 1798 1315 1837 rebus
1346 1798 1543 1851 anteponi
1565 1798 1729 1839 videtis.
1775 1798 1886 1846 Quid
1900 1810 1938 1839 25

141 1865 222 1899 tam
252 1859 452 1913 populare
482 1872 605 1912 quam
636 1860 793 1899 otium?
825 1860 936 1913 quod
966 1861 1023 1900 ita
1051 1859 1279 1900 iucundum
1310 1864 1391 1907 est,
1422 1866 1468 1899 ut
1494 1866 1535 1900 et
1553 1873 1626 1900 vos
1648 1865 1689 1900 et
1709 1860 1885 1900 maiores

141 1922 270 1961 vestri
300 1927 339 1961 et
366 1920 610 1961 fortissimus
641 1921 820 1974 quisque
849 1922 913 1961 vir
942 1923 1143 1962 maximos
1173 1921 1337 1962 labores
1359 1921 1644 1975 suscipiendos
1673 1927 1810 1975 putet,
1840 1927 1887 1962 ut

140 1982 365 2036 aliquando
395 1984 438 2022 in
469 1983 553 2023 otio
584 1983 716 2036 possit
746 1996 858 2031 esse,
896 1985 1136 2037 praesertim
1165 1984 1207 2023 in
1239 1984 1412 2037 imperio
1442 1997 1489 2023 ac
1521 1983 1743 2036 dignitate:
1784 1985 1884 2037 quin

139 2044 291 2084 idcirco
323 2044 446 2084 etiam
477 2044 701 2085 maioribus
731 2046 883 2086 nostris
914 2047 1178 2100 praecipuam
1202 2045 1367 2085 laudem
1391 2045 1650 2099 gratiamque
1672 2045 1884 2093 debemus,

141 2107 255 2160 quod
285 2119 430 2146 eorum
459 2107 599 2146 labore
631 2112 692 2147 est
718 2107 872 2147 factum
901 2108 962 2148 uti
991 2108 1161 2161 impune
1192 2108 1235 2147 in
1256 2109 1340 2148 otio
1362 2121 1453 2148 esse
1473 2121 1706 2161 possemus.
1745 2109 1884 2157 Quare
1897 2121 1934 2150 30

139 2168 210 2223 qui
239 2181 410 2222 possum
440 2182 525 2209 non
556 2183 645 2209 esse
676 2170 914 2223 popularis,
945 2184 1039 2210 cum
1068 2169 1232 2210 videam
1261 2170 1364 2210 haec
1386 2170 1544 2218 omnia,
1577 2169 1783 2219 Quirites,
1814 2184 1885 2224 pa-

137 2243 225 2269 cem
254 2235 491 2279 externam,
531 2231 763 2271 libertatem
802 2232 1011 2286 propriam
1051 2232 1214 2284 generis
1252 2245 1299 2272 ac
1338 2232 1518 2272 nominis
1556 2233 1708 2282 vestri,
1754 2234 1884 2274 otium

137 2291 434 2340 domesticum,
465 2292 646 2346 denique
678 2293 839 2342 omnia,
870 2307 976 2348 quae
997 2294 1113 2334 vobis
1135 2306 1227 2334 cara
1246 2299 1370 2347 atque
1392 2293 1530 2347 ampla
1549 2298 1665 2342 sunt,
1694 2296 1739 2335 in
1758 2295 1883 2335 fidem

137 2358 178 2393 et
208 2353 387 2408 quodam
416 2355 540 2394 modo
570 2356 613 2395 in
642 2355 918 2409 patrocinium
947 2357 1029 2396 mei
1053 2355 1291 2396 consulatus
1313 2368 1404 2396 esse
1425 2356 1606 2396 collata?
1653 2354 1719 2397 lO.
1738 2358 1884 2410 Neque

137 2417 270 2465 enim,
300 2416 502 2465 Quirites,
533 2416 636 2457 illud
665 2417 784 2457 vobis
814 2418 1042 2459 iucundum
1073 2423 1144 2458 aut
1172 2418 1372 2471 populare
1394 2417 1518 2459 debet
1536 2418 1691 2467 videri,
1721 2419 1883 2472 largitio
1896 2431 1934 2461 35

136 2477 277 2534 aliqua
316 2478 598 2533 promulgata,
639 2492 745 2533 quae
775 2479 912 2520 verbis
943 2481 1140 2521 ostentari
1177 2485 1340 2534 potest,
1380 2494 1425 2521 re
1453 2494 1553 2522 vera
1581 2478 1671 2522 fieri
1699 2480 1782 2522 nisi
1813 2494 1884 2521 ex-

221 2658 254 2691 2.
278 2658 337 2690 illa
359 2667 434 2691 mea
456 2659 573 2691 EFL:
610 2667 683 2690 mea
708 2658 763 2690 illa
785 2656 900 2692 Asso.
929 2677 963 2682 —-
1000 2659 1030 2691 3.
1056 2660 1141 2692 enim
1168 2660 1246 2702 ullo]
1279 2660 1368 2692 nullo
1399 2660 1452 2700 (ex
1482 2669 1526 2691 .n.
1551 2659 1627 2700 ullo)
1653 2660 1692 2692 E.
1719 2677 1755 2683 —
1791 2661 1886 2692 modo

132 2716 282 2749 possum,
307 2709 528 2740 cum--vita
551 2717 616 2741 esse
640 2710 682 2741 T:
716 2709 809 2740 modo
831 2710 940 2749 facere
959 2719 1106 2749 possum,
1130 2713 1182 2749 ut,
1208 2719 1282 2742 cum
1298 2710 1430 2741 --vita
1453 2717 1551 2741 essem
1573 2710 1598 2741 E
1613 2708 1766 2747 FPA&
1791 2711 1886 2741 modo

132 2758 242 2799 facere
266 2767 416 2799 possum,
448 2762 501 2797 ut,
532 2759 753 2791 cum--vita
775 2759 835 2790 sim
859 2768 941 2791 cum
964 2759 1166 2791 Lauredano
1190 2761 1265 2792 LO.
1296 2759 1346 2791 Cf.
1372 2768 1404 2790 v.
1431 2759 1465 2791 31
1499 2768 1553 2799 sq.
1581 2776 1616 2780 —
1642 2759 1674 2790 7.
1699 2759 1788 2791 verbi
1812 2769 1881 2792 om.

134 2808 284 2840 EFPA.
321 2807 462 2841 Addidit
484 2809 555 2841 Nic.
582 2808 756 2850 Angelius.
785 2825 819 2831 —
858 2810 909 2840 45.
936 2810 1042 2841 ocium
1063 2813 1204 2841 vestrum
1220 2809 1263 2840 E:
1289 2813 1433 2840 vestrum
1456 2809 1563 2840 ocium
1587 2808 1626 2849 (s,
1651 2809 1762 2849 otium)
1787 2810 1849 2841 ΡΑ
1863 2811 1886 2841 L

134 2854 155 2889 Ε
170 2857 207 2890 Ο.
229 2875 264 2881 -
291 2858 343 2890 46.
370 2859 451 2897 erat]
476 2867 540 2890 esse
561 2859 598 2890 E.
628 2878 663 2882 —
690 2860 742 2890 47.
768 2868 807 2890 ac
829 2863 938 2891 metu:
958 2859 1205 2899 perturbatione
1228 2858 1406 2890 Gebhardt
1430 2858 1481 2898 (II.
1507 2867 1541 2899 p.
1568 2857 1587 2889 3
1611 2859 1723 2899 sqq.):
1750 2869 1790 2890 ac
1809 2869 1889 2899 per-

136 2905 320 2939 turbatione
343 2908 461 2939 ceteri.
487 2925 516 2929 —
547 2908 599 2940 ⁶20.
626 2908 759 2940 obscure
781 2909 866 2940 enim
889 2909 925 2940 E.
954 2927 988 2931 —
1015 2910 1067 2941 ⁵22.
1094 2909 1172 2949 quid
1195 2911 1239 2940 est
1261 2908 1345 2940 enim
1363 2908 1403 2939 F:
1431 2907 1509 2947 quid
1530 2907 1616 2938 enim
1632 2908 1676 2943 E;
1704 2908 1781 2948 quid
1803 2908 1888 2939 enim

135 2958 181 2986 est
202 2955 352 2991 ALsso.
381 2975 417 2980 ——
439 2956 522 2998 pax]
547 2957 602 2989 lea:
623 2958 666 2997 E,
692 2957 755 2990 sed
779 2959 1055 3000 superscriptum
1073 2968 1158 2999 pax.
1184 2976 1219 2981 —-
1246 2959 1274 2989 ei
1297 2958 1414 2989 EFP:
1439 2957 1464 2987 ii
1485 2954 1634 2988 ALsso.
1663 2972 1699 2978 -
1725 2956 1778 2988 ⁶24.
1805 2957 1890 2996 Quid

136 3007 269 3036 tam--
284 3007 437 3046 anteponi
457 3007 570 3038 videtis
592 3015 661 3039 om.
687 3007 712 3039 Ε
735 3008 769 3038 111
793 3009 907 3046 textu,
944 3007 1006 3039 sed
1041 3009 1075 3039 in
1105 3016 1270 3048 supremo
1301 3007 1456 3047 margine
1481 3005 1525 3038 ab
1551 3005 1693 3044 eadem,
1718 3008 1757 3037 ut
1778 3006 1890 3037 Wun—

139 3053 223 3086 dero
244 3055 398 3096 videtur,
423 3064 530 3088 manu
554 3056 682 3097 scripta
706 3057 797 3088 sunt.
818 3075 852 3079 -
879 3057 930 3088 ⁶26.
956 3057 1054 3097 quod]
1080 3057 1157 3096 quid
1180 3057 1252 3094 EF,
1281 3056 1345 3088 sed
1368 3057 1402 3088 in
1424 3056 1450 3088 E
1477 3054 1590 3088 littera
1613 3064 1632 3087 ο
1655 3056 1890 3096 superscripta

140 3104 204 3134 est.
229 3120 265 3127 —
290 3105 343 3137 28.
368 3106 403 3137 in
426 3107 504 3138 ante
527 3115 560 3138 v.
585 3106 721 3146 imperio
744 3114 814 3138 om.
840 3107 901 3138 EF
915 3107 950 3138 P.
975 3123 1009 3128 —
1037 3107 1115 3146 quin
1137 3105 1328 3146 Madvigius
1354 3106 1419 3147 (ap.
1439 3105 1663 3145 Ussingium):
1690 3106 1746 3145 qui
1768 3105 1888 3137 ceteri.

144 3168 179 3174 —
203 3152 256 3184 29.
282 3154 381 3186 etiam
403 3164 472 3187 om.
498 3156 536 3188 E.
564 3172 600 3178 —-
626 3155 678 3187 30.
702 3156 751 3187 uti
772 3156 798 3187 E
813 3156 835 3187 F
849 3157 891 3187 P:
916 3158 953 3186 ut
974 3156 1001 3187 Α
1015 3154 1124 3189 LssO.
1145 3172 1180 3177 —
1207 3155 1259 3187 31.
1280 3156 1405 3195 possim
1426 3163 1492 3187 non
1513 3163 1579 3187 esse
1604 3156 1651 3193 A;
1673 3163 1805 3195 possum
1827 3162 1892 3187 esse

141 3202 326 3244 (superscr.
344 3205 419 3246 non)
443 3205 481 3237 E.
509 3223 545 3228 —
571 3205 698 3245 omnia,
725 3205 878 3246 Quirites]
897 3205 1039 3244 omniaq.
1058 3206 1101 3243 P;
1127 3205 1301 3244 omniaque
1323 3205 1365 3243 F3
1391 3204 1503 3236 omnia
1519 3204 1602 3245 (om.
1621 3205 1665 3245 q.)
1682 3205 1720 3236 E.
1746 3204 1796 3236 Cf.
1815 3213 1887 3236 var.

140 3249 220 3283 lect.
243 3260 278 3293 p.
303 3253 376 3286 643.
400 3262 434 3286 v.
458 3255 513 3287 26.
538 3262 574 3296 p.
593 3253 666 3287 61¹4.
690 3263 724 3287 v.
747 3254 800 3287 32.
828 3272 862 3276 —
890 3253 942 3286 33.
965 3253 1057 3287 nobis
1078 3254 1152 3287 EF.
1170 3272 1205 3278 —
1229 3255 1265 3286 in
1285 3254 1382 3296 fidem
1404 3261 1473 3287 om.
1492 3253 1530 3286 E.
1551 3271 1587 3276 —-
1613 3252 1667 3286 34.
1693 3252 1733 3295 et]
1757 3257 1795 3285 ut
1816 3253 1842 3286 E
1857 3254 1891 3285 F.
1910 3293 1913 3296 Α

146 3315 182 3322 -
207 3299 260 3334 35.
286 3301 436 3347 Quirites]
461 3304 610 3345 queritur
632 3304 666 3336 F.
