2143 3713
222 269 304 310 662
744 272 799 311 IN
829 270 875 311 L.
907 269 1200 312 CATILINAM
1229 269 1386 312 LIBER
1415 272 1446 311 Ι.

227 395 364 429 mero,
405 385 544 435 patres
575 381 822 435 conscripti,
863 382 905 421 in
941 380 1022 420 hoc
1053 381 1166 421 orbis
1198 386 1331 423 terrae
1362 382 1622 423 sanctissimo
1657 382 1991 439 gravissimoque

228 443 426 491 consilio,
460 443 532 495 qui
563 443 613 483 de
645 448 789 483 nostro
821 444 1006 483 omnium
1036 443 1226 491 interitu,
1258 446 1330 497 qui
1354 445 1404 485 de
1436 445 1559 484 huius
1586 444 1699 484 urbis
1730 450 1855 499 atque
1885 448 1990 488 adeo

230 506 283 546 de
326 506 439 545 orbis
477 510 680 545 terrarum
721 506 848 546 exitio
889 505 1080 557 cogitent.
1150 504 1238 544 Hos
1279 519 1356 559 ego
1387 507 1508 547 video
1554 503 1731 560 [consul]
1774 512 1815 547 et
1856 508 1907 548 de
1946 523 1991 550 re

230 568 397 621 publica
426 567 675 608 sententiam
704 581 827 620 rogo;
862 572 903 607 et
933 579 1040 620 quos
1070 565 1180 605 ferro
1214 567 1411 607 trucidari
1443 568 1681 622 oportebat,
1712 581 1784 608 eos
1804 569 1992 610 nondum

199 639 332 670 5voce
361 629 551 670 vulnero.
600 629 730 670 Fuisti
761 630 888 682 igitur
908 628 1019 681 apud
1041 629 1217 667 Laecam
1238 628 1310 668 illa
1329 635 1474 677 nocte,
1507 630 1704 677 Catilina3
1744 629 1992 672 distribuisti

231 695 369 745 partes
402 691 568 739 Italiae,
607 691 788 731 statuisti
820 704 904 745 quo
937 702 1148 744 quemque
1178 690 1385 742 proficisci
1415 692 1621 745 placeret,
1662 691 1853 745 delegisti
1883 706 1990 747 quos

230 755 385 794 Romae
423 753 705 807 relinqueres,
745 766 853 807 quos
899 758 1037 793 tecum
1075 751 1296 800 educereS,
1340 753 1597 807 descripsisti
1627 754 1740 794 urhis
1771 758 1910 806 partes
1941 755 1993 795 ad

232 816 447 864 incendia,
488 814 740 856 confirmasti
784 821 824 855 te
864 817 1001 869 ipsum
1038 815 1120 854 iam
1152 827 1243 854 esse
1276 815 1506 863 exiturum,
1546 816 1689 856 dixisti
1720 816 1889 868 paulum
1919 817 1994 857 tibi

233 892 325 919 esse
365 879 488 919 etiam
526 891 637 918 nunc
677 891 840 925 morae,
881 877 995 931 quod
1027 889 1103 929 ego
1134 875 1331 917 viverem.
1390 878 1557 932 Reperti
1588 884 1685 918 sunt
1716 878 1799 918 duo
1832 879 1994 932 equites

185 949 220 978 10
234 940 429 987 Romani,
467 940 540 993 qui
580 945 620 979 te
662 939 742 979 ista
781 953 879 980 cura
914 939 1140 979 liberarent
1179 943 1220 978 et
1249 952 1340 979 sese
1371 939 1444 979 illa
1473 940 1562 992 ipsa
1590 945 1711 981 nocte
1742 940 1866 994 paulo
1899 946 1994 981 ante

234 1003 369 1041 lucem
399 1015 465 1041 me
495 1001 539 1041 in
566 1015 659 1042 meo
681 1002 834 1042 lectulo
854 1000 1145 1041 interfecturos
1168 1001 1478 1054 pollicerentur.
1521 999 1586 1041 210,
1608 1002 1719 1042 llaec
1741 1016 1817 1055 ego
1841 1003 1994 1050 omnia,

235 1064 402 1106 vixdum
433 1064 557 1104 etiam
587 1068 711 1103 coetu
740 1068 879 1104 vestro
912 1063 1106 1110 dimisso,
1151 1063 1360 1116 comperi,
1399 1063 1566 1104 domum
1608 1077 1740 1104 meam
1770 1064 1995 1105 maioribus

234 1126 454 1180 praesidiis
485 1126 645 1166 munivi
675 1130 799 1179 atque
830 1123 1010 1172 firmavi,
1051 1125 1211 1165 exclusi
1243 1138 1340 1173 eos,
1381 1139 1488 1179 quos
1519 1131 1562 1166 tu
1592 1126 1644 1166 ad
1674 1140 1740 1165 me
1771 1126 1994 1166 salutatum

235 1189 430 1235 miseras,
469 1201 563 1227 cum
603 1188 665 1228 illi
705 1188 785 1241 ipsi
815 1188 1049 1235 venissent,
1090 1201 1197 1240 quos
1229 1200 1304 1240 ego
1335 1187 1416 1228 iam
1447 1189 1588 1229 multis
1619 1202 1665 1228 ac
1696 1188 1868 1228 summis
1898 1188 1995 1228 viris

189 1259 223 1287 15
236 1251 287 1292 ad
318 1264 383 1290 me
415 1250 457 1290 id
488 1251 685 1304 temporis
715 1256 915 1291 venturos
946 1263 1039 1290 esse
1073 1249 1380 1302 praedixeram.

349 1313 398 1353 V.
431 1312 549 1361 Quae
579 1326 673 1353 cum
703 1313 759 1353 ita
789 1313 892 1361 sint,
925 1311 1122 1359 Catilina,
1166 1324 1316 1365 perge,
1352 1327 1434 1366 quo
1465 1312 1661 1366 coepisti,
1694 1312 1891 1365 egredere
1922 1312 1994 1353 ali-

239 1376 405 1429 quando
437 1388 491 1415 ex
520 1375 646 1424 urbe3
677 1380 825 1428 patent
853 1380 1022 1428 portae:
1064 1373 1341 1426 proficiscere.
1392 1374 1574 1414 Nimium
1605 1375 1674 1414 (liu
1706 1380 1745 1414 te
1775 1375 1997 1427 imperato-

238 1452 325 1479 rem
356 1443 427 1478 tua
456 1437 530 1477 illa
559 1438 772 1478 Manliana
802 1442 936 1477 castra
967 1436 1218 1476 desiderant.
1263 1436 1379 1476 Educ
1413 1442 1547 1476 tecum
1578 1437 1702 1476 etiam
1723 1449 1867 1476 omnes
1888 1441 1998 1484 tuos,

239 1502 273 1541 si
305 1500 466 1547 minus,
497 1512 622 1553 quain
653 1500 881 1553 plurimos;
912 1512 1041 1553 purga
1062 1497 1219 1537 urbem.
1264 1499 1413 1551 Magno
1435 1512 1500 1538 ine
1521 1504 1632 1538 metu
1652 1498 1870 1546 liberabis,
1901 1498 1997 1539 dum

187 1563 361 1604 201110do
400 1563 508 1602 inter
546 1575 612 1601 me
652 1567 780 1616 atque
811 1566 851 1601 te
881 1575 1024 1601 murus
1055 1560 1230 1600 intersit.
1288 1561 1515 1600 Nobiscum
1545 1561 1701 1600 versari
1730 1561 1813 1600 iani
1844 1560 1998 1601 diutius

238 1639 323 1666 non
354 1628 497 1678 potes:
538 1638 622 1664 non
651 1623 805 1671 ferani,
837 1636 923 1663 non
952 1622 1105 1677 patiar,
1146 1635 1229 1661 non
1260 1622 1406 1661 sinain.
1467 1620 1481 1660 ll
1501 1619 1532 1661 1.
1561 1623 1710 1674 Magna
1740 1622 1803 1661 dis
1833 1623 2000 1662 immor-

239 1687 389 1727 talibus
430 1686 625 1726 habenda
669 1691 732 1725 est
771 1690 896 1739 atque
936 1685 1035 1725 huic
1065 1684 1144 1738 ipsi
1176 1684 1264 1723 lovi
1295 1683 1468 1731 Statori,
1514 1684 1806 1736 antiquissimo
1838 1684 1999 1725 custodi

238 1749 365 1790 huius
395 1748 529 1796 urbis,
561 1748 716 1801 gratia,
748 1749 861 1801 quod
891 1748 999 1788 hanc
1030 1752 1113 1787 tam
1145 1751 1337 1792 taetram,
1369 1750 1451 1785 tam
1481 1745 1723 1785 horribilem
1747 1750 1916 1799 tamque
1937 1747 1999 1786 in-

237 1811 386 1851 festam
426 1810 487 1850 rei
526 1810 720 1865 publicae
758 1815 919 1864 pestem
957 1810 1109 1851 totiens
1140 1808 1221 1848 iam
1252 1808 1486 1861 effugimus.
1544 1809 1637 1847 Non
1669 1813 1731 1848 est
1761 1809 1926 1862 saepius
1956 1809 1999 1848 in

187 1882 320 1914 ‘252'uno
366 1873 537 1914 homine
579 1887 741 1915 summa
787 1873 898 1913 salus
943 1872 1218 1927 periclitanda
1248 1871 1307 1910 rei
1346 1870 1551 1923 publicae.
1613 1870 1749 1918 Quam
1781 1872 1853 1912 diu
1883 1872 1999 1920 mihi,

326 2036 356 2068 1.
383 2035 458 2067 orbe
482 2036 506 2067 t.
536 2054 571 2058 —
597 2036 793 2077 9⁷·avissim0
817 2045 844 2068 s.
865 2054 900 2058 —
927 2037 958 2068 2.
986 2037 1121 2068 concilio
1146 2037 1155 2068 i
1180 2039 1212 2068 et
1237 2047 1256 2068 o
1274 2046 1364 2069 corr.
1386 2054 1421 2059 —
1449 2038 1487 2068 (le
1510 2040 1619 2068 nostro
1643 2037 1788 2068 omnium
1812 2037 1836 2068 C
1851 2045 1934 2068 ace
1949 2046 2000 2078 pr

237 2088 272 2119 ct
295 2087 314 2118 6
338 2085 393 2118 alii
417 2087 542 2126 Lagg.:
576 2087 614 2118 dc
636 2090 748 2118 nostro
771 2095 844 2126 yz;
879 2088 917 2118 dc
940 2090 1087 2118 nostrum
1111 2089 1256 2119 omnium
1280 2088 1301 2118 l)
1316 2087 1336 2119 (1
1353 2088 1360 2118 i
1375 2097 1394 2118 ο
1409 2096 1429 2128 q
1443 2089 1518 2119 stu
1532 2096 1604 2126 Χςς
1640 2088 1678 2118 (le
1699 2096 1770 2119 meo
1793 2087 2001 2125 omniumque

241 2137 284 2174 V}
311 2137 349 2168 cle
370 2145 441 2167 mco
464 2139 678 2176 nostrumque
701 2137 848 2168 omnium
871 2138 894 2168 ΙΔ
909 2137 933 2168 O
959 2138 1080 2168 contra
1105 2137 1206 2169 codd.
1237 2156 1271 2160 —
1307 2139 1388 2169 adeo
1411 2138 1449 2168 (le
1473 2138 1495 2168 B
1510 2146 1528 2168 a
1543 2137 1583 2175 (1,
1611 2138 1668 2175 Lg.
1694 2136 1768 2175 53„
1794 2137 1923 2167 Auctor
1947 2136 2001 2166 in-

238 2187 355 2217 certus
380 2185 412 2216 in
437 2185 569 2217 Anecd.
598 2187 704 2217 Paris.
732 2186 778 2226 (p.
798 2187 827 2216 9.
856 2185 911 2217 eil.
940 2186 1087 2226 l‹:ckst.):
1114 2189 1195 2219 ‹ulcr›
1220 2189 1242 2218 11
1258 2189 1280 2218 1.
1296 2190 1331 2219 O.
1352 2205 1387 2209 —-
1416 2187 1445 2218 3.
1473 2187 1616 2227 cogitant
1641 2196 1670 2217 e.
1692 2203 1726 2207 ——
1753 2186 1809 2216 hos
1831 2186 1997 2225 Bang,

238 2237 296 2275 Lg.
315 2236 367 2266 50.
386 2235 458 2265 57.:
484 2235 575 2266 hosce
599 2236 622 2266 R
638 2237 661 2266 L
676 2236 713 2266 Ο.
737 2253 771 2257 ——
798 2235 909 2266 consue
933 2244 990 2275 090
1014 2237 1105 2267 rideo
1130 2246 1149 2275 ,ις
1162 2237 1183 2267 li
1199 2246 1231 2273 r;
1258 2237 1370 2268 consul
1386 2245 1455 2267 oni.
1475 2237 1495 2267 k
1508 2246 1528 2278 p
1543 2246 1580 2275 ςς
1608 2237 1638 2267 in
1657 2245 1686 2267 w
1702 2235 1813 2266 consul
1837 2235 1870 2265 in
1888 2243 1998 2274 marg.

238 2283 364 2315 eaden)
388 2292 435 2315 m.
462 2283 665 2324 suppletum
690 2286 754 2315 est.
784 2303 818 2306 -
846 2288 874 2315 et
899 2285 1004 2315 dicere
1027 2287 1064 2316 ‹lc
1089 2295 1109 2325 q
1125 2295 1157 2326 y.
1186 2304 1220 2308 —
1259 2286 1290 2318 4.
1318 2287 1483 2326 interresse
1508 2289 1536 2316 el.
1561 2294 1639 2325 quos
1662 2286 1729 2316 iam
1752 2285 1874 2316 dudum
1897 2285 2001 2315 truci—

237 2335 313 2366 dari
337 2344 367 2366 e.
396 2351 431 2356 —
457 2342 534 2365 voce
557 2335 702 2365 nondum
726 2335 763 2365 C.
792 2351 828 2356 —
856 2334 886 2365 5.
913 2336 1002 2373 apud
1024 2336 1069 2366 M.
1096 2336 1238 2367 Laecam
1263 2346 1296 2376 q.
1323 2338 1365 2368 At
1388 2346 1419 2367 v.
1446 2336 1577 2367 Anecd.
1605 2336 1692 2367 rhet.
1720 2335 1826 2366 Paris.
1852 2343 1886 2375 p.
1913 2334 1944 2365 6.
1963 2351 1998 2357 —-

235 2385 304 2426 illa]
330 2394 370 2415 ea
394 2385 430 2415 L.
471 2402 505 2406 —
544 2384 575 2415 6.
602 2384 758 2425 delegasti
782 2384 802 2415 11
818 2384 851 2415 k.
890 2401 925 2405 —-
964 2384 994 2415 7.
1021 2385 1125 2416 Itonia
1148 2385 1259 2417 bist.
1297 2404 1330 2408 —
1366 2388 1478 2425 parles
1504 2385 1595 2416 urbis
1619 2394 1654 2419 e:
1689 2394 1723 2415 u.
1744 2384 1875 2424 pariter
1899 2393 1932 2416 u.
1962 2400 1995 2406 -

237 2436 268 2466 8.
294 2434 376 2466 erit.
402 2442 466 2465 csse
490 2442 562 2474 yz,
600 2434 658 2473 Lg.
684 2434 736 2464 50.
764 2434 835 2469 57.;
873 2442 939 2464 esse
961 2442 1030 2465 oin.
1058 2434 1092 2466 b.
1121 2453 1155 2457 —
1180 2436 1318 2475 paulum
1344 2438 1481 2474 (larg,
1516 2436 1573 2475 Lg.
1599 2435 1652 2466 ⁶20.
1678 2436 1751 2466 et:
1786 2434 1937 2474 paullum
1960 2443 1997 2472 03

231 2484 408 2525 paululum
432 2484 456 2514 R
474 2483 548 2514 LO.
576 2500 611 2504 —
638 2483 669 2514 9.
695 2491 760 2513 esse
785 2491 853 2514 oni.
882 2493 913 2521 ς.
943 2501 978 2505 -
1004 2483 1104 2514 eliam
1127 2488 1195 2515 lum
1219 2486 1243 2516 O
1269 2494 1310 2516 ex
1336 2485 1424 2516 coni.
1447 2484 1606 2516 Ernestii.
1638 2485 1680 2515 At
1696 2493 1728 2515 V.
1747 2484 1864 2515 adnot.
1883 2493 1999 2516 nicam

238 2535 270 2565 in
297 2533 352 2565 ed.
380 2533 469 2574 Lips.
497 2534 624 2573 (morae
646 2533 745 2564 eciam
767 2541 854 2563 nunc
871 2533 918 2572 (1.)
938 2551 972 2554 -
1001 2534 1052 2564 10.
1073 2535 1212 2566 Romani
1236 2544 1304 2566 om.
1325 2544 1358 2575 p.
1381 2553 1415 2556 —
1442 2537 1470 2565 ct
1492 2543 1524 2565 se
1548 2534 1602 2574 gli
1617 2542 1636 2564 o
1651 2543 1684 2568 r:
1711 2537 1739 2565 ec
1762 2534 1824 2573 ipsi
1844 2542 1910 2564 sese
1933 2542 1996 2573 yz.

239 2602 273 2606 —
300 2584 374 2622 ipsa
398 2591 468 2614 om.
496 2582 517 2614 b
542 2591 593 2623 pr.
614 2591 663 2614 ni.
691 2599 726 2603 —
753 2585 828 2613 amc
852 2583 936 2613 diem
960 2592 991 2623 g.
1016 2601 1050 2605 —
1080 2585 1131 2615 11.
1157 2594 1207 2615 mc
1230 2585 1264 2616 in
1286 2594 1356 2616 mco
1380 2584 1458 2615 lecto
1482 2595 1503 2623 ς
1527 2592 1606 2615 cum
1632 2583 1744 2615 Probo
1769 2584 1889 2623 (instit.
1910 2585 1946 2614 ll.
1967 2584 1997 2614 1.

237 2634 289 2665 53.
318 2642 350 2672 p.
378 2632 452 2663 131.
479 2632 590 2671 Lind.)
627 2633 662 2663 et
685 2630 829 2663 Claudio
854 2632 1043 2665 Sacerdote
1069 2642 1102 2673 p.
1128 2634 1200 2671 58.;
1236 2643 1288 2665 me
1320 2643 1390 2665 meo
1421 2634 1453 2664 in
1481 2635 1560 2665 lecto
1585 2634 1607 2665 t.
1644 2633 1704 2673 (Ad
1729 2632 1916 2664 lectionem
1940 2633 1996 2664 ed.

237 2683 352 2714 Garat.
386 2691 437 2714 me
464 2691 535 2713 mco
562 2683 599 2713 in
628 2682 760 2719 lectulo,
794 2690 900 2723 quain
930 2682 1042 2714 nullus
1068 2692 1227 2715 nieorum
1252 2684 1375 2721 habet,
1410 2682 1618 2714 Niebuhrius
1642 2681 1770 2714 nullam
1794 2683 1999 2714 varietatem

238 2732 340 2764 codd.
367 2732 469 2771 Lagg.
497 2731 704 2772 exscripsit.)
741 2732 851 2762 Etiam
882 2732 915 2762 in
948 2741 997 2762 or.
1025 2731 1185 2763 Sullanae
1216 2733 1245 2772 §-
1272 2734 1326 2765 52.
1360 2733 1532 2764 incertum
1561 2732 1613 2763 est
1644 2732 1733 2763 sitne
1764 2732 1798 2763 in
1827 2741 1897 2764 meo
1920 2732 2000 2764 lecto

238 2792 281 2813 an
305 2782 339 2812 in
361 2790 405 2812 m.
431 2781 546 2812 lectulo
570 2780 813 2812 scribendum.
841 2798 874 2802 —
913 2782 1139 2821 interfecturos
1163 2784 1188 2814 V
1204 2792 1257 2823 aq
1273 2792 1378 2823 uyz:
1416 2783 1523 2821 interf.
1550 2790 1615 2813 csso
1638 2783 1708 2820 gn.
1743 2799 1778 2804 —-
1817 2783 1869 2813 42.
1893 2791 2000 2813 meam

239 2842 310 2864 om.
328 2841 361 2869 ς.
383 2849 418 2854 —-
446 2831 497 2863 13.
525 2831 568 2862 ad
590 2839 640 2862 me
664 2830 844 2861 salucalmn
862 2840 895 2861 r:
922 2833 965 2862 ad
988 2841 1038 2863 me
1060 2842 1157 2864 manc
1180 2834 1278 2864 salut.
1305 2833 1336 2871 i;
1361 2840 1457 2863 mane
1481 2833 1524 2862 ad
1546 2841 1596 2863 me
1614 2832 1710 2863 salut.
1729 2832 1769 2869 V,
1796 2833 1854 2871 Lg.
1873 2832 1926 2863 90.
1944 2831 1996 2863 43.

239 2882 313 2921 lia,
340 2882 419 2918 LO;
453 2882 497 2912 ad
520 2890 570 2912 me
593 2880 692 2912 salut.
717 2889 814 2912 mane
837 2881 874 2911 11.
903 2880 1124 2920 (salutandum
1148 2883 1176 2913 V
1200 2885 1234 2915 et
1259 2885 1315 2923 Lg.
1342 2881 1409 2921 ⁶20.)
1443 2899 1477 2903 -
1513 2881 1564 2913 14.
1591 2885 1621 2913 et
1643 2882 1777 2913 summis
1799 2882 1809 2912 i
1833 2882 1869 2912 et
1890 2891 1927 2921 ςς
1960 2891 2000 2913 ac

238 2932 371 2964 summis
395 2931 522 2963 excidit
546 2932 578 2962 in
604 2931 639 2962 L.
668 2948 703 2953 —
731 2931 782 2962 15.
808 2939 873 2962 esse
897 2940 966 2962 om.
993 2930 1015 2961 l>
1031 2940 1068 2968 ὃς
1094 2935 1179 2963 vent.
1205 2942 1270 2964 csse
1292 2934 1325 2963 id
1348 2936 1442 2971 temp.
1472 2931 1514 2969 (1;
1540 2935 1624 2963 vein.
1650 2933 1683 2962 id
1706 2935 1802 2971 [emp.
1821 2940 1884 2963 csse
1908 2932 1996 2963 1..—

241 2982 292 3013 16.
319 2981 375 3012 (κεί
398 2981 551 3021 cqredcrc
575 2981 609 3012 (1.
630 2998 664 3002 -
694 2981 745 3012 17.
771 2980 910 3012 nimium
932 2981 1001 3012 ‘iam
1025 2982 1081 3012 (lia
1104 2985 1133 3012 tc
1158 2982 1357 3013 Rufinianus
1382 2983 1419 3012 {Ic
1439 2982 1495 3022 fis).
1522 2986 1600 3013 sent.
1627 2982 1657 3022 ἓ.
1676 2982 1748 3018 ⁶27.;
1773 2981 1910 3012 nimium
1932 2981 2000 3012 iam

241 3034 269 3061 lc
291 3030 349 3060 illa
372 3030 429 3060 dizo
452 3038 485 3069 q.
513 3047 548 3052 -—
576 3030 816 3069 imperatorem]
850 3031 953 3069 impia
976 3040 1006 3061 a.
1044 3049 1077 3053 —
1116 3032 1166 3063 18.
1192 3032 1356 3063 Malliana
1381 3032 1437 3061 Vc
1453 3040 1504 3070 yz
1536 3033 1570 3063 et
1599 3033 1617 3062 6
1642 3031 1695 3062 alii
1720 3032 1835 3071 lagg„
1861 3032 1898 3062 O.
1926 3031 2000 3071 (tua

244 3081 287 3111 M.
313 3080 372 3110 illa
395 3079 429 3119 i.)
457 3096 492 3101 -
519 3079 618 3110 eliam
642 3088 710 3110 om.
738 3080 777 3111 V.
807 3098 842 3101 —
873 3083 945 3111 tuos
968 3090 1037 3112 oni.
1063 3090 1094 3112 e.
1122 3099 1157 3102 —
1194 3082 1245 3113 19.
1271 3082 1320 3112 sin
1342 3081 1450 3111 minus
1473 3081 1506 3112 (1.
1535 3099 1569 3103 —
1595 3085 1683 3113 melu
1704 3089 1755 3112 me
1776 3081 1821 3116 V3
1853 3089 1904 3112 mc
1927 3090 1996 3112 oni.

243 3139 274 3167 ς.
304 3129 367 3169 (me
389 3132 477 3161 melu
499 3130 688 3161 Arusianus
712 3139 746 3171 p.
773 3129 860 3170 ⁶245.)
883 3146 916 3152 —
937 3132 990 3161 20.
1017 3139 1067 3161 me
1089 3134 1118 3162 ει
1141 3133 1170 3162 tc
1193 3130 1226 3162 (1.
1255 3148 1289 3152 —
1316 3131 1504 3161 conversari
1528 3140 1555 3162 s.
1581 3149 1615 3153 -—
1642 3131 1694 3162 21.
1719 3140 1784 3161 iton
1806 3131 1913 3161 sinam
1934 3140 1999 3162 non

240 3180 355 3218 μαίὶαν
379 3188 420 3218 e;
450 3189 515 3211 non
536 3179 654 3219 patiar
677 3188 745 3211 oni.
773 3188 820 3211 m.
848 3198 882 3201 —
917 3181 966 3211 dis
990 3180 1086 3212 bis:
1127 3181 1188 3212 (liis
1211 3181 1247 3212 Ο.
1276 3196 1310 3201 —
1337 3180 1389 3210 ΞΖ.
1414 3180 1477 3218 ‘ipsi
1500 3189 1569 3211 oni.
1596 3189 1624 3212 s.
1652 3198 1686 3202 —
1712 3180 1807 3210 huius
1828 3180 1918 3211 urbis
1939 3189 1999 3211 cu-

244 3230 324 3260 stodi
349 3229 415 3261 cd.
445 3248 479 3252 -
506 3229 558 3261 ἓ3,
584 3230 698 3270 qratia
727 3230 859 3261 liabent
890 3232 970 3271 post
997 3231 1145 3262 habenda
1169 3234 1213 3262 est
1237 3230 1315 3267 Ve,
1350 3230 1406 3267 Lg.
1433 3231 1484 3260 020.
1511 3231 1564 3261 24.
1591 3231 1665 3269 65.,
1690 3231 1764 3261 LO.
1799 3248 1834 3255 —
1868 3233 1998 3270 tamque

245 3279 365 3310 horrib.
393 3288 452 3310 er.
482 3297 515 3301 —
543 3283 611 3310 lam
634 3280 783 3319 infestam
808 3281 831 3311 C
848 3280 882 3312 (l.
911 3298 944 3301 —
972 3279 1025 3311 ¹241.
1052 3280 1119 3310 ium
1142 3280 1260 3310 tociens
1284 3278 1316 3309 d.
1345 3296 1379 3300 ——
1407 3283 1450 3310 cxl
1476 3289 1544 3311 oni.
1565 3281 1609 3318 C,
1637 3281 1694 3320 Lg.
1713 3281 1765 3311 50.
1785 3280 1856 3316 57.;
1882 3283 1927 3311 est
1948 3289 1998 3311 or

247 3328 378 3359 liabent
401 3331 480 3361 ante
503 3338 642 3361 summa.
662 3347 697 3352 —-
723 3331 791 3360 iam
814 3330 848 3360 1η
870 3339 934 3361 imo
952 3339 983 3369 g.
1006 3348 1039 3352 —
1066 3331 1118 3360 025.
1141 3329 1255 3368 periet.
1282 3338 1410 3359 summa
1433 3330 1521 3360 salus
1545 3330 1624 3368 dw3
1649 3330 1709 3361 sal.
1734 3339 1862 3362 summa
1880 3330 1997 3372 perid.-

248 3378 290 3415 νς
316 3378 403 3409 salus
425 3388 554 3410 summa
576 3380 625 3411 rei
648 3379 707 3419 (rei
725 3389 761 3419 p.
790 3379 910 3411 Lamb.
936 3380 970 3411 in
995 3388 1103 3417 marg.
1130 3379 1185 3410 ed.
1213 3378 1304 3419 1581)
1328 3379 1441 3420 pericl.
1468 3381 1502 3412 1..
