2143 3713
269 231 349 272 648
822 234 1021 274 ORATIO
1052 234 1155 274 PRO
1188 233 1230 274 C.
1260 235 1474 275 RABIRIO

270 347 500 401 periculum
540 360 623 387 non
666 346 790 387 modo
833 347 1047 393 homines,
1087 346 1159 385 sed
1199 360 1329 400 prope
1368 347 1560 399 regiones
1588 347 1703 399 ipsae
1734 349 2014 397 convenerint,

270 412 482 463 aliquanto
523 409 646 448 etiam
678 409 802 448 latius
834 409 1059 455 excitatae,
1106 422 1230 462 quam
1261 409 1392 461 ipsius
1424 408 1646 448 vicinitatis
1677 423 1828 449 nomen
1858 423 1905 449 ac
1937 416 2015 450 ter-

271 471 371 512 mini
411 471 704 524 postulabant‘?
745 473 846 511 Nam
887 471 987 524 quid
1030 484 1106 522 ego
1143 470 1194 509 ad
1238 471 1278 510 id
1309 471 1473 523 longam
1506 471 1734 510 orationem
1766 483 2014 523 comparem,

272 533 382 590 quod
415 538 478 572 est
507 533 549 571 in
581 532 724 572 eadem
756 534 907 572 multae
941 534 1192 586 irrogatione
1224 534 1519 585 perscriptum,
1550 533 1661 572 hunc
1692 547 1767 572 nec
1802 547 1899 573 suae
1939 547 2015 574 nec

239 598 430 638 5alie11ae
470 595 693 648 pudicitiae
732 596 998 648 pepercisse?
1057 594 1095 633 9.
1129 594 1239 642 Quin
1280 596 1400 634 etiam
1432 595 1641 648 suspicor,
1686 608 1734 634 eo
1765 595 1864 635 mihi
1895 596 2016 635 semi-

271 661 413 699 horam
445 657 495 696 ab
526 657 708 696 Labieno
740 658 1025 710 praestitutam
1058 670 1168 703 esse,
1208 660 1254 695 ut
1284 670 1334 696 ne
1366 657 1483 709 plura
1516 657 1566 696 de
1596 657 1794 710 pudicitia
1825 657 2015 697 dicerem.

269 724 378 773 Ergo
419 719 469 759 ad
507 719 610 759 haec
649 719 841 766 crimina,
882 732 989 771 quae
1030 719 1191 770 patroni
1232 718 1489 770 diligentiam
1522 719 1778 767 desiderant,
1821 719 2015 772 intelligis

271 783 370 823 mihi
402 781 650 821 semihoram
681 782 800 820 istam
832 781 1001 820 nimium
1032 780 1195 832 longam
1226 780 1369 819 fuisse.

380 845 496 883 Illam
527 843 699 882 alteram
730 849 886 895 partem
920 842 969 881 de
1001 856 1102 881 nece
1148 842 1359 881 Saturnini
1406 843 1528 883 nimis
1567 844 1758 896 exiguam
1789 849 1914 898 atque
1945 859 2017 885 an-

222 916 255 943 10
269 914 428 961 gustam
461 919 550 945 esse
581 905 772 943 voluisti:
804 917 910 957 quae
940 918 1023 944 non
1054 905 1225 944 oratoris
1247 905 1478 956 ingenium,
1511 906 1583 944 sed
1605 905 1789 945 consulis
1811 906 2012 945 auxilium

268 970 465 1022 implorat
495 973 534 1006 ct
564 967 732 1018 flagitat.
800 963 857 1004 10.
888 968 989 1005 Nam
1023 967 1073 1005 de
1103 966 1400 1019 perduellionis
1430 967 1598 1013 iudicio,
1630 968 1740 1020 quod
1773 982 1795 1009 a
1826 983 1889 1009 me
1921 970 2017 1008 sub-

267 1032 395 1071 latum
428 1042 519 1069 esse
550 1028 758 1068 criminari
791 1028 922 1075 soles,
963 1042 1098 1067 meum
1132 1028 1285 1067 crimen
1318 1034 1398 1075 est,
1443 1042 1525 1068 non
1556 1030 1724 1069 Rabirii.
1784 1031 1906 1079 Quod
1936 1032 2016 1070 uti-

269 1106 386 1139 nam,
419 1090 624 1139 Quirites,
667 1103 744 1143 ego
779 1087 850 1143 [id]
885 1095 954 1130 aut
990 1091 1148 1142 primus
1179 1095 1250 1129 aut
1280 1089 1392 1129 solus
1424 1104 1475 1129 ex
1504 1090 1581 1130 hac
1612 1104 1654 1130 re
1686 1093 1849 1144 publica
1880 1098 2016 1133 sustu-

270 1155 429 1201 lissem,
460 1158 506 1192 ut
533 1152 634 1198 hoc,
666 1152 777 1205 quod
810 1152 880 1191 ille
912 1152 1064 1191 crimen
1098 1165 1188 1191 esse
1219 1151 1330 1198 vult,
1362 1153 1574 1205 proprium
1599 1154 1877 1193 testimonium
1900 1168 2014 1195 meae

218 1216 400 1256 mandis
431 1214 561 1255 esset!
605 1214 717 1261 Quid
749 1215 857 1254 enim
890 1215 1022 1267 optari
1053 1220 1208 1266 potest,
1256 1214 1366 1266 quod
1398 1228 1473 1265 ego
1504 1215 1690 1260 mallem,
1722 1228 1846 1268 quam
1877 1230 1942 1256 me
1971 1217 2013 1256 iu

269 1278 488 1318 consulatu
518 1290 610 1315 meo
643 1276 875 1316 carnificem
909 1276 960 1316 de
989 1276 1104 1323 foro,
1135 1291 1297 1316 crucem
1323 1276 1372 1316 de
1394 1290 1536 1330 campo
1559 1278 1804 1316 sustulisse?
1836 1277 1915 1317 Sed
1937 1278 2014 1318 ista

267 1341 357 1379 laus
402 1339 580 1392 primum
621 1343 684 1378 cst
723 1338 922 1377 maiorum
962 1344 1217 1386 nostrorum,
1267 1340 1471 1387 Quirites,
1518 1341 1586 1393 qui
1626 1340 1810 1392 expulsis
1849 1340 2013 1392 regibus

268 1402 425 1441 nullum
456 1400 497 1439 in
529 1400 661 1439 libero
692 1400 846 1453 populo
868 1400 1088 1452 vestigium
1119 1401 1374 1441 crudelitatis
1395 1401 1530 1453 regiae
1552 1402 1830 1449 retinuerunt3
1863 1401 2013 1440 deinde

264 1464 489 1504 multorum
520 1462 704 1502 virorum
736 1462 926 1508 fortium,
967 1462 1037 1514 qui
1078 1468 1256 1501 vestram
1288 1463 1519 1501 libertatem
1550 1476 1633 1502 non
1666 1464 1885 1503 acerbitate
1917 1477 2013 1516 sup-

213 1535 249 1562 ‘20
264 1527 485 1580 pliciorum
516 1524 722 1571 infestam,
755 1524 826 1563 sed
858 1524 1027 1563 lenitate
1059 1524 1194 1576 legum
1228 1526 1425 1564 munitam
1458 1539 1548 1564 csse
1572 1525 1803 1564 voluerunt.
1848 1526 1915 1564 lv.
1948 1522 1962 1563 ³l
1982 1522 2010 1563 l.

266 1589 398 1636 Quam
431 1588 482 1627 oh
515 1601 601 1626 rem
632 1592 724 1626 uter
753 1592 939 1626 nostrum
970 1586 1157 1633 tandem,
1188 1586 1391 1633 Labiene,
1422 1587 1633 1639 popularis
1665 1590 1753 1626 est?
1792 1594 1908 1634 tune,
1941 1588 2010 1640 qui

261 1651 418 1690 civibus
450 1650 645 1689 Romanis
676 1649 718 1687 in
751 1649 942 1688 contione
975 1649 1061 1701 ipsa
1093 1649 1347 1695 carnificem,
1380 1649 1450 1701 qui
1482 1649 1645 1688 vincula
1675 1649 1860 1687 adhiberi
1890 1654 2010 1701 putas

261 1718 470 1766 oportere,
510 1712 581 1765 qui
618 1711 660 1750 in
693 1724 837 1763 campo
870 1710 1043 1756 Martio,
1087 1711 1264 1749 comitiis
1297 1710 1559 1757 centuriatis,
1596 1711 1804 1763 auspicato
1846 1711 1888 1749 in
1920 1711 2009 1750 loco

259 1789 420 1815 crucem
452 1774 504 1814 ad
536 1774 687 1813 civium
719 1772 967 1826 supplicium
1000 1771 1120 1823 deligi
1154 1778 1192 1811 et
1224 1773 1418 1811 constitui
1450 1772 1588 1811 iubcs:
1633 1786 1684 1811 an
1716 1786 1813 1824 ego,
1845 1773 1915 1825 qui
1946 1772 2009 1811 fu-

207 1843 243 1872 ¹25
259 1837 412 1877 nestari
445 1836 682 1876 contionem
716 1835 960 1887 contagione
989 1832 1189 1874 carnificis
1212 1840 1317 1881 veto,
1343 1835 1416 1887 qui
1440 1835 1688 1888 expiandum
1710 1835 1845 1874 sorum
1867 1834 2008 1887 populi

257 1899 430 1939 Romani
461 1899 511 1938 ab
535 1897 618 1938 illis
638 1897 785 1937 nefarii
814 1896 984 1935 sceleris
1004 1896 1191 1948 vestigiis
1214 1910 1305 1935 esso
1327 1897 1440 1944 (lico,
1475 1898 1543 1950 qui
1575 1903 1727 1937 castam
1759 1897 2006 1943 contionem,

257 1966 442 2000 sanctum
475 1973 687 2013 campum,
719 1959 964 1999 inviolatum
997 1972 1147 2011 corpus
1179 1959 1362 1998 omnium
1395 1960 1544 1999 civium
1567 1961 1871 2006 Romanorum,
1902 1959 2008 1998 inte-

255 2037 372 2076 grum
416 2023 481 2062 ius
523 2022 725 2061 libertatis
768 2019 945 2060 defendo
987 2022 1137 2060 servari
1170 2024 1388 2073 oportere?
1464 2019 1526 2060 (Ιέ.
1559 2022 1771 2075 Popularis
1807 2033 1906 2060 vero
1937 2022 2008 2060 tri-

254 2086 391 2125 bunus
431 2085 507 2139 pl.‚
555 2090 695 2124 custos
734 2083 1012 2136 defensorque
1048 2083 1147 2121 iuris
1180 2089 1217 2122 et
1250 2083 1473 2123 libertatis!
1523 2083 1666 2123 Porcia
1696 2082 1763 2122 lex
1792 2084 1927 2135 virgas
1957 2084 2007 2122 ab

204 2155 240 2182 30
255 2148 437 2186 omnium
470 2147 621 2186 civium
652 2147 934 2185 Romanorum
967 2159 1137 2198 corpore
1170 2147 1343 2184 amovit:
1374 2146 1440 2186 hic
1474 2147 1706 2185 misericors
1738 2145 1898 2197 flagella
1928 2151 2009 2185 ret-

257 2210 360 2249 tulit.
421 2209 564 2248 Porcia
597 2208 664 2246 lex
696 2208 929 2247 libertatem
962 2207 1114 2246 civium
1146 2207 1277 2246 lictori
1311 2208 1482 2261 eripuit:
1519 2208 1749 2255 Labienus,
1780 2207 1904 2246 homo
1935 2221 2008 2260 po-

254 2271 434 2324 pularis,
466 2268 647 2310 carnifici
680 2270 861 2309 tradidit.
923 2268 965 2308 C.
998 2269 1205 2308 Gracchus
1236 2269 1367 2321 legem
1401 2271 1512 2316 tulit,
1546 2283 1596 2309 ne
1627 2269 1678 2309 de
1700 2270 1833 2322 capite
1857 2270 2005 2309 civium

252 2334 528 2371 Romanorum
572 2332 735 2371 iniussu
766 2337 903 2370 vestro
934 2331 1212 2370 iudicaretur:
1251 2332 1317 2371 hic
1356 2333 1569 2385 popularis
1600 2346 1622 2372 a
1654 2332 1905 2379 duumviris,
1946 2334 2008 2371 in-

253 2395 369 2434 iussu
415 2400 576 2440 vestro,
622 2407 704 2433 non
751 2394 923 2432 iudicari
966 2393 1017 2432 dc
1058 2393 1145 2432 cive
1186 2394 1390 2441 Romano,
1437 2395 1508 2433 sed
1540 2395 1693 2434 indicta
1725 2407 1846 2434 causa
1878 2394 2005 2434 civem

201 2466 237 2493 :35
252 2458 482 2496 Romanum
526 2457 671 2508 capitis
704 2455 969 2495 condemnari
1002 2457 1147 2508 coegit.
1208 2453 1272 2495 2123.
1305 2458 1365 2496 Tu
1403 2457 1502 2495 mihi
1536 2457 1658 2496 ctiam
1690 2456 1792 2508 legis
1824 2455 2004 2503 Porciae,

252 2525 293 2559 tu
327 2520 368 2557 C.
402 2518 599 2565 Gracchi,
642 2523 684 2557 tu
715 2517 863 2557 horum
895 2517 1120 2565 libertatis,
1162 2524 1203 2557 tu
1237 2519 1479 2571 cuiusquam
1512 2519 1691 2571 denique
1721 2519 1901 2557 hominis
1932 2532 2004 2571 po-

252 2581 408 2633 pularis
440 2581 691 2620 mentionem
723 2579 845 2625 sacis,
886 2580 957 2633 qui
989 2594 1073 2618 non
1104 2580 1226 2620 modo
1259 2580 1476 2632 suppliciis
1508 2580 1733 2627 inusitatis,
1776 2580 1846 2619 sed
1879 2581 2003 2619 ctiam

252 2643 469 2683 verborum
512 2642 756 2682 crudelitate
798 2642 983 2682 inaudita
1019 2642 1174 2681 violare
1216 2643 1445 2681 libertatem
1486 2642 1608 2680 huius
1640 2642 1803 2694 populi,
1848 2648 2004 2682 tentare

340 2796 369 2826 1.
396 2795 603 2826 convenerint
626 2795 717 2826 mei:
744 2796 969 2826 canem-rerinl
994 2796 1070 2827 cod.
1098 2797 1308 2827 l·'rancianus
1333 2793 1427 2825 solus
1453 2804 1491 2825 cx
1519 2795 1622 2830 uotis,
1649 2795 1684 2825 Ο.
1715 2812 1745 2818 -
1777 2794 1806 2826 Ji.
1833 2795 2002 2831 mulcle&

248 2845 353 2876 multa
377 2846 477 2884 Lagg,
506 2846 637 2875 Oxonn.
665 2847 699 2875 et
723 2846 743 2875 S
768 2854 812 2875 m.
841 2854 910 2875 scc.
940 2863 973 2866 —
1001 2847 1218 2884 pers-crimuni
1244 2845 1430 2876 Manutius:
1455 2845 1694 2883 praescriptum
1719 2844 1820 2875 codd.
1845 2861 1879 2867 —
1908 2845 1937 2875 6.
1964 2844 2004 2874 ab

250 2896 318 2926 mei
345 2897 485 2935 practer
509 2895 567 2925 t'k:
601 2895 641 2925 ab
665 2904 734 2926 om.
762 2896 799 2931 lx3
832 2905 851 2925 a
878 2895 904 2931 t',
932 2897 967 2926 ut
993 2896 1146 2931 ridetur,
1173 2898 1209 2926 0.
1239 2914 1271 2916 —
1307 2896 1335 2925 8.
1362 2895 1457 2925 nimis
1483 2894 1502 2925 f.
1532 2912 1565 2915 —
1594 2895 1644 2924 11.
1671 2898 1700 2924 cl
1721 2895 1851 2934 staffilo!
1875 2903 1943 2925 om.
1971 2903 2002 2933 g.

251 2963 284 2966 —
314 2946 363 2975 12
391 2945 505 2975 Rabiri
529 2944 546 2975 6
572 2944 674 2975 codd.
703 2945 803 2983 Lag-fg.
833 2963 866 2966 κ
903 2946 951 2976 13.
978 2946 1010 2975 Μ
1035 2945 1159 2976 ‹lclcxit
1187 2946 1341 2976 Bcclxius.
1381 2945 1524 2975 «Notum
1552 2953 1642 2974 minc
1667 2945 1735 2980 est,
1770 2944 1854 2982 quod
1878 2944 2004 2974 utinam

250 2995 291 3024 ita
319 2995 416 3034 poni,
443 2995 480 3024 ut
504 2994 588 3032 quod
611 2994 660 3030 si,
687 2995 771 3033 quod
794 2994 864 3031 vbi,
892 2995 977 3033 quod
1001 2995 1098 3033 qnia,
1125 2996 1210 3034 (μιωά
1234 2995 1422 3032 quoniam.»
1449 2994 1505 3024 Οιι.
1527 2994 1554 3023 2.
1586 2995 1625 3024 At
1652 3002 1776 3024 rcreor
1799 2995 1835 3024 ut
1858 2993 1891 3023 h.
1912 2992 1931 3023 l.
1959 2994 2001 3023 ita

250 3044 399 3083 positum
431 3044 484 3074 sit.
520 3043 569 3074 (Is.
596 3044 698 3074 etiam
732 3045 872 3075 Baltium
900 3044 940 3074 ad
967 3045 1031 3075 Cic.
1061 3045 1154 3084 Leues
1177 3054 1209 3084 p.
1236 3044 1309 3074 5386.
1339 3061 1372 3064 —
1412 3041 1461 3073 11.
1489 3046 1521 3073 ul
1547 3042 1632 3073 lilJcr
1656 3043 1840 3073 Torrentii:
1876 3043 2003 3073 utinam

251 3093 351 3123 codd.
380 3092 452 3123 rell.
481 3094 511 3123 et
539 3092 618 3123 edd.
648 3111 682 3115 —
709 3093 766 3123 hoc
792 3093 914 3124 coddss.
953 3102 1021 3124 om.
1049 3094 1073 3122 Ο
1099 3102 1177 3124 cum
1203 3094 1257 3123 <ut
1286 3094 1376 3123 Crat.
1405 3109 1437 3112 —
1467 3093 1517 3122 1¹6.
1544 3092 1740 3122 sustulissem
1764 3091 1782 3122 4
1806 3092 1936 3123 Oxonn.
1966 3110 1999 3114 —

250 3143 301 3172 022.
328 3142 475 3173 contione
499 3142 567 3173 mei
594 3144 733 3182 praeter
757 3152 795 3173 n:
823 3144 975 3173 com-ione
999 3146 1034 3173 O.
1064 3161 1098 3165 —
1124 3143 1256 3173 vincula
1280 3142 1357 3173 Tk:
1384 3141 1489 3171 rinclu
1516 3140 1586 3171 rcll.
1614 3141 1701 3178 mci,
1729 3142 1765 3171 O.
1786 3157 1819 3162 —
1848 3141 1899 3171 25
1925 3149 2003 3170 car·-

250 3191 352 3230 uisicis
376 3192 566 3231 conlagyione
591 3194 623 3221 S.
654 3207 687 3213 —
716 3192 769 3222 245.
795 3193 931 3232 nefariis
955 3193 1022 3223 mci
1049 3194 1188 3232 praeter
1213 3192 1232 3223 s.
1258 3209 1291 3212 —
1320 3192 1371 3221 ³27.
1398 3191 1561 3229 {alearum
1584 3192 1634 3221 ius
1650 3208 1695 3212 --
1711 3190 1829 3220 civium
1854 3191 1942 3220 Rom.
1969 3189 1999 3219 in

252 3241 271 3269 S
298 3240 327 3269 in
354 3241 507 3279 margine
533 3240 693 3272 inferiore
719 3240 780 3272 alia
808 3251 911 3273 manu
938 3241 1094 3282 suppleta
1119 3243 1209 3272 sunt.
1240 3259 1272 3262 —
1311 3242 1362 3271 30.
1389 3241 1459 3270 tulit
1484 3241 1518 3270 Τ.
1547 3258 1577 3262 —
1608 3241 1659 3271 32.
1688 3240 1831 3271 Graccus
1855 3240 1871 3270 7
1897 3241 1998 3279 Lagg.

253 3306 286 3308 m
315 3290 365 3320 33.
393 3291 573 3321 clamauit-is
596 3299 630 3321 m
654 3300 706 3331 pr.
734 3300 780 3321 m.
810 3309 842 3313 —-
881 3292 932 3322 37.
958 3293 1059 3331 l'acies
1083 3292 1103 3322 t'.
1134 3309 1165 3312 ω
1194 3292 1245 3322 38.
1270 3290 1439 3321 cerberum
1464 3300 1541 3329 jam.
1572 3309 1604 3312 —
1639 3290 1828 3321 crudelitate
1851 3289 1999 3320 inaudita

251 3338 318 3369 mei
344 3342 482 3380 praeter
506 3341 545 3379 k,
573 3340 630 3381 qui
655 3349 724 3372 om.
749 3341 916 3372 inaudita:
945 3342 1095 3372 z'naznlila
1118 3341 1307 3371 crudelitale
1331 3342 1366 3371 O.
