2143 3713
511 228 565 267 IN
594 225 817 267 VERREM
845 223 1005 264 ACTIO
1039 223 1280 265 SECUNDA
1311 224 1398 263 Lm.
1428 223 1498 263 111.
1804 219 1886 262 3⁴9

142 338 361 379 severitate
392 343 432 379 et
455 338 677 391 ,diligentia
706 349 771 375 me
803 336 908 376 duce
940 341 980 376 et
1009 340 1177 376 auctore
1208 335 1252 375 in
1282 347 1402 388 agros
1433 339 1557 388 atque
1582 335 1624 375 in
1646 334 1766 376 sedes
1788 347 1884 376 suas

139 406 412 441 revertantur.

228 544 258 575 4,
284 546 313 574 et
336 546 423 574 auct.
448 542 491 573 V:
519 544 616 579 atque
639 542 726 571 auct.
751 537 824 570 rell.
851 540 888 570 O.
917 557 949 560 —
977 539 1064 570 sedes
1087 537 1208 570 codd.:
1242 538 1338 570 aedes
1366 538 1401 569 L.
1427 537 1522 570 4584.
1551 555 1586 560 -
1612 538 1649 569 In
1674 538 1701 569 V
1725 540 1778 570 est
1800 538 1886 571 sub-

140 599 304 640 scriptio:
343 599 390 630 IN
411 598 444 629 C.
474 596 647 628 ls'EItIlEM
668 595 723 626 III.
747 594 868 627 INCIP.
894 595 973 626 LIB.
998 594 1069 626 IIII.
1094 594 1322 626 FELICITER.

743 788 787 825 Ε
813 787 865 826 X
892 787 932 825 c
957 788 1002 826 u·
1027 786 1080 826 R·
1105 786 1145 825 S
1171 786 1216 824 U
1242 785 1281 825 S

349 864 403 897 AD
426 863 522 895 ACT.
548 863 587 894 11.
613 863 657 894 IN
681 862 853 894 VERREM
876 863 955 894 ΜΒ.
981 863 1036 894 111.
1067 862 1159 893 CAP.
1186 861 1286 892 xm.
1312 861 1364 892 72.
1391 860 1444 892 ET
1467 860 1597 893 xxxii.
1623 861 1677 894 75.

225 946 414 984 Permagna
439 952 519 975 cum
544 943 706 975 omnibus
731 942 802 975 fere
828 944 861 975 in
885 942 970 975 locis
995 941 1058 974 illis
1082 942 1126 974 de
1150 950 1187 973 re
1212 941 1438 973 frumentaria
1456 941 1612 973 obtineat
1635 941 1792 974 confusio
1815 944 1889 974 tum

140 1001 172 1032 in
197 1000 387 1038 mensuris,
413 1001 488 1031 tum
512 1000 546 1031 in
570 999 744 1038 numeris,
771 1008 899 1040 operae
924 999 1074 1039 pretium
1099 998 1272 1030 facturum
1297 1006 1354 1029 me
1379 1006 1456 1030 esse
1481 1000 1576 1030 ratus
1601 1006 1698 1037 sum,
1731 999 1759 1030 si
1784 1007 1889 1039 quam

140 1055 289 1087 maxime
314 1055 389 1087 fieri
412 1057 548 1097 posset,
575 1055 619 1086 ad
644 1056 887 1087 auctoritatem
913 1054 1023 1086 Codd.
1050 1056 1085 1086 et
1108 1053 1193 1085 Edd.
1220 1055 1302 1085 vett.
1331 1055 1602 1092 revocarentur,
1636 1053 1788 1095 expulsis
1812 1057 1890 1087 tan-

139 1111 220 1143 dem
256 1112 442 1144 Hotomani
471 1111 770 1149 correctionibus,
803 1111 862 1142 ubi
892 1119 1036 1152 prorsus
1067 1110 1292 1142 necessariae
1324 1118 1392 1141 non
1425 1112 1555 1141 essent.
1602 1110 1672 1142 Etsi
1703 1110 1833 1151 ubique
1857 1110 1891 1142 id

138 1167 222 1199 mihi
245 1175 414 1208 prospere
439 1168 589 1199 cessisse
613 1167 755 1199 minime
781 1166 978 1204 contendo,
1006 1168 1122 1198 tamen
1149 1167 1181 1197 in
1205 1165 1344 1197 duobus
1361 1166 1476 1197 statim
1500 1166 1621 1207 primis
1646 1165 1730 1198 locis
1748 1166 1892 1199 demon—

138 1225 250 1255 strare
275 1223 448 1262 conabor,
476 1222 653 1264 quomodo
679 1232 720 1254 eo
745 1223 778 1254 in
803 1224 942 1263 incepto
967 1222 1180 1254 versandum
1205 1230 1284 1253 esse
1302 1221 1471 1253 videatur.
1512 1222 1594 1253 Tota
1620 1223 1738 1254 autem
1762 1231 1818 1255 res
1842 1223 1891 1255 sic

137 1279 210 1311 fere
235 1280 350 1311 animo
374 1281 427 1311 est
450 1278 680 1310 informanda.
727 1277 828 1310 Siculi
854 1287 895 1309 ex
922 1277 998 1317 lege
1023 1278 1207 1309 Hieronica
1232 1286 1250 1308 a
1276 1277 1439 1309 Romanis
1463 1279 1669 1310 conservata
1693 1278 1809 1318 farris,
1835 1279 1894 1310 tri-

138 1336 213 1374 tici,
239 1335 362 1367 hordei
385 1335 553 1367 decumas
578 1336 670 1376 ipsas
695 1334 880 1376 quotannis
897 1334 1050 1366 Praetori
1066 1335 1221 1365 Romano
1246 1333 1412 1365 exhibere
1437 1342 1478 1365 ac
1495 1334 1685 1374 Syracusas
1707 1333 1763 1366 vel
1787 1343 1893 1375 quem

138 1391 171 1423 in
195 1390 312 1423 locum
335 1392 363 1424 is
386 1392 559 1430 iussisset,
587 1390 772 1432 deportare
797 1389 988 1422 debebant.
1038 1389 1137 1428 Quod
1161 1390 1188 1422 si
1213 1389 1387 1422 frumento
1412 1391 1486 1430 ipso
1511 1391 1665 1421 Praetori
1688 1398 1776 1431 opus
1799 1390 1893 1421 haud

138 1448 248 1484 esset,
275 1447 413 1488 utrique
437 1456 520 1479 sane
544 1448 656 1489 parti,
683 1448 717 1479 et
739 1445 861 1478 Siculis
887 1447 921 1477 et
945 1446 1118 1485 Praetori,
1145 1445 1374 1487 expediebat,
1399 1447 1438 1477 ut
1461 1445 1666 1487 redemptor
1689 1447 1761 1479 sive
1788 1446 1894 1478 decu-

137 1511 263 1536 manus
287 1501 410 1544 aliquis
435 1505 570 1535 emeret
593 1513 611 1535 a
636 1504 798 1534 Praetore
824 1502 1012 1540 decumas,
1048 1501 1082 1533 id
1114 1503 1185 1540 est,
1220 1501 1412 1542 praedibus
1442 1501 1530 1534 datis
1561 1502 1776 1543 susciperet,
1813 1510 1892 1534 sese

137 1567 201 1601 pro
233 1559 307 1590 rata
337 1558 567 1590 decumarum
598 1559 757 1599 portione
783 1559 916 1590 certam
940 1558 1111 1598 pecuniae
1135 1566 1310 1589 summam
1332 1559 1597 1590 numeraturum
1622 1566 1701 1590 esse
1725 1558 1891 1590 Praetori.

140 1614 252 1653 Quid‘I
276 1614 371 1655 quod
395 1615 552 1647 civitates
576 1615 673 1655 ipsae
696 1623 836 1655 quoque
862 1613 956 1645 liceri
980 1615 1141 1655 poterant
1157 1613 1326 1646 adversus
1343 1614 1614 1654 empturientes,
1639 1613 1674 1645 id
1691 1616 1761 1655 est,
1787 1614 1895 1647 susci-

139 1679 242 1712 pere,
269 1679 307 1702 se
331 1671 502 1702 maiorem
528 1671 633 1702 ctiam
657 1671 826 1711 pecuniae
852 1677 1046 1708 summam,
1074 1678 1179 1710 quam
1205 1669 1248 1700 ab
1274 1668 1336 1701 illis
1353 1667 1468 1700 oblata
1487 1670 1598 1708 esset,
1625 1668 1798 1702 soluturas
1814 1678 1893 1703 esse

138 1727 310 1765 Praetori,
337 1735 377 1758 ea
402 1727 566 1758 nimirum
591 1726 815 1763 condicione,
846 1727 884 1756 ut
907 1726 990 1766 ipsis
1015 1733 1225 1757 concessum
1250 1726 1344 1757 esset
1367 1734 1387 1756 a
1411 1725 1482 1757 suis
1507 1724 1702 1758 aratoribus
1726 1725 1893 1758 decumas

139 1781 194 1814 vel
224 1782 410 1822 pecuniam
444 1783 713 1814 convenientem
748 1781 918 1821 redigere.
957 1780 1018 1819 (Cf.
1045 1780 1076 1821 g.
1103 1781 1155 1812 77.
1183 1782 1218 1812 et
1241 1781 1305 1820 99.)
1342 1779 1428 1813 Nihil
1462 1781 1553 1812 enim
1583 1781 1728 1813 curabat
1750 1783 1896 1814 Praetor

139 1836 194 1869 vel
218 1838 334 1878 potius
358 1838 432 1878 ipse
456 1836 606 1878 Populus
631 1838 820 1876 Romanus,
848 1846 866 1867 a
891 1845 960 1877 quo
985 1836 1193 1868 tantundem
1216 1837 1386 1878 pecuniae
1404 1837 1590 1878 acciperet,
1618 1837 1810 1870 dummodo
1835 1837 1895 1870 de-

141 1901 265 1925 cumae
291 1901 397 1933 quam
420 1892 569 1933 plurimo
592 1893 782 1925 venissent.
822 1892 882 1932 (Cf.
910 1892 939 1932 g.
967 1892 1054 1932 2147.)

228 1949 442 1989 Redemptor
465 1948 592 1980 deinde
618 1949 650 1979 in
676 1949 869 1987 civitatem,
907 1948 1005 1979 cuius
1029 1947 1198 1980 decumas
1222 1949 1370 1986 emerat,
1398 1948 1574 1989 profectus
1598 1948 1716 1990 ibique
1741 1958 1759 1981 a
1783 1949 1895 1990 magi-

141 2006 250 2037 stratu
285 2004 422 2036 adiutus
451 2003 507 2036 vel
535 2004 702 2036 decumas
732 2004 824 2044 ipsas
856 2002 1005 2044 cogebat
1034 2002 1089 2034 vel
1123 2003 1211 2035 facta
1246 2012 1327 2036 cum
1350 2003 1491 2044 singulis
1515 2004 1711 2037 aratoribus
1733 2005 1894 2047 pactione

142 2060 184 2101 (g.
213 2060 298 2100 412.)
330 2060 514 2101 pecuniam
547 2060 590 2091 ab
622 2060 736 2092 isdem
759 2059 988 2100 percipiebat.
1036 2059 1186 2100 Utraque
1211 2059 1245 2091 in
1271 2069 1309 2091 re
1338 2062 1372 2091 et
1396 2060 1644 2101 compendium
1669 2063 1704 2093 et
1727 2061 1894 2094 damnum

140 2115 256 2148 facere
285 2118 422 2157 poterat
446 2116 665 2148 decumanus
699 2124 761 2157 pro
794 2115 1030 2156 magnitudine
1049 2115 1233 2156 emptionis
1257 2124 1298 2147 ac
1321 2124 1386 2157 pro
1401 2116 1558 2149 variabili
1581 2116 1745 2150 frumenti
1766 2119 1891 2159 pretio.

142 2171 204 2212 (Cf.
232 2171 263 2212 g.
292 2172 378 2211 ΗΟ.)

226 2229 267 2259 At
299 2228 435 2259 eertum
469 2226 606 2259 lucrum
641 2227 781 2258 omnino
817 2235 898 2258 cum
928 2226 1200 2268 praeferendum
1231 2228 1342 2267 esset,
1381 2230 1559 2270 emptores
1589 2229 1729 2271 Apronii
1763 2229 1894 2262 similes

142 2282 185 2324 (ἓ.
212 2283 277 2322 67.)
303 2282 363 2314 ubi
386 2283 420 2321 in
445 2283 621 2315 civitatem
644 2282 710 2314 sibi
733 2282 908 2314 addictam
931 2284 1191 2324 pervenissent,
1219 2283 1254 2315 id
1278 2284 1455 2316 interdum
1478 2284 1690 2326 poscebant,
1716 2287 1754 2318 ut
1775 2286 1895 2318 civitas

140 2338 224 2380 ipsis
247 2338 334 2370 lucri
357 2338 487 2379 aliquid
511 2338 627 2378 daret,
663 2338 698 2370 id
730 2340 798 2377 est,
830 2339 999 2371 maiorem
1028 2338 1204 2380 aliquanto
1229 2348 1404 2373 summam
1428 2341 1468 2373 iis
1491 2340 1668 2373 solverent
1691 2350 1750 2382 ea,
1788 2350 1895 2383 quam

142 2403 184 2426 ex
208 2395 394 2436 emptionis
417 2394 493 2435 lege
517 2396 583 2436 ipsi
606 2394 793 2427 decumani
818 2396 972 2427 Praetori
996 2395 1080 2427 dare
1105 2395 1295 2434 deberent;
1325 2405 1394 2437 qua
1416 2397 1566 2438 pecunia
1589 2399 1734 2439 accepta
1757 2399 1896 2439 emptor

142 2450 311 2483 decumas
335 2451 461 2483 missas
484 2451 616 2483 faceret
640 2451 860 2491 civitatique,
895 2460 913 2482 a
939 2459 1007 2491 qua
1031 2450 1167 2483 lucrum
1191 2452 1406 2493 accepisset,
1441 2461 1561 2485 curam
1585 2452 1800 2494 relinqueret
1822 2454 1895 2486 sin-

141 2505 228 2547 gulis
245 2506 289 2538 ab
306 2506 502 2538 aratoribus
519 2506 688 2538 decumas
706 2505 902 2546 colligendi,
925 2515 995 2546 quo
1012 2507 1086 2547 ipsa
1102 2507 1289 2548 pecuniam
1306 2507 1503 2540 decumano
1520 2508 1637 2540 datam
1654 2510 1893 2550 recuperaret.

141 2562 214 2600 Qua
238 2562 382 2603 quidem
405 2563 440 2594 in
463 2571 518 2602 re,
545 2562 737 2594 dummodo
761 2562 963 2594 modestum
987 2563 1082 2594 esset
1104 2561 1241 2595 lucrum
1257 2565 1293 2595 et
1308 2564 1463 2595 Praetori
1487 2564 1561 2596 sive
1582 2563 1713 2605 Populo
1739 2566 1895 2597 Romano

140 2619 176 2649 et
197 2617 413 2659 redemptori
437 2620 572 2650 certum
596 2617 732 2650 lucrum
756 2618 825 2649 iam
849 2617 977 2658 adepto
1002 2619 1133 2659 pariter
1155 2619 1238 2651 satis
1262 2618 1386 2658 fiebat,
1413 2621 1517 2661 atque
1536 2621 1681 2652 civitatis
1701 2621 1824 2661 exiguo
1841 2619 1895 2652 vel

139 2673 232 2705 nullo
257 2682 339 2706 cum
362 2674 510 2713 damno,
535 2683 661 2715 magna
685 2674 806 2715 utique
831 2673 989 2706 molestia
1014 2673 1151 2706 liberati
1175 2677 1275 2707 erant
1297 2677 1466 2708 aratores.
1504 2676 1640 2708 Nemini
1664 2677 1766 2717 igitur
1788 2675 1896 2708 fiebat

140 2729 288 2761 iniuria:
314 2729 452 2762 lucrum
476 2731 570 2762 enim
594 2730 844 2762 immodestum
869 2730 896 2761 si
921 2730 1068 2770 petitum
1093 2732 1207 2769 esset,
1232 2732 1388 2764 recusari
1404 2733 1564 2774 poterat:
1590 2741 1706 2773 neque
1722 2731 1895 2765 eiusmodi

141 2785 279 2826 negotio
303 2793 383 2817 sese
407 2786 549 2818 omnino
574 2785 797 2818 immiscebat
820 2786 964 2817 Praetor
986 2786 1165 2818 honestus.

226 2842 300 2873 Mos
329 2842 431 2882 igitur
463 2842 526 2874 iste
551 2841 716 2882 paulatim
741 2850 822 2873 eum
847 2840 1067 2880 invaluisset,
1097 2842 1247 2881 Verres,
1278 2843 1384 2875 homo
1418 2843 1562 2876 insanus
1586 2845 1621 2875 et
1643 2843 1730 2876 lueri
1753 2852 1896 2885 semper

141 2896 388 2938 cupidissimus
403 2922 410 2935 ,
436 2897 586 2938 imperat
609 2898 653 2938 (g.
672 2898 739 2938 74.)
757 2896 1053 2937 Agyrinensibus,
1080 2901 1135 2929 «ut
1157 2899 1310 2930 decumas
1324 2899 1385 2938 ipsi
1402 2900 1528 2938 publice
1545 2900 1728 2940 accipiant‚'
1751 2899 1896 2939 Apronio

141 2951 270 2984 tucrum
293 2953 367 2984 dent
381 2962 392 2983 .·
406 2964 421 2981 n
446 2952 482 2984 id
506 2955 576 2992 est,
604 2954 782 2994 «cogetis,
808 2954 938 2993 inquit,
964 2955 1103 2985 vosmet
1125 2954 1190 2994 ipsi
1214 2954 1258 2986 ab
1275 2954 1471 2987 aratoribus
1486 2957 1612 2988 vestris
1630 2955 1798 2987 decumas
1815 2964 1896 2988 eas-

143 3016 211 3049 que
235 3007 291 3040 vel
315 3008 380 3049 ipsi
404 3009 638 3048 consumetis,
663 3008 741 3048 vel,
767 3010 816 3040 uti
842 3009 975 3040 fortuna
998 3007 1130 3049 tulerit,
1155 3010 1318 3042 vendetis
1334 3011 1610 3051 negotiatoribus
1626 3011 1808 3049 Romanis3
1833 3012 1897 3044 Po-

143 3062 224 3104 pulo
247 3072 332 3095 vero
355 3064 529 3104 Romano,
555 3064 589 3096 id
608 3066 662 3097 est
680 3064 780 3104 mihi,
807 3064 975 3103 eandem,
1002 3072 1109 3104 quam
1126 3066 1300 3106 Apronius
1321 3065 1511 3107 obtulerat,
1531 3068 1700 3108 pecuniae
1718 3074 1894 3099 summam

142 3119 389 3157 numerabitis;
422 3122 605 3161 praeterea
638 3121 808 3161 Apronio,
845 3121 903 3161 qui
938 3121 1119 3160 empturus
1155 3124 1230 3153 erat
1258 3124 1456 3154 vestrarum
1486 3123 1681 3155 arationum
1705 3122 1892 3162 decumas,

142 3172 279 3206 lucrum
309 3175 395 3206 mihi
428 3175 595 3217 placitum
631 3175 773 3216 dabitis,
807 3176 902 3217 quod
935 3184 998 3215 ego
1033 3184 1115 3208 cum
1149 3177 1246 3209 socio
1277 3186 1358 3210 meo
1389 3177 1578 3211 dividam.»
1624 3179 1740 3219 Longe
1764 3177 1896 3211 scilicet

143 3229 311 3262 maiorem
334 3229 421 3263 lucri
444 3233 581 3273 partem
605 3231 670 3264 sibi
694 3231 900 3264 reservabat
922 3231 1028 3263 homo
1052 3231 1262 3272 ingeniosus.

230 3285 268 3316 In
290 3285 386 3318 lucro
411 3289 529 3319 autem
552 3288 618 3319 isto
642 3288 860 3320 aestimando
883 3288 1032 3325 Verres,
1057 3288 1096 3318 ut
1118 3287 1229 3329 liquet
1249 3287 1307 3319 vel
1331 3297 1351 3320 e
1371 3288 1402 3330 S.
1419 3290 1487 3329 72„
1513 3298 1580 3322 nee
1603 3290 1719 3322 ratum
1741 3288 1895 3332 aliquem

146 3338 292 3373 modum
325 3350 441 3384 neque
475 3342 610 3376 finitam
643 3352 849 3377 mensuram
880 3342 1063 3384 servabat,
1099 3343 1163 3376 sed
1193 3345 1298 3385 prout
1313 3344 1352 3377 ei
1373 3344 1410 3378 in
1430 3346 1588 3379 mentem
1609 3347 1772 3387 venerat,
1806 3344 1892 3387 loci,
