2127 3708
633 219 729 260 CAP.
758 219 857 259 xm
872 240 926 248 -
940 218 1050 260 ΧΠ.
1089 217 1163 273 55.
1193 216 1388 261 36-43,
1825 219 1878 261 83

133 335 176 374 in
214 337 416 380 mentem,
454 330 743 385 repromisisse
782 331 987 371 Fannium
1018 332 1192 380 Roscio,
1233 332 1266 373 si
1300 332 1403 385 quid
1433 344 1457 372 a
1487 331 1629 373 Flavio
1659 332 1879 387 exegisset,

134 396 224 436 eius
254 400 414 448 partem
444 393 680 440 dimidiam,
711 393 782 433 sed
814 395 983 434 omnino
1013 395 1201 447 exegisse
1223 393 1341 434 nihil.
1380 393 1522 442 Quid?
1552 400 1597 434 tu
1616 409 1700 436 non
1722 397 1879 437 exitum

133 458 384 505 exactionis,
425 457 496 496 sed
535 456 702 495 initium
743 457 1082 509 repromissionis
1122 462 1309 509 spectare
1349 456 1496 495 debes:
1541 469 1698 510 neque,
1744 459 1777 498 si
1808 459 1879 498 ille

131 520 330 574 persequi
361 518 513 566 noluit,
546 531 630 557 non
662 519 775 572 quod
808 519 849 557 in
880 531 923 558 se
954 518 1033 558 fuit
1062 519 1283 566 iudicavit,
1323 518 1520 558 Roscium
1551 532 1668 567 suas,
1698 534 1781 560 non
1813 534 1880 560 so-

132 583 294 622 cietatis
324 580 416 621 lites
446 580 685 621 redemisse.
736 581 869 629 Quid,
900 581 934 620 si
966 581 1132 620 tandem
1161 581 1332 633 planum
1352 579 1481 628 facio,
1511 586 1606 634 post
1625 581 1879 622 decisionem
1912 591 1930 620 5

131 650 312 684 veterem
341 641 502 688 Roscii,
532 648 627 694 post
656 642 1024 695 repromissionem
1055 648 1264 682 recentem
1284 642 1391 682 hanc
1412 643 1581 690 Fannii,
1612 643 1690 684 Hs
1713 657 1880 683 cccmus

130 706 334 746 Fannium
364 717 388 743 a
418 704 467 751 Q.
498 704 666 751 Flavio,
698 706 875 757 Panurgi
897 705 1067 745 nomine
1089 705 1336 746 abstulisse:
1368 709 1509 745 tamen
1530 706 1686 746 diutius
1706 706 1881 748 illudere

130 769 208 808 viri
239 767 382 821 optimi
416 766 712 806 existimationi
747 765 813 821 [Q.
836 765 991 820 Roscii]
1024 768 1226 808 audebit?

242 830 351 869 XIV.
381 826 448 868 40.
479 829 608 868 Paulo
639 835 732 869 ante
764 831 1033 883 quaerebam,
1079 830 1120 869 id
1152 830 1266 883 quod
1296 830 1563 871 vehementer
1591 831 1642 871 ad
1673 845 1760 872 rem
1791 845 1883 884 per-

130 892 307 939 tinebat,
340 904 422 945 qua
454 890 505 930 de
529 904 653 930 causa
673 891 858 939 Flavius,
890 906 982 932 cum
1005 892 1055 931 de
1076 897 1162 931 tota
1182 892 1254 932 lite
1275 892 1431 933 faceret
1455 893 1714 946 pactionem,
1744 908 1882 948 neque
1897 901 1933 931 4ο

131 955 230 994 satis
268 953 476 1005 acciperet
513 965 536 992 a
574 952 749 1001 Roscio,
789 967 927 1007 neque
967 953 1123 994 iudicio
1170 954 1458 996 absolveretur
1487 969 1511 996 a
1539 957 1726 996 Fannio:
1772 971 1882 997 nunc

129 1030 248 1064 vero,
286 1016 328 1055 id
360 1014 474 1068 quod
505 1014 654 1053 mirum
687 1021 727 1054 et
758 1015 1003 1056 incredibile
1034 1020 1115 1063 est,
1161 1018 1354 1070 requiro,
1402 1031 1528 1072 quam
1559 1019 1611 1058 ob
1641 1032 1748 1067 rem,
1788 1033 1883 1059 cum

129 1078 181 1118 de
210 1083 299 1118 tota
326 1091 371 1117 re
402 1078 628 1117 decidisset
658 1092 751 1117 cum
782 1079 957 1126 Roscio,
989 1079 1066 1120 Hs
1099 1092 1267 1117 cccmoo
1299 1081 1523 1133 separatim
1542 1081 1702 1122 Fannio
1734 1081 1884 1122 dissol-

127 1141 246 1181 verit.
302 1141 392 1180 Hoc
434 1139 550 1187 loco,
593 1140 752 1186 Saturi,
792 1140 894 1193 quid
936 1154 1057 1194 pares
1096 1141 1372 1194 respondere,
1419 1143 1525 1183 scire
1556 1144 1700 1197 cupio:
1744 1150 1884 1184 utrum

130 1203 300 1243 omnino
337 1203 542 1242 Fannium
585 1216 609 1243 a
639 1203 781 1243 Flavio
814 1203 892 1243 HS
924 1217 1092 1242 cccmoo
1122 1217 1208 1243 non
1238 1204 1480 1253 abstulisse,
1519 1218 1572 1245 an
1603 1206 1685 1247 alio
1716 1207 1883 1246 nomine
1899 1214 1934 1243 ⁴5

129 1271 171 1306 et
199 1266 281 1306 alia
311 1266 361 1306 de
395 1279 521 1305 causa
550 1266 801 1306 abstulisse?
863 1263 929 1306 41.
963 1267 1006 1306 Si
1035 1267 1118 1306 alia
1148 1266 1199 1306 de
1230 1280 1375 1307 causa:
1412 1280 1521 1321 quae
1550 1269 1656 1308 ratio
1686 1268 1761 1308 tibi
1791 1282 1886 1308 cum

129 1341 178 1368 eo
208 1329 530 1368 intercesserat?
577 1328 711 1368 Nulla.
757 1328 958 1368 Addictus
991 1334 1078 1369 erat
1107 1329 1214 1369 tibi?
1257 1331 1362 1369 Non.
1411 1331 1582 1370 Frustra
1603 1336 1767 1384 tempus
1788 1343 1886 1370 con-

128 1395 231 1430 tero.
276 1389 479 1437 Omnino,
511 1390 670 1444 inquit,
702 1391 780 1430 HS
812 1403 983 1429 cccmoo
1016 1404 1039 1431 a
1059 1391 1201 1431 Flavio
1223 1405 1308 1431 non
1331 1391 1520 1440 abstulit,
1551 1406 1688 1447 neque
1707 1392 1887 1446 Panurgi

128 1452 297 1492 nomine
328 1465 467 1506 neque
498 1453 760 1507 cuiusquam.
811 1455 853 1494 Si
883 1454 1054 1507 planum
1084 1453 1216 1502 facio,
1254 1459 1351 1507 post
1378 1454 1486 1494 hanc
1515 1460 1726 1496 recentem
1757 1455 1887 1508 stipu-

129 1514 327 1555 lationem
357 1515 496 1555 Roscii
527 1515 605 1555 Hs
638 1528 806 1555 cccmoo
837 1531 862 1557 a
891 1517 1033 1557 Flavio
1065 1521 1105 1556 te
1134 1516 1384 1566 abstulisse,
1413 1518 1621 1572 numquid
1642 1530 1790 1558 causae
1811 1522 1936 1565 est,20

130 1578 234 1630 quin
263 1579 313 1618 ab
345 1577 500 1618 iudicio
531 1578 655 1618 abeas
685 1579 925 1632 turpissime
955 1579 1122 1619 victus?
1172 1577 1239 1619 42.
1272 1579 1366 1628 Quo
1397 1584 1501 1620 teste
1531 1580 1659 1633 igitur
1687 1579 1768 1620 hoc
1798 1579 1888 1633 pla-

131 1653 231 1680 num
261 1639 445 1679 faciam?
494 1642 692 1689 Venerat,
732 1649 778 1683 ut
807 1643 978 1696 opinor,
1019 1642 1122 1681 haec
1152 1654 1218 1681 res
1248 1641 1292 1681 in
1321 1642 1538 1682 iudicium.
1598 1642 1732 1683 Certe.
1782 1642 1887 1691 Quis

130 1707 218 1742 erat
247 1702 434 1755 petitor?
465 1704 662 1743 Fannius.
723 1704 827 1753 Quis
857 1707 981 1745 reus?
1018 1705 1199 1744 Flavius.
1258 1704 1362 1752 Quis
1392 1705 1548 1745 iudex?
1581 1704 1766 1746 Cluvius.
1823 1707 1888 1746 Ex

129 1764 194 1805 his
223 1779 333 1805 unus
367 1765 469 1804 mihi
501 1766 618 1805 testis
649 1771 712 1805 est
739 1768 1057 1820 producendus,
1090 1767 1162 1821 qui
1193 1767 1415 1820 pecuniam
1447 1768 1584 1808 datam
1615 1768 1738 1808 dicat.
1783 1767 1887 1816 Quis

131 1832 194 1867 est
224 1841 277 1867 ex
307 1827 373 1866 his
405 1827 702 1880 gravissimus?
750 1830 846 1869 Sine
878 1831 1184 1877 controversia,
1217 1830 1290 1883 qui
1312 1831 1499 1870 omnium
1518 1830 1675 1870 iudicio
1697 1844 1888 1884 compro·
1900 1842 1938 1873 25

129 1889 250 1930 batus
281 1896 355 1930 est.
417 1890 553 1938 Quem
582 1890 709 1943 igitur
739 1904 791 1931 ex
820 1892 885 1931 his
916 1892 1047 1931 tribus
1079 1905 1103 1932 a
1132 1905 1197 1931 me
1228 1898 1375 1932 testem
1397 1893 1692 1946 exspectabis?
1732 1893 1889 1933 Petito-

130 1955 251 1993 rem?
295 1952 478 1992 Fannius
511 1957 592 1991 est:
626 1958 769 1993 contra
799 1967 842 1993 se
873 1967 1102 2008 numquam
1134 1955 1420 1994 testimonium
1441 1955 1563 1995 dicet.
1607 1955 1765 1994 Reum?
1795 1954 1889 1994 Fla-

131 2015 223 2055 vius
255 2020 328 2056 est.
387 2015 426 2054 Is
457 2014 539 2054 iam
568 2016 731 2068 pridem
764 2022 823 2055 est
854 2022 1054 2056 mortuus.
1106 2016 1148 2056 Si
1178 2017 1358 2064 viveret,
1393 2017 1519 2057 verba
1549 2017 1639 2057 eius
1669 2017 1887 2057 audiretis.

130 2077 344 2118 Iudicem?
393 2077 563 2117 Cluvius
611 2083 684 2117 est.
745 2078 856 2126 Quid
901 2078 936 2118 is
978 2078 1111 2118 dicit?
1172 2078 1249 2118 HS
1288 2090 1456 2117 cccmoo
1496 2078 1676 2131 Panurgi
1718 2079 1887 2118 nomine

129 2142 317 2182 Flavium
337 2140 494 2180 Fannio
527 2140 782 2180 dissolvisse.
824 2140 959 2188 Quem
990 2147 1033 2179 tu
1065 2140 1099 2180 si
1133 2154 1186 2180 ex
1215 2153 1343 2180 censu
1374 2146 1557 2194 spectas,
1588 2153 1717 2194 eques
1738 2142 1936 2184 Roma-30

128 2218 208 2245 nus
239 2209 326 2252 est3
357 2203 391 2243 si
423 2216 475 2243 ex
507 2202 611 2250 vita,
641 2202 766 2242 homo
798 2202 1051 2242 clarissimus
1083 2207 1165 2250 est3
1198 2203 1233 2242 si
1262 2215 1315 2242 ex
1345 2208 1404 2251 te,
1435 2203 1618 2243 iudicem
1650 2203 1886 2256 sumpsisti;

128 2266 164 2307 si
194 2278 247 2306 ex
275 2265 471 2312 veritate,
511 2264 577 2311 id,
619 2265 736 2318 quod
767 2265 872 2304 scire
903 2264 1040 2318 potuit
1070 2269 1111 2304 et
1141 2264 1302 2312 debuit,
1342 2264 1461 2306 dixit.
1520 2263 1586 2305 43.
1615 2265 1750 2319 Nega,
1780 2278 1888 2319 nega

128 2341 241 2369 nunc
272 2327 402 2382 equiti
434 2328 643 2375 Romano,
683 2326 845 2367 homini
874 2326 1074 2374 honesto,
1114 2327 1244 2366 iudici
1274 2331 1370 2375 tuo,
1402 2327 1514 2368 credi
1545 2334 1751 2381 oportere.
1800 2329 1888 2370 Cir-

129 2389 371 2445 cumspicit,
401 2394 587 2430 aestuat:
618 2394 742 2442 negat
770 2401 847 2428 nos
880 2388 1016 2429 Cluvii
1046 2389 1331 2430 testimonium
1360 2391 1621 2431 recitaturos.
1679 2391 1887 2432 Recitabi·

128 2467 234 2494 mus.
288 2452 436 2493 Erras:
481 2451 596 2492 inani
638 2457 679 2492 et
714 2451 831 2492 tenui
871 2464 944 2505 spe
983 2456 1022 2491 te
1053 2451 1299 2491 consolaris.
1348 2453 1493 2493 Recita
1520 2453 1808 2493 testimonium
1838 2455 1934 2497 T-35

127 2515 288 2556 Manilii
317 2520 358 2556 et
389 2515 431 2556 C.
460 2515 601 2555 Luscii
631 2514 811 2563 Ocreae,
842 2513 1020 2554 duorum
1049 2519 1310 2563 senatorum,
1346 2514 1566 2555 hominum
1597 2515 1885 2556 ornatissimo-

211 2645 244 2678 4.
274 2645 427 2687 fannium
448 2645 591 2676 roscium
613 2645 738 2682 aGM,
767 2644 882 2685 fannio
906 2643 1055 2675 Roscium
1077 2644 1116 2675 A.
1145 2661 1180 2666 —-
1214 2644 1246 2675 2.
1271 2644 1326 2676 sed
1348 2643 1492 2685 omnino]
1514 2652 1547 2676 se
1569 2644 1699 2676 domino
1721 2645 1881 2677 aGMA.

125 2694 331 2728 Emendavit
353 2695 537 2728 Manutius.
558 2713 593 2717 —
621 2696 705 2734 Quid
729 2694 826 2726 tum?
848 2703 913 2725 non
930 2695 967 2725 L.
988 2712 1023 2716 -
1050 2693 1080 2725 3.
1099 2692 1219 2725 debes?
1242 2692 1276 2732 Q,
1303 2702 1472 2734 perversa
1488 2695 1670 2726 sententia.
1692 2713 1728 2717 —
1753 2694 1785 2727 4.
1807 2704 1884 2734 per-

125 2745 215 2785 sequi
247 2745 362 2786 noluit]
397 2745 431 2777 in
455 2755 490 2777 eo
513 2746 710 2785 sequendam
733 2746 816 2783 αθ,
847 2744 1106 2784 persequendum
1130 2744 1162 2775 M
1174 2744 1212 2775 Α.
1250 2744 1464 2776 Sententiam
1492 2743 1712 2785 probabilem
1735 2746 1884 2777 restituit

125 2796 316 2835 Manutius,
347 2794 411 2828 sed
441 2795 516 2836 ipsa
543 2794 653 2826 verba
687 2795 864 2827 Ciceronis
888 2793 1045 2825 nondum
1068 2795 1208 2834 reperta
1233 2795 1324 2826 sunt.
1353 2812 1388 2816 ——
1421 2794 1507 2834 quod
1535 2795 1570 2826 in
1597 2803 1634 2827 re
1659 2795 1723 2835 fait
1745 2795 1884 2827 Husch-

124 2845 214 2878 kius.
234 2863 270 2867 —
296 2845 328 2877 6.
352 2845 634 2884 repromissionem
657 2848 760 2876 entem
781 2848 939 2876 recentem
955 2845 1005 2882 M,
1030 2844 1314 2883 repromissionem
1337 2848 1446 2876 autem
1468 2847 1626 2876 recentem
1641 2845 1680 2876 A.
1702 2862 1736 2867 -
1763 2845 1879 2877 7—43.

124 2895 289 2927 Fannium
312 2903 334 2926 a
357 2895 394 2934 Q.
422 2894 533 2925 Flavio
548 2911 567 2916 -
581 2911 599 2917 -
615 2914 635 2919 —-
653 2903 726 2926 cum
748 2894 861 2926 Roscio
880 2894 934 2925 HS
949 2901 1080 2925 cccmoo
1097 2901 1166 2925 om.
1186 2904 1222 2925 α.
1244 2912 1279 2916 -
1306 2902 1327 2924 α
1344 2894 1378 2926 C.
1396 2894 1511 2925 Flavio
1529 2895 1555 2925 G
1567 2894 1599 2925 M
1611 2895 1650 2926 A.
1672 2912 1706 2917 —
1732 2897 1882 2927 tamenne

125 2945 247 2977 diutius
262 2946 298 2977 L.
323 2963 358 2967 —
384 2944 416 2976 8.
442 2944 660 2975 aestimationi
682 2946 720 2976 A.
749 2962 784 2966 —
818 2944 854 2983 Q.
880 2943 985 2974 Roscii
1015 2951 1097 2974 cum
1124 2944 1320 2975 Hotomano
1345 2943 1474 2976 delevit
1493 2945 1528 2975 L.
1563 2945 1633 2976 Nos
1657 2943 1878 2977 seclusimus.

129 3012 164 3018 —
190 2993 242 3026 ⁴3.
260 2993 440 3025 dissolverit
454 2995 499 3025 L:
526 2994 668 3025 dissolvit
681 3003 763 3025 cum
779 2993 960 3026 codicibus
976 2993 1003 3024 A
1017 2991 1038 3026 <3
1052 2993 1088 3024 O.
1103 3011 1138 3014 —
1166 2994 1217 3025 45.
1237 2993 1368 3024 omnino
1384 3001 1453 3024 om.
1471 2993 1516 3026 M.
1533 3011 1570 3015 —
1593 2992 1746 3033 fannium
1760 3010 1808 3017 -—
1825 2994 1882 3025 ab·

125 3043 261 3076 sentisset
277 3044 320 3082 M,
344 3043 479 3083 fannius
493 3060 540 3066 --
557 3043 736 3075 abstulisset
752 3053 776 3074 α
789 3044 811 3074 F
826 3044 862 3074 G.
881 3061 916 3065 —
935 3051 956 3072 a
981 3050 1050 3073 om.
1069 3043 1192 3073 aM—
1219 3043 1271 3074 46.
1290 3042 1470 3074 abstulisset
1490 3043 1550 3075 aF
1563 3044 1589 3074 G
1602 3043 1688 3074 M.—
1713 3043 1808 3075 Inter
1822 3052 1879 3076 vv.

126 3101 212 3133 quae
233 3094 269 3125 et
289 3094 378 3125 ratio
400 3093 434 3125 in
458 3094 491 3125 M
513 3092 638 3125 lacuna
663 3096 717 3125 est
739 3093 866 3125 decem
889 3092 962 3124 fere
985 3090 1188 3124 litterarum.
1217 3110 1252 3115 -
1281 3093 1335 3124 ⁶20.
1359 3101 1499 3125 causare
1521 3094 1585 3124 αθ
1599 3092 1648 3131 M,
1682 3100 1817 3124 causere
1836 3093 1878 3127 A.

126 3142 260 3183 (causae
281 3145 327 3174 est
348 3143 371 3174 F
395 3144 430 3174 et
451 3142 660 3183 Turnebus.)
687 3161 722 3165 —
748 3143 801 3175 ⁶23.
828 3142 884 3182 qui
906 3142 1006 3173 iudex
1029 3143 1110 3174 GM.
1135 3159 1171 3164 —
1197 3143 1249 3174 25.
1277 3142 1343 3183 qui]
1368 3142 1441 3182 quis
1461 3152 1498 3175 α.
1524 3160 1560 3165 —-
1585 3141 1815 3181 comprobatus
1835 3146 1882 3175 est

126 3191 292 3224 Orellius:
328 3192 558 3233 comprobatus
589 3196 636 3224 est
667 3192 768 3224 iudex
802 3200 884 3224 cum
919 3190 1100 3223 codicibus
1133 3191 1253 3231 ΑΒΕ,
1285 3192 1514 3232 comprobatus
1541 3194 1586 3224 est
1614 3190 1738 3233 [iudet]
1768 3192 1806 3224 Ο.
1839 3210 1875 3216 -

125 3240 179 3272 26.
205 3241 405 3281 exspectabis
427 3251 509 3275 cum
531 3243 727 3275 Hotomano
750 3244 798 3274 L:
822 3241 980 3283 spectabis
1002 3250 1083 3274 cum
1098 3240 1195 3274 libris
1210 3242 1274 3273 AL
1287 3241 1364 3281 80,
1388 3245 1558 3282 exspectas
1576 3239 1631 3272 vel
1653 3241 1882 3281 exspectabitis

126 3290 308 3324 Manutius.
329 3311 365 3316 —
389 3292 443 3325 28.
461 3296 517 3325 est.
541 3293 582 3334 Is]
599 3294 685 3325 testis
701 3294 810 3325 aGM.
831 3311 865 3316 —
892 3292 945 3324 3⁴.
970 3292 1182 3332 clarissimus]
1207 3292 1403 3323 castissimus
1424 3290 1577 3324 malebat
1591 3290 1781 3324 Lambinus
1798 3290 1875 3324 coll.

128 3338 160 3380 S.
171 3338 238 3381 47.;
254 3342 476 3376 sanctissimus
490 3341 646 3376 Halmius
660 3341 736 3376 coll.
745 3342 777 3384 S.
787 3341 841 3376 44.
850 3360 885 3366 —-
896 3341 948 3374 36.
962 3341 1081 3374 Manlii
1088 3343 1171 3375 A.-
1182 3340 1478 3384 ornatissimorum]
1490 3341 1787 3376 honestissimorum
1799 3342 1874 3374 MA.
