2143 3713
252 188 332 230 564
767 189 965 230 ORATIO
995 189 1096 229 PRO
1126 191 1174 229 A.
1207 190 1465 232 CLUENTIO

250 307 289 342 et
319 302 465 340 Guttae
497 305 605 340 esset
633 300 910 340 iudicandum.
959 302 1124 340 Summa
1155 303 1336 342 omnium
1359 303 1631 356 exspectatio,
1663 303 1857 356 quidnam
1889 319 1979 345 sen-

249 364 399 403 tentiae
437 362 589 402 ferrent
627 362 738 402 leves
779 376 824 402 ac
865 363 1082 402 nummarii
1122 363 1293 403 iudices.
1339 366 1473 418 Atque
1512 365 1572 403 illi
1609 378 1751 404 omnes
1782 367 1869 406 sine
1898 367 1981 406 ulla

247 425 502 464 dubitatione
534 424 820 465 condemnant.
880 422 944 462 713.
975 424 1051 463 Hic
1090 430 1172 463 tum
1204 425 1372 466 iniectus
1405 432 1464 466 est
1495 426 1732 466 hominibus
1763 428 1981 479 scrupulus

247 492 286 526 et
316 486 518 540 quaedam
548 487 772 533 dubitatio,
809 486 1004 539 quidnam
1043 491 1150 525 esset
1179 492 1326 526 actum.
1371 488 1529 527 Deinde
1560 488 1746 527 homines
1778 489 1982 541 sapientes

215 552 285 589 set
314 561 366 587 ex
394 554 532 589 vetere
571 549 642 588 illa
681 548 899 601 disciplina
938 548 1202 595 iudiciorum,
1246 549 1317 601 qui
1356 563 1492 603 neque
1528 550 1742 589 absolvere
1772 550 1982 590 hominem

245 612 584 651 nocentissimum
616 616 787 664 possent
817 623 952 663 neque
984 623 1100 654 eum,
1142 609 1192 649 de
1224 624 1306 663 quo
1338 618 1444 651 esset
1477 617 1564 651 orta
1596 613 1776 664 suspicio
1809 614 1984 666 pecunia

245 678 550 725 oppugnatum,
592 686 635 712 re
665 672 735 712 illa
766 672 975 724 incognita
1005 672 1135 723 primo
1168 672 1441 713 condemnare
1473 674 1650 719 vellent,
1692 686 1772 713 NON
1803 686 1982 721 LlQVERE

244 735 449 774 dixerunt.
491 735 686 774 Nonnulli
718 739 853 773 autem
886 735 1018 773 severi
1041 733 1249 780 homines,
1281 735 1351 787 qui
1377 735 1454 775 hoc
1480 740 1732 782 statuerunt,
1766 749 1849 789 quo
1873 737 1984 789 quis-

245 811 324 850 que
354 798 490 837 animo
522 797 623 850 quid
653 796 829 843 faceret,
860 797 1035 848 spectari
1067 802 1277 849 oportere,
1310 798 1383 836 etsi
1415 798 1482 837 alii
1515 798 1690 850 pecunia
1719 803 1884 850 accepta
1914 810 1983 836 ve-

197 872 332 900 iorum
371 859 627 905 iudicabant,
666 864 803 897 tamen
843 858 971 897 nihilo
1016 859 1149 897 minus
1182 872 1225 898 se
1256 860 1536 912 superioribus
1568 861 1653 900 suis
1684 860 1851 899 iudiciis
1883 873 1980 900 con-

243 926 350 961 stare
380 921 581 974 putahant
610 925 810 973 oportere.
869 921 1013 973 Itaque
1045 920 1303 960 damnarunt.
1359 921 1552 975 Quinque
1594 922 1761 961 omnino
1801 921 1980 968 fuerunt,

243 984 312 1037 qui
344 984 458 1023 illum
488 987 670 1022 vestrum
712 982 975 1021 innocentem
1008 982 1281 1035 Oppianicum
1317 984 1402 1023 sive
1434 984 1709 1037 imprudentia
1743 984 1829 1024 sive
1862 984 1983 1023 mise-

244 1046 418 1085 ricordia
449 1046 534 1084 sive
565 1044 705 1097 aliqua
735 1044 972 1096 suspicione
1004 1045 1088 1083 sive
1120 1045 1344 1085 ambitione
1375 1046 1540 1085 adducti
1573 1046 1851 1085 absolverunt.

354 1105 418 1145 77.
452 1106 734 1146 Condemnato
767 1106 996 1159 Oppianico
1029 1107 1164 1146 statim
1198 1108 1240 1146 L.
1273 1107 1514 1155 Quinctius,
1549 1108 1673 1147 homo
1705 1108 1879 1148 maxime
1910 1122 1984 1161 po-

196 1182 230 1211 15
243 1170 419 1223 pularis,
460 1170 529 1222 qui
570 1181 713 1207 omnes
752 1182 960 1208 rumorum
992 1174 1029 1208 et
1061 1169 1298 1209 contionum
1328 1175 1474 1210 ventos
1507 1170 1700 1221 colligere
1732 1176 1985 1216 consuesset,

244 1232 420 1272 oblatam
452 1231 527 1270 sibi
557 1230 793 1270 facultatem
826 1232 1004 1282 putavit,
1037 1236 1079 1270 ut
1111 1244 1163 1270 ex
1194 1231 1351 1270 invidia
1381 1232 1587 1271 senatoria
1619 1237 1757 1284 posset
1789 1244 1985 1279 crescere,

243 1292 354 1347 quod
385 1293 474 1333 eius
506 1292 662 1333 ordinis
682 1293 832 1332 iudicia
853 1293 986 1332 minus
1009 1293 1089 1332 iam
1111 1293 1274 1345 probari
1298 1294 1453 1346 populo
1475 1294 1758 1334 arbitrabatur.
1802 1293 1986 1333 Habetur

242 1369 325 1396 una
354 1360 478 1409 atque
508 1355 636 1395 altera
666 1355 804 1394 contio
835 1355 1056 1395 vehemens
1089 1361 1128 1394 et
1152 1356 1308 1408 gravis:
1343 1357 1549 1408 accepisse
1573 1355 1789 1408 pecuniam
1811 1354 1984 1401 iudices,

242 1423 288 1457 ut
316 1419 580 1458 innocentem
609 1431 723 1457 reum
755 1416 1099 1465 condemnarent,
1133 1418 1318 1457 tribunus
1350 1418 1481 1471 plebis
1513 1418 1774 1457 clamitabat:
1806 1418 1871 1470 agi
1903 1417 1985 1457 for-

193 1486 361 1522 sotunas
403 1481 585 1520 omnium
630 1480 812 1519 dicebat:
856 1479 968 1518 nulla
1008 1492 1096 1519 esse
1139 1479 1310 1519 iudicia:
1357 1481 1428 1533 qui
1471 1481 1739 1533 pecuniosum
1770 1480 1982 1519 inimicum

240 1543 431 1590 haberet,
462 1543 711 1582 incolumem
742 1555 832 1580 esse
863 1542 1068 1580 neminem
1098 1555 1233 1594 posse.
1276 1542 1473 1581 Homines
1505 1543 1629 1582 totius
1660 1542 1791 1594 ignari
1815 1542 1982 1594 negotii,

243 1605 314 1659 qui
345 1604 620 1658 Oppianicum
650 1616 875 1656 numquam
905 1603 1126 1650 vidissent,
1158 1604 1288 1643 virum
1312 1605 1511 1656 optimum
1535 1611 1574 1643 et
1597 1605 1805 1643 hominem
1828 1603 1986 1658 puden-

243 1667 442 1707 tissimum
483 1667 657 1720 pecunia
686 1680 927 1719 oppressum
960 1680 1049 1705 esse
1085 1666 1404 1713 arbitrarentur,
1445 1666 1602 1705 incensi
1634 1667 1869 1718 suspicione
1900 1680 1985 1706 rem

242 1731 283 1769 in
315 1729 495 1769 medium
525 1742 671 1768 vocare
702 1734 929 1780 coeperunt
960 1733 999 1767 et
1029 1742 1194 1768 causam
1226 1728 1338 1767 illam
1370 1733 1495 1768 totam
1528 1729 1766 1781 deposcere.
1820 1728 1884 1768 78.
1916 1731 1986 1769 At-

194 1804 229 1832 25
244 1807 324 1845 que
365 1793 436 1831 illo
476 1792 567 1844 ipso
611 1795 792 1843 tempore
825 1790 866 1829 in
897 1791 1019 1829 aedes
1052 1792 1096 1829 T.
1120 1790 1261 1837 Annii,
1301 1790 1481 1829 hominis
1512 1791 1814 1839 honestissimi,
1845 1805 1986 1831 neces-

244 1855 339 1894 sarii
372 1860 412 1894 et
441 1853 561 1893 amici
593 1852 694 1898 mei,
735 1858 858 1892 noctu
897 1854 1088 1892 Staienus
1119 1852 1340 1891 arcessitus
1371 1853 1420 1892 ab
1455 1853 1685 1905 Oppianico
1716 1854 1841 1893 venit.
1902 1855 1986 1894 Iam

245 1922 378 1956 cetera
409 1921 504 1956 nota
535 1920 630 1954 sunt
661 1914 876 1954 omnibus:
906 1919 951 1954 ut
981 1928 1070 1954 cum
1103 1915 1173 1953 illo
1197 1915 1450 1966 Oppianicus
1474 1916 1602 1967 egerit
1628 1915 1678 1954 de
1710 1916 1912 1967 pecunia,
1942 1921 1988 1955 ut

242 1980 311 2019 ille
343 1993 386 2019 se
418 1977 672 2018 redditurum
704 1990 794 2016 esse
826 1976 996 2023 dixerit,
1028 1981 1072 2016 ut
1103 1990 1195 2016 eum
1227 1990 1459 2016 sermonem
1491 1977 1695 2016 audierint
1725 1990 1890 2018 omnem
1913 1978 1986 2018 viri

243 2042 360 2089 boni,
392 2041 463 2095 qui
493 2045 579 2080 tum
611 2039 799 2078 consulto
832 2044 1000 2092 propter
1030 2040 1073 2078 in
1104 2039 1264 2078 occulto
1296 2039 1533 2079 stetissent:
1565 2044 1609 2078 ut
1637 2052 1700 2078 res
1721 2039 1926 2092 patefacta
1947 2046 1987 2080 et

195 2105 287 2144 30in
329 2104 463 2143 forum
503 2101 660 2155 prolata
701 2106 741 2140 et
777 2102 952 2153 pecunia
991 2102 1122 2141 omnis
1162 2102 1328 2141 Staieno
1373 2107 1534 2141 extorta
1574 2107 1695 2154 atque
1736 2107 1877 2154 erepta
1918 2102 1986 2141 sit.

245 2167 398 2205 XXIX.
429 2165 562 2204 Huius
594 2163 750 2202 Staieni
781 2176 960 2215 persona
990 2164 1142 2217 populo
1174 2163 1253 2203 iam
1285 2168 1381 2202 nota
1402 2169 1525 2216 atque
1556 2168 1772 2217 perspecta
1801 2164 1851 2203 ab
1873 2164 1988 2204 nulla

248 2228 355 2280 turpi
395 2226 631 2279 suspicione
673 2226 945 2265 abhorrebat:
986 2238 1248 2278 suppressam
1289 2239 1378 2265 esse
1410 2226 1459 2264 ab
1493 2239 1541 2265 eo
1584 2228 1822 2278 pecuniam,
1867 2239 1988 2280 quam

246 2302 320 2342 pro
352 2303 422 2329 reo
452 2288 786 2341 pronuntiasset,
832 2289 902 2340 qui
943 2293 1058 2327 erant
1089 2288 1131 2327 111
1162 2288 1354 2327 contione
1386 2301 1469 2327 non
1502 2288 1810 2340 intelligebant3
1850 2300 1988 2341 neque

247 2353 355 2391 enim
386 2351 652 2390 docebantur.
702 2351 911 2389 Versatam
948 2363 1037 2390 esse
1068 2351 1108 2389 in
1140 2350 1294 2390 iudicio
1327 2350 1578 2389 mentionem
1608 2351 1808 2403 pecuniae
1839 2351 1990 2391 sentie-

198 2414 367 2461 35bant3
397 2413 655 2452 innocentem
686 2425 799 2451 reum
834 2411 1149 2451 condemnatum
1180 2412 1425 2459 audiebant;
1470 2412 1625 2452 Staieni
1657 2412 1861 2452 sententia
1891 2425 1989 2451 con-

249 2474 485 2516 demnatum
524 2473 741 2521 videbant;
780 2487 863 2513 non
903 2474 1028 2526 gratis
1069 2474 1111 2513 id
1142 2474 1191 2514 ab
1225 2489 1272 2514 eo
1303 2475 1455 2514 factum
1487 2488 1597 2521 esse,
1639 2474 1750 2528 quod
1780 2475 1989 2514 hominem

248 2542 419 2584 norant,
450 2536 700 2575 iudicabant.
747 2536 901 2575 Similis
923 2536 964 2574 in
987 2536 1137 2584 Bulbo,
1167 2537 1209 2576 in
1231 2538 1374 2583 Gutta,
1405 2537 1446 2575 in
1468 2537 1556 2576 aliis
1578 2537 1788 2576 nonnullis
1810 2537 1989 2590 suspicio

250 2599 514 2638 consistebat.
572 2596 636 2636 79.
668 2599 812 2651 Itaque
843 2596 1042 2638 confiteor
1071 2621 1124 2627 —
1162 2599 1260 2638 licet
1290 2599 1399 2638 enim
1440 2600 1520 2637 iam
1551 2598 1718 2651 impune
1758 2597 1838 2638 hoc
1875 2610 1991 2652 prae-

250 2662 390 2701 sertim
422 2661 465 2700 in
504 2660 594 2700 loco
635 2659 818 2700 confiteri
850 2683 924 2708 -—,
970 2661 1081 2714 quod
1115 2661 1329 2714 Oppianici
1361 2674 1445 2700 non
1477 2662 1599 2701 modo
1631 2661 1734 2707 vita,
1765 2660 1837 2700 sed
1868 2659 1990 2700 etiam

202 2733 237 2762 40
250 2736 401 2763 nomen
422 2727 516 2762 ante
543 2723 647 2762 illud
669 2729 831 2775 tempus
853 2723 1007 2777 populo
1030 2724 1215 2776 ignotum
1236 2723 1404 2771 fuisset,
1436 2723 1769 2776 indignissimum
1788 2735 1910 2776 porro
1931 2721 1990 2762 vi-

337 2902 367 2934 4.
392 2902 518 2942 factum
541 2902 598 2932 ST
624 2902 703 2940 (non
720 2901 766 2939 P).
787 2918 821 2922 —-
849 2902 880 2932 5.
907 2904 935 2932 el
960 2902 1039 2932 1¹0:
1066 2911 1134 2933 om.
1161 2901 1362 2934 11111113.μ
1390 2902 1420 2933 8.
1446 2902 1501 2941 qui
1526 2902 1678 2933 PSTO:
1704 2900 1987 2933 0n1.RAL53.—

252 2953 303 2984 42.
328 2953 528 2990 impudentia
553 2952 661 2982 STA.
691 2966 725 2972 —
756 2950 804 2982 13.
831 2950 960 2982 abducti
983 2952 1018 2982 T.
1047 2969 1081 2973 -—
1108 2951 1311 2983 absolverunt
1336 2953 1358 2982 P
1373 2952 1392 2981 S
1407 2952 1449 2981 T:
1479 2951 1678 2982 absolverent
1701 2951 1844 2982 FMAL
1860 2948 1879 2982 Σὲ
1894 2951 1930 2982 O.
1953 2968 1987 2974 —

251 3000 302 3032 44.
323 3001 459 3040 Quintus
474 3002 550 3032 P.—
576 3002 627 3032 46.
647 3001 747 3040 possit
771 3002 877 3032 ST.—
895 3001 944 3032 1l9.
966 3001 1129 3033 clamabat
1146 3004 1220 3033 P.—
1242 3002 1293 3033 20.
1308 3001 1428 3031 iudicia
1447 3009 1510 3031 csse
1527 3001 1634 3032 sT.-
1654 3001 1706 3032 ⁶22.
1726 3004 1755 3031 et
1769 3001 1853 3031 hom.
1867 3001 1990 3040 puden-

251 3051 407 3082 tissimum
423 3060 491 3082 om.
510 3052 587 3082 T.——
611 3051 898 3091 prudentissimum
922 3052 952 3082 M
966 3050 996 3082 Q,
1019 3069 1052 3072 —
1079 3052 1131 3083 23.
1150 3060 1214 3082 csse
1231 3053 1272 3082 P:
1300 3059 1366 3081 om.
1388 3051 1411 3081 R
1427 3052 1449 3081 A
1466 3052 1488 3081 L
1503 3050 1523 3084 Β
1537 3051 1573 3081 O.
1591 3067 1625 3072 —
1652 3050 1703 3080 ⁶25.
1723 3050 1812 3080 aedis
1828 3050 1860 3080 S.
1880 3067 1912 3072 —
1933 3049 1987 3080 26.

252 3101 425 3131 accersitus
447 3101 467 3130 S
481 3100 559 3131 TM.
582 3117 616 3122 ——
642 3100 693 3131 ε28.
714 3109 785 3131 cum
808 3109 985 3132 sermonem
1001 3102 1077 3132 aud.
1097 3110 1221 3133 omnem
1243 3102 1285 3132 P:
1311 3109 1423 3130 eorum
1445 3109 1539 3131 serm.
1559 3107 1683 3131 omnem
1701 3099 1863 3130 audierint
1887 3100 1950 3131 ΒΑ
1964 3100 1988 3130 L

253 3148 272 3180 δέ
288 3151 324 3180 0.
352 3165 387 3172 -
413 3150 466 3180 ⁶29.
486 3158 590 3188 prope
614 3150 682 3183 Le.
711 3167 745 3170 —
772 3153 800 3181 et
825 3150 919 3181 PST
932 3151 981 3181 M:
1009 3154 1106 3190 atque
1130 3152 1150 3182 F
1163 3153 1189 3182 Α
1204 3148 1258 3181 LQ
1273 3150 1309 3179 0.
1331 3165 1365 3170 —
1393 3150 1445 3180 30.
1472 3150 1603 3181 Staieno
1628 3150 1669 3180 P:
1697 3157 1719 3179 α
1734 3148 1780 3179 St.
1800 3149 1863 3179 ΒΑ
1878 3145 1985 3179 LQO.

255 3198 304 3228 (Is.
332 3199 401 3230 Cic.
428 3198 470 3230 de
495 3198 569 3239 lege
594 3208 665 3239 agr.
692 3200 729 3230 11.
756 3200 785 3240 ἓ.
815 3200 863 3230 19.
890 3215 923 3222 -
950 3201 990 3231 sic
1013 3209 1081 3232 om.
1108 3202 1144 3233 T.
1172 3218 1205 3222 —
1232 3199 1283 3230 31.
1310 3198 1350 3229 ab
1375 3207 1443 3230 0111.
1470 3200 1537 3230 ST.
1567 3216 1601 3220 —-
1627 3198 1678 3229 3⁵2.
1703 3206 1767 3229 esse
1790 3206 1858 3229 om.
1885 3198 1921 3229 T.
1950 3214 1984 3219 —

256 3245 307 3277 34.
332 3248 517 3287 sentiebant]
545 3273 551 3280 .
569 3273 575 3280 .
594 3273 600 3279 .
618 3273 625 3280 .
640 3249 735 3280 ebant
758 3250 804 3287 M;
831 3249 970 3280 sciebant
994 3258 1061 3289 mg.
1081 3247 1112 3281 Q.
1134 3267 1167 3270 —-
1194 3249 1246 3280 35.
1272 3249 1519 3280 condemnatum
1535 3266 1582 3272 —-
1596 3247 1753 3280 sententia
1775 3255 1844 3281 om.
1868 3247 1982 3279 ST.—

260 3297 434 3330 audiebaut
459 3299 546 3331 PM:
579 3307 642 3331 esse
665 3298 838 3331 audiebant
862 3300 884 3331 1³
897 3296 1043 3331 ALsso.
1071 3316 1106 3321 —-
1132 3298 1182 3330 37.
1210 3299 1313 3331 Gucea
1336 3298 1367 3330 S.
