2143 3713
221 190 302 233 536
639 192 836 234 ORATIO
867 193 937 234 DE
967 191 1187 233 IMPERIO
1220 192 1298 235 CN.
1329 193 1545 235 POMPEII

222 305 422 353 tudinem,
443 318 567 358 quam
591 304 751 345 homini
777 304 1121 358 peradolescenti,
1146 306 1264 345 cuius
1285 311 1396 345 aetas
1418 319 1442 346 a
1460 305 1668 345 senatorio
1690 306 1819 358 gradu
1842 307 1965 360 longe

221 368 401 413 abesset,
432 366 653 419 imperium
683 371 808 420 atque
840 366 1067 406 exercitum
1097 365 1204 414 dari,
1238 368 1415 407 Siciliam
1440 367 1623 421 permitti
1643 372 1768 420 atque
1787 367 1965 409 Africam

219 428 461 481 bellumque
491 428 535 467 in
566 441 614 467 ea
643 428 861 481 provincia
893 427 1293 468 administrandum?
1337 430 1431 470 Fuit
1460 430 1504 468 in
1533 428 1598 468 his
1626 429 1851 482 provinciis
1881 431 1966 469 sin-

221 490 353 543 gulari
382 490 638 537 innocentia,
669 490 890 543 gravitate,
923 490 1093 536 virtute3
1124 489 1281 530 bellum
1307 492 1348 530 in
1369 491 1506 531 Africa
1527 491 1753 530 maximum
1776 490 1965 538 confecit,

188 552 416 592 5vietorem
457 552 687 592 exereitum
727 552 972 605 deportavit.
1023 551 1133 598 Quid
1163 564 1260 591 vero
1294 559 1375 593 tam
1406 553 1657 599 inauditum,
1697 564 1819 603 quam
1851 551 1966 603 equi-

221 619 302 653 tem
332 613 562 653 Romanum
593 615 881 667 triumphare?
925 616 977 653 At
1008 627 1096 652 eam
1129 626 1294 667 quoque
1325 628 1410 655 rem
1442 615 1622 667 populus
1644 615 1850 653 Romanus
1880 626 1966 653 non

220 674 342 715 modo
372 675 494 723 vidit,
532 676 604 715 sed
636 677 819 716 omnium
851 676 972 715 etiam
1012 674 1149 714 studio
1181 676 1394 716 visendam
1425 683 1465 717 et
1496 675 1862 716 concelebrandam
1892 689 1966 727 pu-

221 737 331 777 tavit.
391 735 457 776 62.
490 738 602 786 Quid
634 744 714 777 tam
747 739 1007 785 inusitatum,
1040 751 1161 790 quam
1194 743 1260 784 ut,
1293 751 1385 777 cuin
1416 739 1496 778 duo
1529 738 1722 778 consules
1750 736 1966 776 clarissimi

220 799 518 853 fortissimique
551 807 708 848 essent,
748 813 876 853 eques
907 801 1115 839 Romanus
1146 798 1197 838 ad
1228 799 1382 839 bellum
1415 802 1640 840 maximum
1670 798 1967 839 formidolosis-

171 873 206 902 4ο
221 862 453 914 simumque
491 877 564 916 pro
604 862 772 901 consule
814 862 1072 900 mitteretur?
1118 862 1266 900 Missus
1304 867 1376 900 est.
1428 862 1520 909 Quo
1562 862 1729 915 quidem
1767 867 1966 912 tempore,

221 937 314 963 cum
345 930 454 964 esset
484 937 568 963 non
597 937 718 963 nemo
750 924 791 962 iu
823 929 989 970 senatu,
1022 924 1093 976 qui
1126 924 1299 971 diceret,
1330 937 1407 964 non
1436 932 1611 977 oportere
1642 924 1744 963 mitti
1774 923 1968 962 hominem

214 986 416 1037 privatum
440 999 518 1038 pro
548 986 721 1035 consule,
754 986 798 1023 L.
830 984 1047 1038 Philippus
1079 986 1235 1025 dixisse
1265 987 1434 1035 dicitur,
1465 1001 1543 1027 non
1573 1001 1610 1027 se
1640 987 1752 1026 'illum
1781 999 1853 1025 sua
1883 999 1967 1025 sen-

220 1048 341 1086 tentia
373 1059 448 1099 pro
490 1049 665 1093 consule,
704 1048 768 1087 sed
801 1060 876 1098 pro
916 1049 1136 1087 cons-utilius
1165 1050 1328 1089 mitlere.
1374 1051 1504 1090 Tanta
1534 1051 1573 1089 in
1606 1062 1655 1089 eo
1687 1049 1745 1088 rei
1775 1048 1967 1101 publicae

219 1110 325 1149 hene
362 1110 567 1161 gerendae
608 1123 703 1163 spes
742 1109 1093 1158 constituebatur,
1132 1117 1178 1151 ut
1208 1111 1383 1152 duorum
1414 1113 1630 1152 consulum
1662 1124 1812 1150 munus
1842 1110 1967 1150 unius

172 1171 498 1212 ‘madolescentis
543 1172 685 1211 virtuti
730 1172 1066 1212 committeretur.
1126 1173 1237 1221 Quid
1275 1179 1357 1214 tam
1395 1175 1624 1227 singulare,
1673 1187 1796 1227 quam
1833 1178 1879 1212 ut
1915 1186 1968 1213 ex

221 1238 386 1273 senatus
427 1234 615 1273 consulto
659 1234 816 1286 legibus
848 1234 1006 1288 solutus
1038 1236 1178 1275 consul
1210 1234 1468 1284 antefieret,
1511 1250 1633 1290 quam
1671 1236 1801 1275 ullum
1839 1235 1967 1275 alium

221 1295 503 1348 magistratum
541 1309 614 1349 per
650 1297 762 1349 leges
794 1309 938 1349 capere
971 1297 1184 1337 licuisset?
1226 1298 1324 1352 quid
1355 1305 1435 1339 tam
1466 1298 1730 1345 incredibile,
1770 1310 1894 1350 quam
1922 1301 1968 1337 ut

221 1356 371 1396 iterum
403 1370 532 1410 eques
562 1359 769 1398 Romanus
801 1373 854 1398 ex
884 1365 1050 1400 senatus
1081 1361 1270 1400 consulto
1303 1361 1602 1414 triumpharet?
1635 1373 1741 1414 quae
1771 1360 1814 1399 in
1836 1359 1968 1399 omni-

220 1420 296 1460 bus
335 1419 574 1460 hominibus
615 1434 722 1460 nova
752 1427 846 1473 post
881 1421 1095 1461 hominum
1127 1424 1368 1463 memoriam
1399 1425 1621 1464 constituta
1652 1428 1766 1470 sunt,
1807 1434 1855 1461 ea
1883 1426 1967 1461 tam

171 1493 207 1522 20
222 1481 352 1521 multa
382 1494 466 1520 non
499 1488 615 1529 sunt,
647 1496 771 1535 quam
801 1483 928 1530 haec,
960 1497 1065 1535 quae
1097 1485 1139 1523 in
1169 1485 1247 1525 hoc
1269 1500 1352 1525 uno
1374 1486 1542 1526 homine
1563 1486 1763 1526 videmus.
1810 1483 1875 1524 63.
1896 1486 1968 1524 At-

223 1556 304 1597 que
334 1543 439 1583 haec
470 1550 530 1583 tot
562 1545 774 1597 exempla,
807 1551 920 1584 tanta
950 1559 997 1585 ac
1028 1551 1108 1585 tam
1141 1560 1266 1594 nova,
1298 1549 1482 1600 profecta
1513 1549 1671 1588 suntin
1694 1548 1871 1588 eundem
1893 1546 1967 1586 ho-

222 1605 375 1645 minem
406 1620 430 1645 a
461 1606 510 1654 Q.
544 1606 677 1646 Catuli
707 1612 831 1660 atque
862 1621 884 1647 a
915 1613 1146 1648 ceterorum
1179 1609 1363 1649 eiusdem
1391 1610 1599 1662 dignitatis
1620 1611 1966 1663 amplissimorum

221 1667 435 1707 hominum
467 1670 725 1709 auctoritate.

332 1731 466 1770 XXII.
499 1731 637 1779 Quare
667 1731 854 1779 videant,
886 1746 937 1772 ne
970 1734 1021 1773 sit
1051 1734 1315 1786 periniquum
1347 1740 1386 1774 et
1417 1748 1499 1774 non
1530 1734 1771 1782 ferundum,
1802 1734 1966 1774 illorum

171 1803 208 1834 25
222 1792 511 1833 auctoritatem
543 1794 593 1833 de
626 1793 697 1833 Cn.
729 1795 915 1847 Pompeii
946 1795 1144 1848 dignitate
1167 1810 1190 1835 a
1211 1797 1327 1836 vobis
1349 1798 1656 1850 comprobatam
1678 1809 1841 1849 semper
1862 1810 1966 1844 esse,

221 1860 403 1894 vestrum
441 1855 490 1895 ab
526 1856 608 1895 illis
640 1856 690 1896 de
721 1857 867 1897 eodem
895 1858 1064 1898 homine
1094 1860 1293 1899 iudicium
1325 1860 1556 1913 populique
1586 1858 1760 1899 Romani
1791 1858 1968 1898 auctori—

221 1922 346 1957 tatem
376 1917 621 1970 improbari,
652 1920 896 1972 praesertim
927 1935 1018 1961 cum
1049 1922 1129 1961 iam
1161 1936 1234 1961 suo
1265 1922 1354 1961 iure
1385 1921 1564 1975 populus
1586 1923 1795 1961 Romanus
1816 1921 1859 1961 in
1889 1921 1967 1961 hoc

220 1980 389 2020 homine
420 1994 536 2021 suam
567 1983 853 2023 auctoritatem
883 1985 948 2024 vel
979 1990 1122 2024 contra
1153 1998 1316 2032 omncs,
1349 1986 1419 2038 qui
1441 1985 1711 2032 dissentiunt,
1744 1984 1878 2037 possit
1897 1983 1968 2023 de-

220 2042 410 2090 fendere,
450 2050 672 2097 propterea
711 2045 822 2098 quod
864 2046 995 2087 isdem
1034 2047 1123 2087 istis
1157 2048 1475 2087 reclamantibus
1506 2060 1579 2087 vos
1609 2060 1738 2086 unum
1768 2046 1886 2086 illum
1916 2060 1967 2087 ex

172 2116 207 2145 30
223 2105 414 2145 omnibus
456 2106 689 2159 delegistis,
730 2121 854 2161 quem
893 2109 1002 2149 bello
1043 2110 1300 2162 praedonum
1333 2109 1658 2163 praeponeretis.
1718 2107 1783 2148 64.
1814 2109 1901 2149 Hoc
1933 2110 1967 2149 si

223 2180 295 2207 vos
326 2173 480 2208 temere
510 2167 666 2208 fecistis
698 2175 738 2209 et
768 2170 827 2209 rei
866 2171 1054 2224 publicae
1089 2185 1236 2224 parum
1268 2172 1557 2218 consuluistis,
1596 2176 1707 2211 recte
1736 2171 1802 2211 isti
1832 2171 1968 2212 studia

222 2235 357 2269 vestra
400 2230 486 2269 suis
531 2231 715 2271 consiliis
760 2246 904 2285 regere
944 2240 1167 2273 conantur:
1210 2234 1274 2273 sin
1313 2240 1451 2273 autem
1488 2247 1562 2273 vos
1602 2233 1696 2286 plus
1736 2238 1821 2273 tum
1851 2234 1894 2273 in
1923 2247 1967 2274 re

222 2292 390 2344 publica
419 2293 603 2341 vidistis,
634 2307 706 2334 vos
738 2295 789 2335 iis
819 2296 1146 2348 repugnantibus
1178 2309 1251 2349 per
1280 2300 1439 2336 vosmet
1468 2296 1581 2348 ipsos
1603 2295 1845 2348 dignitatem
1870 2295 1968 2336 huic

223 2354 420 2407 imperio,
451 2356 627 2395 salutem
658 2357 746 2396 orbi
779 2363 979 2397 terrarum
1011 2358 1228 2405 attulistis,
1258 2358 1482 2411 aliquando
1505 2358 1572 2397 isti
1598 2358 1808 2411 principes
1829 2363 1870 2398 et
1890 2358 1966 2398 sibi

173 2427 210 2456 35
224 2421 265 2455 et
303 2417 450 2457 ceteris
490 2418 636 2471 populi
677 2420 850 2459 Romani
887 2420 1071 2460 universi
1104 2421 1337 2461 auctoritati
1368 2420 1597 2473 parendum
1628 2433 1718 2460 esse
1747 2420 1965 2460 fateantur.

223 2478 360 2531 Atque
400 2479 444 2519 in
482 2480 562 2520 hoc
601 2481 710 2521 bello
752 2482 933 2522 Asiatico
973 2489 1012 2522 et
1050 2485 1165 2536 regio
1207 2497 1290 2523 non
1331 2484 1467 2523 solum
1496 2482 1684 2523 militaris
1714 2483 1785 2523 illa
1814 2483 1964 2530 virtus,

312 2653 341 2683 11.
369 2656 459 2683 aetas
487 2663 508 2684 a
533 2656 695 2686 senatorio
725 2657 833 2696 gradu
858 2658 880 2688 Ε
895 2658 976 2689 TV:
1015 2668 1035 2688 a
1059 2662 1160 2689 senat.
1186 2659 1294 2698 yrczdzi
1317 2661 1409 2688 aetas
1432 2659 1456 2689 R
1469 2659 1495 2689 A
1509 2659 1531 2689 L
1546 2656 1564 2689 Q
1579 2658 1790 2695 O.(senatoris
1814 2658 1834 2689 F
1849 2658 1898 2698 B.)
1926 2675 1959 2681 -

223 2702 254 2732 ⁶2.
280 2702 429 2740 syciliam
452 2703 488 2734 T.
509 2721 543 2726 —
571 2704 601 2735 3.
628 2705 662 2735 in
684 2714 723 2736 ea
741 2707 915 2745 provinc-ia
939 2708 962 2738 E
977 2707 1059 2738 TV:
1086 2708 1117 2738 in
1141 2717 1177 2739 ca
1205 2710 1282 2746 (om.
1303 2708 1485 2747 provincia>
1510 2707 1573 2738 BA
1590 2706 1695 2739 [ΞΟ.
1721 2709 1900 2747 (prouintia
1916 2708 1964 2746 T.)

226 2769 259 2773 —
289 2751 318 2783 4..
344 2753 462 2784 virtute
484 2754 648 2793 gravitate
671 2755 705 2786 T.
734 2773 767 2776 —
795 2757 825 2787 5.
851 2757 1011 2788 uictorum
1035 2758 1059 2789 li
1086 2759 1164 2796 {non
1190 2758 1238 2796 V).
1267 2775 1299 2779 —
1328 2757 1520 2797 deportat-it]
1549 2756 1610 2788 «al.
1629 2759 1826 2796 reportavit»
1844 2766 1912 2797 mg.
1931 2756 1962 2790 ⁵3.

226 2820 259 2824 —
288 2802 318 2833 6.
344 2801 394 2842 At]
420 2803 464 2833 ad
487 2803 568 2837 EV;
606 2812 646 2835 ac
669 2805 705 2836 B.
735 2823 767 2826 υ
806 2806 836 2837 7.
863 2807 1006 2837 onmium
1036 2808 1134 2838 eliam
1163 2809 1266 2839 studio
1290 2807 1467 2838 WETV:
1504 2807 1603 2838 eliam
1633 2808 1720 2838 omni
1751 2808 1854 2839 studio
1878 2807 1961 2843 BL;

223 2852 321 2882 eliam
344 2853 488 2882 omnium
510 2853 614 2884 studio
639 2855 663 2885 R
689 2855 804 2893 (etiam
829 2855 878 2887 Cb
905 2858 991 2888 teste
1017 2856 1225 2895 Gulielniio');
1262 2857 1358 2888 etiam
1381 2857 1484 2886 §ludio
1508 2857 1596 2886 omni
1618 2859 1641 2887 A
1659 2854 1676 2888 ‘d
1691 2857 1733 2893 O3
1760 2857 1844 2887 omni
1868 2856 1965 2887 eliam

223 2902 327 2932 studio
351 2900 508 2932 Orellius.
536 2902 654 2941 (Oralt.
680 2905 745 2934 soll.
770 2905 853 2946 ΧΓ.)
879 2923 912 2927 —
940 2910 968 2937 el
991 2907 1278 2938 concelebrandam
1302 2905 1351 2937 Cb
1369 2906 1392 2936 F.
1408 2907 1490 2936 VO:
1522 2915 1591 2936 om.
1618 2907 1640 2936 R
1655 2908 1679 2936 A
1694 2906 1716 2936 L
1731 2904 1762 2937 Q.
1790 2905 1965 2944 (visendam

224 2960 288 2982 csse
306 2952 438 2990 putauit
460 2952 508 2991 F.)
530 2971 563 2975 -—
589 2954 620 2984 8.
647 2963 746 2993 quam
768 2959 803 2986 ut
827 2964 906 2987 cum
928 2956 983 2987 ed.
1004 2958 1134 2988 Iuntina
1160 2958 1182 2988 L
1197 2956 1215 2988 t*
1230 2957 1272 2987 O:
1301 2964 1368 2987 oni.
1390 2959 1421 2985 ul
1447 2953 1525 2986 MA.
1547 2973 1583 2977 —
1610 2956 1662 2986 Μ.
1687 2955 1770 2985 milli
1785 2963 1852 2986 om.
1872 2955 1906 2986 F.
1926 2972 1961 2976 —-

225 3000 276 3030 1¹⁴2.
301 3000 476 3039 Philyppus
498 3002 533 3032 T.
563 3020 594 3024 —
625 3005 676 3035 45.
703 3014 744 3035 ec
768 3014 836 3036 om.
863 3006 901 3037 V.
923 3023 956 3027 —
985 3007 1036 3037 47.
1064 3016 1163 3046 qnam
1186 3006 1230 3046 ul]
1256 3009 1289 3036 ut
1313 3009 1379 3036 lam
1398 3005 1430 3036 F.
1453 3022 1486 3026 —
1515 3006 1565 3036 49.
1594 3004 1689 3035 «sort.
1708 3004 1873 3035 instituta»
1893 3012 1960 3044 mg.

225 3048 257 3081 (Β.
287 3067 320 3071 -
346 3050 399 3080 ⁶20.
426 3059 490 3081 uno
513 3051 572 3082 hoc
596 3052 629 3083 F.
650 3071 683 3075 —
709 3055 848 3086 vidimus
872 3064 953 3087 cuni
978 3056 1032 3087 ed.
1051 3055 1170 3087 Aldina
1195 3054 1303 3087 LSJO.
1325 3073 1358 3076 —
1385 3055 1434 3086 ⁵2¹.
1464 3054 1514 3095 ac]
1539 3059 1567 3086 et
1592 3056 1624 3086 F.
1646 3072 1680 3077 -—
1703 3054 1848 3093 perfecta
1871 3055 1907 3085 B.
1924 3071 1958 3075 —

224 3098 276 3129 ⁵22.
303 3108 325 3128 α
348 3099 453 3137 quinti
475 3101 575 3131 catuli
598 3102 674 3141 EV,
701 3113 722 3135 a
747 3105 783 3143 Q.
810 3105 915 3136 Catuli
938 3106 973 3143 T,
1000 3115 1066 3146 mg.
1088 3104 1127 3143 Q,
1154 3106 1195 3136 O:
1223 3114 1244 3135 α
1269 3106 1305 3144 Q.
1332 3104 1445 3136 Catulo
1469 3106 1533 3136 ΗΑ
1546 3103 1615 3136 Lss.
1644 3122 1678 3126 —
1705 3112 1726 3134 a
1749 3105 1827 3135 ante
1851 3112 1883 3135 V.
1909 3113 1963 3135 ce-

225 3151 367 3179 [erorum
391 3156 459 3179 om.
486 3149 524 3180 V.
554 3167 588 3172 —
615 3153 682 3184 cius
705 3154 739 3185 T.
760 3171 793 3175 —
820 3154 872 3186 24.
897 3155 1071 3194 ferundum
1096 3156 1119 3187 1³:
1133 3156 1176 3185 V:
1201 3155 1368 3194 serendum
1391 3156 1413 3185 R
1429 3157 1453 3185 A
1468 3156 1491 3185 L
1506 3154 1524 3186 Β
1539 3155 1575 3186 Ο.
1596 3171 1630 3176 -
1658 3154 1708 3184 ’9.5.
1733 3153 1807 3193 gnei
1829 3153 1871 3191 E,
1899 3153 1959 3185 Gn.

225 3200 263 3230 Υ,
292 3216 325 3220 -
350 3199 477 3238 pompei
500 3200 524 3231 E
549 3201 629 3240 (non
646 3203 695 3242 V).
725 3221 757 3225 —-
784 3205 910 3245 dignita
930 3206 965 3236 T.
985 3222 1019 3226 »-
1046 3206 1097 3236 ⁶29.
1124 3205 1221 3235 isdem
1243 3204 1310 3235 islis
1334 3204 1357 3234 Ε
1371 3205 1394 3234 Τ
1409 3204 1451 3240 Υ,
1478 3204 1588 3234 iisdem
1610 3202 1678 3233 istis
1693 3203 1735 3233 W
1750 3202 1798 3233 Ch
1818 3203 1855 3239 (si
1872 3203 1960 3235 fides

226 3250 280 3279 est
303 3250 456 3289 Grutero)
482 3249 526 3281 0:
551 3252 619 3283 istis
643 3254 720 3292 (om.
747 3255 854 3294 isdem)
880 3252 1026 3286 RALQ.
1054 3254 1102 3286 Cf.
1128 3256 1158 3295 g.
1186 3254 1236 3285 49.
1265 3272 1299 3276 —
1326 3254 1377 3285 30.
1404 3254 1556 3295 deliqistis
1578 3253 1612 3284 T.
1634 3269 1669 3273 —
1695 3251 1746 3283 33.
1772 3252 1811 3284 iis
1834 3253 1876 3284 T:
1901 3253 1961 3284 hiis

226 3296 272 3334 V;
297 3296 343 3327 his
366 3298 391 3329 R
403 3299 498 3335 ALss
513 3303 549 3334 Ο.
577 3319 611 3324 -
643 3303 695 3336 34.
722 3304 782 3346 isti]
807 3309 836 3337 et
858 3305 910 3336 isti
932 3305 968 3336 T.
998 3323 1031 3327 -
1066 3304 1117 3337 36.
1142 3304 1244 3345 Atque
1265 3304 1299 3335 in
1321 3304 1379 3335 hoe
1402 3303 1479 3336 bello
1501 3302 1702 3336 Asiatico„
1719 3310 1793 3334 cum
1815 3303 1960 3336 exercitu
