2143 3713
1764 230 1837 275 32⁴

113 345 147 377 in
169 349 202 376 V.
221 344 353 376 dimidio
373 343 549 376 Ciceronis
572 341 679 374 verba
703 349 745 373 ex
768 339 872 379 libro,
899 349 1004 382 quern
1028 341 1105 373 Tiro
1129 341 1161 373 in
1185 339 1300 373 lucem
1322 340 1446 378 edidit,
1473 342 1511 372 ut
1533 341 1653 374 scribit
1676 339 1849 380 Quintilia-

112 409 177 432 nus
200 399 258 432 lib.
281 400 319 431 X.
347 400 388 440 (7,
407 399 491 439 34.),
517 398 720 439 inscriptum
744 396 987 429 Commentari'a
1009 405 1209 429 causarum:
1233 397 1307 428 «De
1331 396 1488 428 decumis
1513 397 1769 429 Herbitensium
1786 404 1849 438 per

112 457 296 488 triennium
321 464 400 487 cum
421 456 533 496 primo
557 462 646 485 anno
669 452 828 484 venditas
845 452 935 484 dIcat
954 453 1054 484 tritici
1076 451 1231 483 modium
1246 451 1371 483 XLIIII.
1399 451 1559 484 Secundo
1576 453 1675 484 tritici
1693 452 1848 484 modium

110 511 198 542 XXV
222 511 360 543 milibus
384 511 508 543 DCCC.
535 518 624 541 anno
654 509 753 540 tertio
777 516 881 549 supra
906 509 1051 540 iaciente
1076 508 1285 540 Aeschrione
1309 507 1466 539 venditas
1491 508 1609 539 dicunt
1632 507 1848 540 medimnum

111 567 195 598 VIII.
227 566 296 599 mil.
328 568 485 605 centum,
520 565 554 597 id
589 566 641 597 est
664 564 820 596 modium
854 565 982 596 XLVIII
1012 563 1149 596 milibus
1178 564 1246 595 DC.
1295 563 1402 605 Dupla
1428 572 1564 596 summa
1593 564 1672 595 anni
1703 563 1849 604 proximi

112 621 283 654 addicitur
305 622 520 655 medimnum
544 621 627 652 VIII.
654 619 792 652 milibus
817 621 854 652 C.
889 620 1030 652 dimidio
1055 619 1125 652 sere
1157 618 1264 661 pluris
1295 627 1400 660 quam
1430 620 1610 661 superiore
1635 627 1738 651 anno.
1786 617 1847 658 (Cf.

113 679 216 710 etiam
243 678 419 711 Niebuhrii
441 678 574 718 Fraqm.
601 676 664 708 Cic.
691 685 723 717 p.
750 675 814 715 41.)

198 735 309 766 Locus
332 734 404 775 ipse
429 733 473 764 ita
497 731 621 773 legitur
643 732 676 763 in
702 731 786 763 Edd.
813 731 944 763 Veneta
969 732 1003 763 et
1026 732 1182 763 Iuntina:

201 797 330 828 «Primo
352 803 438 827 anno
459 794 627 826 venierunt
649 794 717 825 eius
739 794 815 834 ayt-i
839 795 992 826 decumae
1014 794 1114 825 tritici
1136 795 1301 825 medimna
1323 793 1438 825 XVIII.
1459 811 1493 817 —
1522 811 1557 816 —
1584 796 1746 835 coquntur
1767 792 1851 824 Her-

113 852 244 884 bitenses
265 852 293 884 ei
323 849 452 889 (Atidio)
477 850 559 881 lucri
583 850 662 881 darc
685 849 784 880 trilici
807 851 931 882 modios
952 850 1104 881 XXXVII.
1130 851 1175 881 M.
1201 859 1274 881 cum
1304 850 1457 881 decumae
1477 849 1635 881 venissent
1657 849 1757 880 tritici
1778 857 1852 880 mo-

112 908 181 939 dios
201 906 334 940 XVIII.»
362 923 396 928 —
423 906 517 944 Quae
542 904 683 946 quidem
709 906 848 937 omnino
873 907 965 938 stare
990 907 1186 946 nequeunt,
1212 914 1292 937 cum
1317 907 1435 947 aperte
1460 904 1525 937 SIbi
1543 904 1781 937 contradicant
1797 903 1850 936 illa

111 963 275 995 medimna
295 961 407 993 XVIII.
433 963 467 993 et
488 961 612 992 modios
633 961 759 998 XVIII.;
787 961 938 1002 denique
963 962 991 993 si
1015 970 1150 993 summa
1176 962 1394 993 medimnum
1417 961 1531 993 XVIII.
1550 963 1646 993 recte
1669 969 1707 993 se
1731 959 1849 998 hahet,

112 1020 224 1060 primo
247 1026 338 1050 anno
362 1016 405 1049 ab
431 1017 694 1049 Herbitensibus
719 1016 888 1050 decumae
907 1019 1048 1049 exactae
1073 1019 1153 1049 sunt
1170 1017 1364 1059 quadruplo
1381 1017 1453 1049 sere
1470 1018 1620 1049 maiores
1638 1025 1744 1058 quam
1761 1024 1851 1048 anno

112 1073 282 1112 secundo,
308 1082 364 1106 res
388 1072 489 1115 plane
514 1072 682 1111 absurda,
710 1082 789 1105 cum
807 1074 977 1114 gradatim
993 1073 1112 1106 solitus
1137 1075 1230 1106 esset
1245 1074 1373 1106 Verres
1391 1074 1589 1106 exactiones
1606 1081 1756 1114 augere:
1783 1080 1852 1113 quo

113 1129 253 1171 quidem
275 1130 357 1162 vitio
381 1138 450 1162 non
473 1130 587 1162 minus
612 1129 743 1161 laborat
770 1130 948 1162 Frontonis
972 1139 1139 1162 numerus
1161 1130 1317 1162 modium
1334 1130 1460 1162 XLIIII.
1480 1128 1548 1161 mil.
1569 1137 1652 1161 sane
1669 1129 1853 1169 corruptus

113 1186 148 1218 et
175 1194 257 1218 cum
285 1187 409 1218 neutro
439 1188 638 1218 nostrorum
669 1194 874 1226 congruens.
923 1186 1010 1225 Quid
1040 1185 1175 1218 multa‘?
1223 1186 1334 1219 Verus
1366 1186 1485 1227 utique
1514 1185 1652 1217 videtur
1685 1191 1853 1216 numerus

111 1242 283 1282 posterior
316 1250 356 1274 ac
380 1250 543 1274 mensura
566 1242 710 1273 modium
733 1242 844 1273 XVIII.
870 1243 938 1279 M.;
975 1251 1054 1274 nam
1080 1243 1160 1274 anni
1184 1241 1348 1280 secundi,
1380 1243 1417 1272 ut
1440 1240 1654 1280 videbimus,
1679 1239 1850 1272 decumae

112 1296 251 1329 fuerunt
281 1299 426 1329 modium
453 1297 548 1329 XXV.
573 1298 634 1336 M.‚
671 1299 749 1329 anni
779 1297 869 1329 tertii
901 1297 1058 1329 modium
1081 1298 1219 1330 XLVIII.
1245 1297 1312 1330 DC.
1360 1298 1555 1329 Posteriore
1580 1297 1697 1328 autem
1721 1294 1796 1328 loco
1820 1296 1854 1327 in

111 1353 247 1385 modios
272 1354 442 1386 convertit
465 1353 680 1386 medimnum
706 1362 898 1391 summam,
925 1362 1014 1395 quae
1040 1354 1165 1386 nostris
1190 1354 1222 1385 in
1247 1353 1342 1385 lIbris
1359 1354 1522 1394 corrupta
1539 1354 1602 1384 est.
1640 1352 1853 1392 Eamigitur,

111 1408 280 1441 Lambino
304 1410 430 1451 partim
454 1409 561 1448 duce⁷
588 1409 632 1441 ad
657 1418 814 1441 normam
837 1409 982 1440 modium
1003 1409 1116 1441 XVIII.
1134 1411 1180 1442 M.
1204 1410 1253 1442 sic
1277 1408 1519 1450 corrigendam
1543 1408 1724 1440 existimo:

201 1472 333 1504 «Primo
357 1481 443 1504 anno
465 1472 635 1503 venierunt
657 1472 724 1503 eius
747 1471 822 1512 aqri
845 1472 1000 1503 decumae
1023 1472 1121 1503 trilici
1148 1473 1345 1504 medimnum
1368 1472 1420 1504 clo
1444 1472 1496 1504 cla
1520 1471 1573 1504 cla
1595 1488 1614 1494 -
1629 1487 1648 1493 -
1662 1487 1681 1494 -
1703 1479 1777 1502 cum
1800 1470 1856 1502 de-

112 1535 226 1559 cumae
248 1528 406 1560 venissent
433 1528 532 1559 trilici
559 1528 704 1559 modium
726 1527 838 1559 XVIII.
864 1528 954 1559 mil.»
1000 1528 1100 1560 Lucri
1131 1536 1306 1561 summam
1341 1527 1497 1560 consulto
1521 1527 1686 1559 intactam
1710 1525 1853 1568 reliqui;

112 1592 211 1620 nam.
236 1585 274 1616 ut
296 1584 547 1626 praediximus,
573 1583 770 1616 insaniebat
793 1592 834 1615 ea
857 1584 891 1615 in
908 1593 945 1615 re
961 1584 1109 1622 Verres,
1136 1593 1250 1626 neque
1267 1592 1435 1625 umquam
1452 1583 1517 1615 sibi
1535 1583 1727 1616 constabat.
1765 1584 1857 1614 Atta—

112 1648 194 1672 men
217 1639 327 1672 fateor
349 1640 442 1672 haud
466 1640 733 1682 improbabilem
750 1640 834 1671 mihi
850 1640 960 1672 videri
977 1640 1258 1673 emendatIonem
1275 1639 1454 1672 LambIni:
1481 1643 1642 1680 coquntur
1657 1638 1857 1671 Herbitenses

113 1696 141 1727 ei
169 1696 252 1728 lucri
281 1697 361 1728 dare
389 1696 488 1728 tritici
516 1697 661 1728 modium
688 1697 794 1728 Ieosffl
819 1696 923 1736 (7000)
949 1698 984 1728 et
1011 1696 1040 1737 S.
1067 1697 1118 1728 76.
1153 1697 1213 1729 ubi
1237 1696 1321 1729 Cod.
1348 1697 1457 1728 Nann.
1483 1696 1568 1727 lucri
1591 1696 1691 1727 tritici
1713 1696 1858 1727 modium

113 1752 196 1784 XXI.
221 1760 284 1794 pro
308 1761 420 1794 aequa
443 1752 516 1784 fere
540 1754 697 1794 portione
721 1752 854 1792 legam:
881 1753 966 1784 lucri
989 1753 1088 1784 tritici
1110 1754 1254 1785 modium
1276 1753 1331 1785 XI.
1379 1753 1433 1785 Sic
1456 1751 1544 1784 lucri
1568 1753 1707 1784 nomIne
1724 1750 1856 1783 Atidius

116 1808 187 1840 sive
210 1807 338 1840 Verres
362 1809 560 1850 perceperit
577 1821 610 1832 =
633 1809 683 1847 ⁷253
707 1809 846 1850 capitis:
872 1808 1041 1849 Apronius
1065 1809 1204 1841 circiter
1221 1819 1253 1831 =
1279 1807 1338 1849 ¹¹!ae
1361 1808 1501 1850 capitis,
1529 1808 1601 1840 sive
1624 1808 1699 1850 ⁹734
1715 1808 1749 1839 et
1763 1809 1854 1848 9⁹sm.

200 1869 388 1902 Videamus
412 1871 480 1902 iam
505 1872 703 1902 ceterorum
729 1870 986 1903 correctiones:

205 1932 333 1964 «Primo
357 1941 442 1964 anno
464 1934 632 1964 venierunt
654 1932 721 1964 eius
744 1933 819 1974 ayri
843 1933 996 1964 decumae
1019 1933 1119 1964 tritici
1141 1933 1340 1964 medimnum
1360 1932 1473 1964 XVIII.
1498 1931 1628 1964 milibus
1645 1948 1681 1954 —-
1699 1934 1860 1972 coquntur

115 1988 156 2021 H.
181 1988 209 2020 ei
239 1988 323 2020 lucri
352 1988 431 2020 dare
463 1989 563 2020 tritici
591 1989 736 2019 modium
771 1988 824 2019 VII
849 1989 960 2027 milia,
996 1998 1071 2020 cum
1102 1989 1256 2020 decumae
1277 1989 1435 2020 venissent
1458 1988 1558 2019 trilici
1580 1987 1725 2019 modium
1745 1986 1858 2019 XVIII.

115 2043 276 2075 milibus.»
313 2044 434 2076 Lamb.
462 2045 556 2076 4566.
583 2046 702 2086 aperta
727 2047 954 2085 repugnantia
978 2045 1067 2076 inter
1089 2046 1287 2077 medimnum
1308 2045 1421 2076 XVIII.
1439 2044 1508 2076 mil.
1535 2046 1569 2076 et
1586 2044 1731 2076 modium
1746 2042 1859 2075 XVIII.

114 2100 184 2132 mil.
209 2108 315 2141 quam
339 2099 476 2132 sustulit
499 2101 533 2132 in
556 2109 665 2141 marg.
694 2100 776 2132 4584-
801 2100 871 2132 sic:

203 2163 336 2194 «Primo
359 2171 392 2194 a.
416 2171 448 2194 v.
473 2171 502 2195 e.
527 2171 559 2194 a.
586 2163 616 2194 d.
643 2166 665 2193 t.
690 2163 889 2194 medimnum
911 2163 1022 2194 XVIII.
1049 2163 1117 2194 mil.
1139 2181 1174 2186 —
1200 2172 1228 2195 c.
1254 2163 1293 2194 H.
1320 2164 1348 2195 ei
1370 2163 1392 2194 l.
1419 2164 1450 2194 d.
1477 2166 1499 2194 t.
1523 2162 1669 2194 modium
1689 2161 1858 2193 XXXVIII.

115 2218 225 2258 milia,
260 2227 288 2250 c.
321 2219 352 2249 d.
383 2227 415 2250 υ.
448 2221 470 2249 t.
496 2218 641 2249 modium
675 2217 806 2250 CVIII.»
853 2218 921 2250 Sed
949 2219 999 2250 sic
1028 2219 1188 2251 immanis
1220 2220 1273 2251 est
1302 2217 1530 2252 decumarum
1562 2225 1702 2250 summa
1728 2217 1861 2249 ratione

115 2273 232 2306 habita
256 2282 428 2306 annorum
446 2274 679 2315 sequentium.

204 2336 337 2369 «Primo
360 2344 393 2367 a.
416 2345 448 2368 υ.
474 2345 502 2368 e.
527 2345 560 2368 a.
586 2337 617 2367 d.
643 2339 655 2367 t
683 2336 828 2367 modium
849 2336 975 2368 XLIIII.
1003 2337 1093 2368 mii.»
1130 2337 1257 2370 ceteris
1287 2337 1422 2368 intactis
1451 2337 1594 2370 Ursinus
1618 2345 1660 2369 ex
1676 2336 1860 2369 Frontone.

117 2392 173 2425 Sic
196 2400 337 2434 quoque
361 2391 532 2425 decumae
555 2393 658 2434 primi
682 2392 762 2424 anni
789 2393 889 2424 nimis
915 2395 1125 2434 exsuperant
1148 2401 1304 2425 summas
1329 2393 1562 2434 sequentIum.

205 2455 338 2487 «Primo
361 2464 394 2486 a.
418 2463 450 2486 υ.
476 2464 502 2487 e.
529 2464 560 2486 a.
587 2455 618 2486 d.
644 2457 667 2486 t.
692 2455 892 2486 medimnum
914 2454 1026 2487 XVIII.
1055 2473 1089 2478 —
1116 2464 1142 2486 c.
1168 2456 1208 2487 H.
1234 2456 1262 2487 ei
1285 2455 1306 2487 l.
1333 2456 1363 2487 d.
1392 2458 1413 2487 t.
1438 2455 1637 2487 medimnum
1659 2454 1813 2487 XXXVII.
1832 2462 1861 2485 c.

118 2511 150 2544 d.
173 2521 205 2544 v.
230 2514 253 2545 t.
277 2511 477 2544 medimnum
498 2511 632 2543 XVIII.»
668 2511 717 2542 Ex
741 2511 877 2542 Hotom.
905 2511 992 2542 coni.
1020 2512 1114 2543 Grut.
1141 2512 1263 2543 Graev.
1291 2512 1322 2543 3.
1347 2512 1427 2543 Ern.
1455 2512 1485 2543 I.
1511 2511 1548 2543 B.
1575 2511 1654 2543 Scb.
1679 2510 1711 2542 2.

203 2574 258 2607 111.
297 2574 334 2607 C.
361 2573 413 2606 32.
440 2573 470 2614 5.
497 2573 548 2605 76.
589 2572 700 2605 Editio
725 2573 858 2604 Veneta
882 2575 917 2604 et
939 2574 1073 2604 Iuntina
1097 2573 1146 2605 sic
1170 2572 1324 2605 habent:

206 2629 322 2662 «Anno
354 2630 493 2661 secundo
520 2638 595 2661 cum
624 2630 746 2661 emisset
774 2629 937 2669 Apronius
960 2629 1112 2660 decumas
1142 2630 1242 2661 tritici
1263 2629 1408 2661 modium
1428 2629 1524 2660 XXV.
1549 2629 1643 2661 milia
1668 2645 1702 2650 —
1724 2628 1865 2668 populus

114 2683 243 2726 publice
271 2688 402 2718 coactus
429 2688 475 2717 est
505 2685 653 2725 conferre
683 2685 767 2716 lucri
797 2685 897 2716 trilici
929 2685 1052 2716 modios
1081 2684 1190 2717 XXVI.
1217 2689 1246 2717 et
1277 2686 1472 2717 accessiones
1494 2685 1558 2716 HS.
1584 2694 1632 2716 co.
1657 2693 1705 2716 co.
1738 2683 1783 2724 (id
1812 2685 1864 2716 est

119 2752 152 2772 00
172 2752 204 2773 00
229 2749 258 2774 s.
275 2742 320 2773 M.
338 2740 398 2782 M.)
444 2741 512 2773 Sed
535 2749 702 2773 numerus
729 2741 958 2772 decumarum
979 2741 1125 2772 *modium
1147 2741 1241 2773 XXV.
1258 2742 1327 2773 mil.
1354 2742 1492 2781 egregie
1517 2741 1677 2772 convenit
1693 2741 1765 2772 tum
1783 2747 1863 2772 cum

120 2795 246 2836 codd..
270 2798 346 2829 tum
369 2804 450 2830 cum
466 2797 645 2829 Frontonis
668 2796 765 2835 loco,
792 2797 856 2828 nisi
881 2796 975 2837 quod
997 2795 1225 2837 probabiliter
1241 2806 1282 2829 ex
1300 2806 1341 2829 eo
1358 2796 1593 2829 adficiendum
1608 2795 1726 2829 DCCC.
1763 2795 1864 2827 Lucri

121 2852 316 2894 corrigendi
343 2853 437 2885 viam
466 2852 611 2885 fortasse
644 2854 817 2885 monstrat
848 2852 910 2885 Cd.
936 2853 1046 2884 Nann.
1074 2852 1242 2886 exhibens
1265 2854 1410 2885 modium
1432 2852 1517 2885 XXI.
1540 2853 1730 2884 accessionis
1752 2861 1783 2881 00
1808 2861 1860 2882 00.

121 2907 190 2940 Sed
212 2906 350 2941 lucrum
372 2908 519 2941 missum
542 2908 640 2941 facio.
678 2910 770 2950 Lego
788 2918 795 2938 :

208 2963 324 2996 «Anno
346 2965 484 2996 secundo
507 2973 581 2996 cum
603 2965 727 2996 emisset
754 2964 918 3004 Apronius
941 2965 1092 2996 decumas
1114 2965 1213 2996 tritici
1235 2966 1380 2996 modium
1401 2964 1496 2996 XXV.
1521 2964 1639 2997 DCCC.
1670 2982 1704 2987 —
1725 2962 1866 3003 populus

118 3017 245 3059 publice
265 3023 398 3052 coactus
420 3023 465 3052 est
487 3020 515 3052 ei
537 3020 684 3060 conferre
708 3020 792 3051 lucri
815 3020 913 3051 tritici
937 3020 1081 3051 modium
1100 3045 1107 3051 .
1128 3045 1136 3052 .
1157 3046 1163 3052 .
1185 3021 1222 3054 ,⁹2
1246 3024 1275 3052 et
1299 3021 1490 3052 accessionis
1503 3020 1568 3053 HS.
1592 3020 1698 3053 MM.»
1735 3017 1864 3050 Videa-

122 3081 201 3107 mus
225 3076 425 3108 ceterorum
447 3076 599 3108 rationes
622 3076 844 3117 praecipuas;
872 3083 953 3107 nam
976 3075 1189 3108 Manutianas
1212 3075 1294 3108 nihil
1318 3077 1387 3108 iam
1410 3085 1541 3108 moror.

212 3131 328 3163 uAnno
350 3140 376 3163 s.
401 3140 430 3163 c.
454 3140 481 3163 e.
505 3130 542 3163 A.
569 3132 600 3163 d.
625 3134 648 3163 t.
672 3132 870 3163 medimnum
898 3131 958 3162 XX
980 3130 1109 3162 milibus
1134 3149 1169 3155 —
1196 3132 1340 3172 populus
1364 3131 1492 3172 publice
1515 3134 1645 3164 coactus
1666 3133 1712 3163 esc
1735 3130 1763 3162 ei
1785 3138 1864 3162 con-

122 3184 210 3224 ferre
230 3185 315 3218 lucri
337 3187 438 3219 tritici
457 3187 603 3219 modium
623 3186 700 3218 XVI
717 3187 830 3226 milia,
863 3190 893 3218 et
923 3187 1134 3219 accessionem
1155 3187 1220 3219 HS.
1245 3187 1297 3220 clo
1321 3188 1408 3220 clo.»
1443 3187 1566 3220 Lamb.
1592 3187 1674 3220 ⁴566
1699 3187 1733 3218 et
1755 3187 1790 3218 in
1813 3194 1861 3218 m.

127 3239 221 3273 ⁴584.
267 3241 330 3274 Hic
352 3244 387 3274 et
408 3250 595 3275 mensurae
619 3244 654 3274 et
676 3243 814 3274 numeri
835 3242 937 3284 plane
962 3244 1043 3275 sunt
1065 3242 1250 3275 arbitrarii.

215 3295 328 3329 «Anno
350 3306 376 3330 s.
401 3307 430 3330 e.
455 3307 482 3331 e.
506 3298 544 3331 A.
570 3298 601 3330 d.
626 3301 649 3330 t.
673 3300 819 3330 modium
841 3298 935 3330 XX'V.
960 3298 1078 3330 DCCC.
1106 3300 1139 3330 et
1162 3300 1263 3340 post:
1287 3299 1433 3331 modium
1454 3299 1572 3331 XXV.»
1608 3298 1762 3332 Ursinus.

215 3351 329 3385 «Anno
351 3362 377 3385 s.
402 3363 431 3387 c.
455 3363 484 3389 e.
507 3353 546 3388 A.
571 3353 602 3387 d.
628 3357 651 3387 t.
675 3355 873 3388 medimnum
894 3354 988 3387 XXV.
1016 3353 1154 3395 (milibus
1176 3353 1308 3387 addunt
1330 3354 1483 3397 quidam)
1510 3372 1546 3378 -—-
1565 3363 1645 3395 pop.
1666 3363 1706 3396 p.
1729 3361 1758 3386 c.
1783 3361 1811 3386 e.
1836 3352 1865 3386 ei

184 3409 302 3444 Giano
321 3413 355 3444 T.
368 3413 401 3445 n.
1533 3414 1580 3459 21
