2127 3708
731 236 828 276 cst.
856 235 1065 275 x-xn,
1103 232 1177 288 ὃς.
1206 231 1402 274 27—34.
1857 233 1937 276 ⁴27

194 348 266 389 Cn.
298 349 566 396 Tremellius,
603 348 728 387 homo
768 360 928 386 summa
968 346 1170 399 religione
1208 352 1249 386 et
1287 346 1524 398 diligentia,
1562 351 1644 387 tres
1674 347 1716 387 hi
1746 348 1937 388 homines

191 416 351 451 veteres
383 410 534 450 tribuni
566 409 765 449 militares
796 414 892 448 sunt
921 408 1150 461 designati3
1182 422 1234 449 ex
1260 408 1350 447 Kal.
1372 408 1536 447 Ianuar.
1568 422 1651 447 non
1682 409 1936 449 iudicabunt.

192 473 503 512 Subsortiemur
532 473 654 511 etiam
683 472 725 510 in
747 472 801 510 M.
822 471 977 511 Metelli
1002 471 1161 518 locum,
1193 471 1391 523 quoniam
1422 471 1456 509 is
1482 469 1579 509 huic
1601 471 1679 522 ipsi
1703 472 1937 524 quaestioni

191 535 456 587 praefuturus
494 539 568 573 est.
627 533 686 572 Ita
725 533 954 573 secundum
994 533 1202 573 Kalendas
1240 533 1403 571 Ianuar.
1436 537 1477 571 et
1515 538 1707 584 praetore
1738 539 1780 572 et
1807 547 1937 587 prope

192 602 277 636 toto
318 596 493 636 consilio
533 600 785 634 commutato
825 608 994 648 magnas
1034 596 1287 634 accusatoris
1326 595 1457 633 minas
1488 607 1764 647 magnamque
1795 596 1937 635 iudicii
1969 603 1988 632 5

192 657 544 711 exspectationem
575 657 626 696 ad
658 661 845 696 nostrum
867 657 1082 696 arbitrium
1103 657 1406 710 libidinemque
1429 655 1660 697 eludemus.
1710 654 1776 696 31.
1798 659 1938 697 Nonae

191 726 289 760 sunt
316 720 440 759 hodie
471 719 673 759 Sextiles:
713 718 817 758 hora
857 725 1002 758 octava
1039 720 1264 759 convenire
1295 719 1506 771 coepistis.
1565 719 1686 759 Hunc
1718 719 1827 759 diem
1857 721 1938 759 iam

190 796 243 822 ne
281 785 501 822 numerant
538 780 722 834 quidem.
780 782 932 821 Decem
973 781 1061 820 dies
1098 787 1194 821 sunt
1223 787 1319 821 ante
1349 780 1472 820 ludos
1502 781 1687 828 votivos,
1729 794 1835 834 quos
1868 782 1940 821 Cn.

190 845 412 898 Pompeius
440 843 624 884 facturus
656 848 743 883 est:
778 843 819 883 hi
851 843 938 883 ludi
969 843 1057 883 dies
1089 843 1328 897 quindecim
1358 843 1560 883 auferent.
1617 842 1777 883 Deinde
1809 844 1942 883 conti-

190 919 273 945 nuo
304 906 478 946 Romani
509 910 830 958 consequentur.
871 906 931 945 Ita
959 918 1090 958 prope
1120 919 1175 945 x1.
1207 905 1355 946 diebus
1376 905 1631 958 interpositis
1652 910 1740 945 tum
1762 905 1993 960 deniquelo

192 982 235 1008 se
265 968 317 1008 ad
349 981 417 1015 ea,
449 980 556 1021 quae
587 980 611 1007 a
630 967 749 1006 nobis
772 967 879 1007 dicta
904 973 1047 1015 eruut,
1077 980 1352 1020 responsuros
1374 981 1464 1008 esse
1485 967 1757 1007 arbitrantur:
1789 967 1941 1008 deinde

192 1043 234 1070 se
265 1029 459 1069 ducturos
490 1035 530 1069 et
560 1028 734 1068 dicendo
767 1034 807 1068 et
837 1029 1074 1069 excusando
1104 1028 1224 1068 facile
1255 1029 1306 1068 ad
1337 1030 1458 1069 ludos
1479 1029 1697 1069 Victoriae.
1749 1029 1851 1070 Cum
1879 1030 1943 1070 his

190 1090 376 1144 plebeios
407 1103 497 1131 esse
528 1091 790 1138 coniunctos,
821 1091 1050 1131 secundum
1082 1105 1187 1145 quos
1217 1098 1289 1131 aut
1317 1092 1421 1131 nulli
1450 1097 1521 1131 aut
1549 1092 1745 1145 perpauci
1773 1092 1861 1132 dies
1891 1093 1942 1133 ad

190 1152 396 1207 agendum
424 1152 552 1192 futuri
583 1158 691 1193 sunt.
736 1154 797 1193 Ita
826 1153 991 1194 defessa
1020 1166 1067 1193 ac
1095 1153 1334 1206 refrigerata
1355 1154 1616 1194 accusatione
1637 1167 1723 1194 rem
1744 1154 1943 1207 integram

191 1215 244 1256 ad
272 1216 326 1255 M.
347 1215 560 1255 Metellum
590 1221 823 1268 praetorem
855 1229 946 1255 esse
976 1222 1212 1256 venturam:
1251 1229 1374 1269 quem
1406 1229 1482 1269 ego
1520 1216 1752 1264 hominem,
1792 1217 1825 1256 si
1856 1218 1994 1258 eius⁴5

191 1275 287 1317 fidei
317 1274 474 1317 diffisus
505 1290 658 1325 essem,
689 1277 867 1318 iudicem
897 1291 982 1318 non
1003 1279 1277 1318 retinuissem.
1322 1276 1388 1317 32.
1410 1279 1529 1318 Nunc
1547 1284 1686 1319 tamen
1706 1279 1786 1319 hoc
1805 1280 1943 1320 animo

193 1353 306 1386 sum,
337 1344 381 1379 ut
410 1352 459 1379 eo
488 1339 623 1379 iudice
645 1353 769 1393 quam
800 1345 991 1392 praetore
1010 1340 1117 1380 hanc
1138 1353 1225 1380 rem
1247 1340 1418 1393 transigi
1438 1341 1576 1381 malim
1599 1346 1640 1381 et
1657 1342 1791 1382 iurato
1814 1354 1944 1390 suam,

193 1415 317 1456 quam
346 1401 527 1441 iniurato
557 1401 731 1441 aliorum
760 1402 933 1442 tabellas
964 1403 1232 1444 committere.

303 1463 375 1502 XI.
404 1464 523 1502 Nunc
543 1476 639 1515 ego,
669 1462 847 1511 iudices,
874 1465 955 1504 iam
975 1479 1049 1505 vos
1071 1465 1257 1513 consulo,
1279 1464 1379 1519 quid
1400 1465 1500 1506 mihi
1524 1465 1759 1506 faciendum
1780 1467 1945 1520 putetis.

193 1525 239 1566 Id
270 1526 379 1566 enim
409 1526 570 1565 consilii
600 1526 699 1566 mihi
728 1526 914 1579 profecto
940 1527 1051 1568 taciti
1072 1527 1241 1575 dabitis,
1273 1527 1385 1581 quod
1407 1533 1571 1581 egomet
1590 1528 1690 1568 mihi
1710 1529 1944 1569 necessario
1958 1537 1996 1569 20

194 1586 440 1640 capiendum
475 1587 674 1640 intelligo.
734 1589 776 1628 Si
816 1595 908 1628 utar
944 1589 996 1629 ad
1027 1589 1249 1630 dicendum
1279 1603 1371 1630 meo
1402 1590 1586 1643 legitimo
1615 1596 1828 1644 tempore,
1864 1593 1946 1632 mei

194 1649 369 1697 laboris,
399 1649 627 1689 industriae
659 1650 977 1705 diligentiaeque
1009 1652 1168 1704 capiam
1197 1652 1375 1692 fructum
1407 1658 1447 1693 et
1478 1665 1531 1692 ex
1560 1653 1823 1693 accusatione
1853 1666 1947 1706 per-

193 1710 346 1758 ficiam,
376 1717 423 1751 ut
451 1723 573 1751 nemo
603 1725 802 1765 umquam
828 1718 923 1765 post
951 1713 1166 1754 hominum
1196 1716 1438 1755 memoriam
1468 1715 1670 1768 paratior,
1699 1716 1946 1768 vigilantior,

195 1774 462 1826 compositior
497 1773 549 1813 ad
588 1773 783 1814 iudicium
814 1775 977 1815 venisse
1015 1775 1218 1816 videatur.
1278 1777 1359 1817 Sed
1389 1778 1431 1817 in
1460 1777 1538 1817 hac
1568 1777 1691 1817 laude
1719 1777 1947 1818 industriae

194 1849 311 1876 meae
347 1849 442 1876 reus
479 1848 533 1876 ne
564 1835 751 1875 elabatur
786 1850 993 1876 summum
1022 1838 1253 1890 periculum
1284 1845 1358 1879 est.
1418 1839 1529 1887 Quid
1560 1844 1622 1879 est
1649 1839 1794 1892 igitur,
1834 1840 1946 1894 quod
1961 1850 1998 1881 25

194 1896 281 1938 fieri
310 1899 470 1952 possit?
516 1899 608 1937 Non
639 1898 881 1946 obscurum,
920 1900 1088 1952 opinor,
1130 1913 1268 1954 neque
1298 1901 1598 1941 absconditum.
1656 1899 1723 1941 33.
1753 1902 1948 1942 Fructum

193 1961 317 2001 istum
355 1960 511 2008 laudis,
554 1960 626 2014 qui
657 1973 707 2000 ex
747 1967 948 2014 perpetua
979 1962 1163 2001 oratione
1192 1962 1353 2016 percipi
1381 1964 1540 2016 potuit,
1578 1964 1621 2004 in
1651 1964 1732 2004 alia
1759 1970 1950 2019 tempora

193 2036 476 2063 reservemus:
507 2036 617 2062 nunc
646 2022 856 2062 hominem
886 2022 1057 2070 tabulis,
1090 2025 1286 2072 testibus,
1317 2026 1487 2078 privatis
1508 2025 1771 2080 publicisque
1801 2028 1948 2068 litteris

194 2084 593 2137 auctoritatibusque
624 2097 877 2123 accusemus.
923 2085 1003 2124 Res
1034 2086 1167 2126 omnis
1196 2087 1296 2126 mihi
1325 2093 1461 2127 tecum
1492 2088 1590 2135 erit,
1627 2088 1836 2130 Hortensi.
1879 2091 1949 2131 Di-

195 2161 285 2187 cam
315 2152 470 2200 aperte.
518 2147 560 2186 Si
590 2152 629 2186 te
660 2159 822 2186 mecum
853 2147 1027 2186 dicendo
1059 2161 1106 2188 ac
1137 2148 1343 2189 diluendis
1375 2150 1612 2190 criminibus
1642 2151 1685 2191 in
1715 2152 1793 2192 hac
1824 2166 1949 2193 causa
1961 2161 1998 2192 30

195 2209 446 2249 contendere
476 2215 688 2262 putarem,
720 2222 795 2261 ego
827 2221 995 2262 quoque
1025 2209 1069 2248 in
1099 2210 1334 2250 accusando
1365 2216 1490 2265 atque
1521 2212 1565 2251 in
1587 2213 1844 2265 explicandis
1873 2215 1950 2255 cri-

195 2272 375 2311 minibus
406 2284 574 2324 operam
605 2283 914 2310 consumerem:
952 2284 1083 2320 nunc,
1121 2273 1318 2326 quoniam
1348 2286 1536 2326 pugnare
1566 2280 1709 2316 contra
1737 2290 1804 2317 me
1833 2277 1950 2317 insti-

196 2333 308 2373 tuisti
338 2346 423 2372 non
454 2339 537 2372 tam
569 2346 621 2373 ex
649 2337 720 2372 tua
747 2338 895 2372 natura
925 2346 1050 2386 quam
1080 2347 1134 2374 ex
1161 2335 1279 2375 istius
1309 2341 1497 2389 tempore
1527 2341 1568 2376 et
1589 2350 1713 2379 causa
1733 2340 1951 2387 malitiose,

195 2408 367 2435 necesse
399 2401 462 2436 est
489 2395 721 2435 istiusmodi
751 2394 900 2435 rationi
930 2395 1071 2448 aliquo
1093 2396 1266 2437 consilio
1289 2398 1503 2439 obsistere.
1552 2396 1619 2438 34.
1641 2401 1731 2440 Tua
1750 2401 1855 2441 ratio
1877 2406 1952 2449 est,

196 2462 243 2497 ut
271 2457 499 2497 secundum
527 2457 648 2497 binos
677 2456 799 2497 ludos
829 2456 929 2496 mihi
962 2458 1217 2510 respondere
1240 2460 1442 2513 incipias:
1472 2474 1584 2509 mea,
1614 2467 1662 2502 ut
1681 2467 1776 2502 ante
1796 2464 2002 2516 primos35

196 2517 317 2558 ludos
348 2519 722 2572 comperendinem.
752 2519 814 2559 Ita
842 2516 935 2565 fiet,
965 2525 1011 2559 ut
1031 2525 1101 2560 tua
1120 2522 1200 2561 ista
1221 2521 1325 2561 ratio
1347 2523 1607 2563 existimetur
1625 2528 1783 2571 astuta,
1813 2538 1952 2564 meum

195 2579 276 2620 hoc
306 2580 524 2621 consilium
553 2581 848 2621 necessarium.
907 2582 999 2621 XII.
1030 2582 1184 2623 Verum
1216 2584 1340 2632 illud,
1372 2585 1486 2639 quod
1516 2585 1777 2626 institueram
1803 2587 1952 2635 dicere,

195 2642 296 2682 mihi
326 2655 413 2683 rem
442 2648 579 2684 tecum
610 2656 722 2692 esse,
752 2643 993 2684 huiusmodi
1024 2650 1098 2685 est.
1144 2646 1233 2699 Ego
1265 2659 1359 2687 cum
1387 2647 1496 2688 hanc
1527 2660 1695 2689 causam
1717 2648 1951 2689 Siculorum

283 2844 315 2878 4.
338 2845 545 2886 praetoribus
570 2846 616 2879 G3
629 2856 661 2886 ς.
683 2865 718 2870 -
744 2848 775 2878 5.
800 2847 868 2878 iud.
895 2855 986 2886 exsp.
1011 2854 1033 2884 ς
1048 2847 1131 2879 dtt.:
1157 2857 1248 2889 exsp.
1274 2850 1343 2881 iud.
1370 2850 1411 2882 Gl
1431 2851 1462 2882 2.
1484 2867 1519 2873 —
1550 2851 1582 2883 7.
1609 2854 1726 2883 octava
1750 2850 1815 2892 (vel
1838 2853 1953 2893 potius

195 2901 280 2943 VIII)
299 2903 339 2933 Gl
358 2903 394 2933 ⁶3:
420 2911 510 2933 nona
525 2902 587 2934 dtt.
603 2903 640 2934 O.
662 2919 697 2924 -——
723 2903 752 2934 9.
773 2902 966 2943 quindecim]
992 2903 1065 2934 XXI
1085 2904 1186 2944 Lg29.
1215 2923 1250 2927 —
1287 2906 1339 2937 40.
1365 2910 1608 2946 consequuntur
1631 2907 1689 2939 ΘΞ.
1710 2924 1747 2930 -
1774 2908 1825 2938 42.
1851 2916 1955 2939 excu-

196 2952 298 2984 sando
326 2952 387 2983 AS
423 2953 516 2983 Parr.
547 2951 649 2983 Lall.:
686 2953 871 2983 accusando
902 2954 983 2984 cett.
1017 2952 1138 2991 codd.;
1175 2956 1357 2987 recusando
1380 2956 1416 2987 L.
1447 2974 1480 2979 —
1519 2956 1570 2988 43.
1592 2956 1755 2996 perpauci
1777 2957 1952 2997 G11Lg29:

193 3002 296 3042 pauci
318 3002 376 3032 ctt.
392 3001 429 3032 Ο.
459 3019 494 3024 -
521 3001 572 3033 46.
598 3001 656 3032 hoc
679 3002 790 3034 animo
808 3003 848 3033 Gl
867 3003 886 3033 ⁶2
900 3001 989 3042 Lg29
1007 3011 1014 3035 :
1039 3011 1075 3034 eo
1098 3003 1210 3035 animo
1234 3004 1296 3036 dtt.
1313 3005 1351 3037 O.
1373 3021 1408 3027 —
1436 3005 1488 3037 ⁴7.
1511 3006 1601 3037 malo
1623 3006 1709 3037 enim
1730 3006 1842 3037 iurato
1857 3007 1885 3038 A
1909 3006 1954 3046 (in

197 3050 386 3090 lemmate),
403 3051 492 3082 malo
507 3051 535 3082 ei
550 3051 661 3082 iurato
676 3052 783 3083 Prisc.
801 3053 826 3083 I.
845 3060 878 3092 p.
898 3050 972 3083 464.
998 3051 1082 3083 Inde
1099 3051 1205 3084 Klotz.
1224 3053 1335 3085 Praef.
1354 3063 1389 3095 p.
1408 3054 1478 3085 VII.
1499 3055 1587 3087 coni.
1606 3055 1740 3086 malim:
1763 3055 1853 3086 malo
1869 3056 1956 3087 enim

197 3100 262 3131 ίαν.
287 3098 395 3138 Male;
422 3109 504 3132 nam
526 3102 674 3141 uterque
699 3100 845 3133 alteram
869 3101 1062 3133 sententiae
1085 3104 1224 3142 partem
1247 3102 1398 3135 afferens
1420 3104 1536 3135 malim
1559 3105 1706 3136 mutavit
1728 3104 1763 3136 in
1785 3105 1891 3144 malo,
1916 3106 1956 3136 ut

196 3158 261 3190 par
284 3151 358 3181 erat
381 3150 510 3182 omissa
533 3149 698 3191 particula
722 3154 774 3190 ut,
800 3150 893 3182 unde
919 3150 1158 3183 coniunctivus
1183 3153 1283 3193 aptus
1301 3153 1384 3184 erat.
1406 3170 1442 3175 —
1468 3153 1521 3185 49.
1546 3163 1632 3184 nunc
1655 3153 1758 3185 codd.
1780 3154 1864 3186 AS:
1889 3163 1955 3186 mm

198 3199 288 3230 coni.
314 3199 394 3230 Ern.
422 3217 458 3221 —
482 3199 535 3231 22.
561 3203 592 3232 et
613 3200 666 3240 ew]
691 3209 733 3232 ea:
756 3201 822 3238 G23
848 3203 878 3231 et
900 3208 940 3231 ea
963 3199 1052 3231 coni.
1077 3199 1179 3239 Ern.;
1216 3202 1350 3240 capiam
1371 3202 1516 3242 fructum
1538 3211 1581 3234 ex>
1604 3203 1830 3235 accusatione:
1852 3205 1955 3245 perfi-

197 3248 284 3280 ciam
300 3249 389 3280 coni.
407 3248 520 3281 MadV.
538 3249 564 3280 I.
589 3258 624 3290 p.
642 3249 718 3282 340.
743 3251 786 3282 At
809 3248 969 3291 displicet
991 3249 1187 3289 asyndeton
1201 3250 1464 3292 verborumque
1488 3251 1678 3284 collocatio.
1711 3253 1818 3293 Magis
1839 3252 1955 3294 placet

199 3298 286 3330 coni.
311 3297 470 3330 Schuetz.
496 3301 526 3330 et
547 3299 765 3331 accusatione.
782 3316 820 3322 —
837 3299 1009 3339 conficiam
1030 3300 1113 3331 Asc.
1130 3299 1210 3331 edd.
1228 3301 1313 3332 vett.
1340 3302 1375 3332 et
1395 3301 1465 3333 MS.
1491 3301 1586 3333 Leid.
1607 3317 1643 3324 ——
1669 3302 1722 3334 25.
1747 3302 1860 3344 igitur]
1877 3311 1955 3343 erqo

200 3346 258 3378 (32.
286 3365 322 3370 —
347 3346 401 3380 26.
425 3346 537 3390 neque]
563 3351 660 3388 atque
683 3349 742 3381 Gl.
768 3365 802 3371 —
829 3348 882 3380 29.
908 3348 987 3380 mihi
1010 3356 1080 3381 om.
1099 3350 1140 3381 Gl
1158 3350 1223 3390 25.
1246 3350 1291 3383 At
1313 3349 1355 3383 cs.
1374 3349 1406 3391 S.
1425 3349 1478 3384 34.
1496 3350 1550 3384 36.
1570 3368 1605 3374 -
1631 3351 1685 3384 38.
1708 3360 1780 3385 rem
1793 3352 1876 3385 mihi
1891 3353 1951 3385 G2.
