2175 3718
279 261 360 306 244
770 268 826 308 IN
855 267 1077 308 VERREM
1104 266 1264 308 ACTIO
1297 266 1538 308 SECUNDA

279 377 535 419 senatorium
565 392 719 419 nomen
749 380 968 420 nundinati
992 384 1108 419 sunt:
1140 383 1180 418 et
1201 380 1314 433 quod
1335 379 1543 426 Halesini,
1569 378 1848 432 antiquissimi
1871 384 1911 420 et
1931 379 2029 422 fide-

278 441 428 481 lissimi
467 441 571 481 socii
611 446 739 495 atque
779 442 922 488 amici,
968 442 1123 480 Romae
1154 441 1423 494 impetrarant
1453 446 1498 480 ut
1528 441 1638 494 apud
1669 453 1711 479 se
1742 454 1794 480 ne
1826 442 2029 495 suffragiis

280 503 450 556 quidem
481 501 569 543 fieri
599 503 764 551 liceret,
796 504 838 542 id
868 503 1002 556 pretio
1033 507 1080 542 ut
1108 502 1197 541 fieri
1229 508 1370 555 posset
1392 503 1539 542 effecit.
1591 503 1635 541 L.
1660 499 1751 541 4⁶23.
1771 502 2031 557 Agrigentini

279 565 329 604 de
360 569 506 605 senatu
538 566 774 618 cooptando
807 565 1016 617 Scipionis
1048 564 1158 616 leges
1189 564 1385 617 antiquas
1416 565 1589 612 hahent,
1630 564 1674 604 in
1707 565 1858 618 quibus
1891 570 1932 606 et
1960 566 2034 608 illa

247 626 424 671 5eadem
454 632 596 667 sancta
627 633 724 668 sunt
745 632 784 666 et
814 626 893 666 hoc
915 626 1095 678 amplius
1114 640 1122 665 :
1155 640 1247 666 cum
1269 627 1634 679 Agrigentinorum
1657 628 1738 667 duo
1762 640 1915 679 genera
1936 629 2032 677 sint,

277 702 407 729 unum
437 694 644 737 veterum,
686 689 861 729 alterum
894 688 1162 736 colonorum,
1204 702 1310 742 quos
1349 690 1393 728 T.
1425 691 1603 729 Manlius
1635 695 1802 743 praetor
1832 703 1883 730 ex
1914 704 2033 732 sena-

277 756 344 790 tus
369 751 559 791 consulto
592 751 642 790 de
675 751 841 804 oppidis
874 751 1109 790 Siculorum
1141 751 1316 790 deduxit
1344 751 1637 803 Agrigentum,
1683 757 1850 791 cautum
1891 758 1954 793 est
1989 754 2033 794 in

279 814 488 867 Scipionis
518 814 701 867 legibus,
733 827 784 852 ne
815 814 954 866 plures
977 818 1117 853 essent
1138 814 1180 852 in
1203 818 1348 852 senatu
1371 826 1422 852 ex
1444 814 1689 854 colonorum
1712 828 1883 855 numero
1907 830 2032 869 quam

278 890 330 916 ex
374 880 514 915 vetere
560 875 941 928 Agrigentinorum.
1000 876 1105 923 Iste,
1154 876 1225 929 qui
1267 875 1407 915 omnia
1446 876 1536 916 iura
1576 878 1711 930 pretio
1755 884 2034 931 exaequasset

230 939 548 991 ioomniumque
592 952 731 978 rerum
771 938 979 978 delectum
1019 945 1144 992 atque
1183 938 1403 978 discrimen
1434 940 1611 991 pecunia
1642 940 1903 987 sustulisset,
1947 954 2032 980 non

276 1001 401 1042 modo
433 1000 517 1047 illa,
549 1014 658 1054 quae
685 1006 802 1040 erant
825 1002 986 1048 aetatis,
1018 1002 1176 1041 ordinis
1199 1005 1495 1055 quaestusque,
1527 1003 1782 1054 permiscuit,
1813 1003 1885 1041 sed
1907 1002 2030 1042 etiam

276 1064 320 1103 in
348 1062 413 1102 his
447 1062 610 1103 duobus
641 1063 861 1116 generibus
882 1063 1034 1103 civium
1056 1077 1262 1103 novorum
1283 1068 1554 1117 veterumque
1576 1064 1767 1104 turbavit.
1814 1062 1906 1104 124.
1928 1066 2031 1105 Nam

278 1139 370 1165 cum
411 1129 520 1164 esset
562 1139 613 1166 ex
652 1131 840 1165 veterum
880 1139 1055 1165 numero
1100 1126 1270 1179 quidam
1310 1130 1477 1165 senator
1514 1127 1754 1165 demortuus
1786 1132 1825 1166 et
1856 1141 1947 1167 cum
1979 1141 2032 1167 ex

276 1192 458 1241 utroque
500 1200 651 1241 genere
691 1201 767 1241 par
806 1202 1003 1227 numerus
1034 1189 1222 1241 reliquus
1255 1192 1387 1226 esset:
1429 1192 1611 1226 veterem
1643 1189 1830 1240 cooptari
1860 1203 2031 1229 necesse

228 1264 262 1294 45
277 1255 364 1290 erat
393 1250 577 1304 legibus,
609 1255 655 1290 ut
684 1251 719 1291 is
751 1251 929 1304 amplior
959 1265 1157 1290 numerus
1190 1255 1310 1289 esset.
1357 1250 1473 1297 Quae
1505 1263 1597 1288 cum
1619 1250 1674 1289 ita
1697 1264 1740 1289 se
1762 1264 1827 1290 res
1848 1250 2031 1300 haberet,

276 1318 413 1353 tamen
451 1313 502 1352 ad
541 1313 666 1352 istum
705 1319 890 1366 emptum
927 1318 1131 1353 venerunt
1169 1313 1286 1352 illum
1329 1312 1466 1351 locum
1498 1313 1750 1351 senatorium
1782 1325 1865 1351 non
1897 1313 2032 1353 solum

275 1380 459 1422 veteres,
497 1388 641 1415 verum
683 1376 804 1415 etiam
846 1376 956 1416 novi.
1016 1376 1100 1422 Fit,
1146 1381 1191 1414 ut
1231 1376 1364 1428 pretio
1404 1388 1538 1413 novus
1570 1375 1708 1414 vincat
1737 1375 1979 1429 litterasque
2009 1389 2033 1415 a

275 1443 466 1491 praetore
498 1439 643 1478 afferat
671 1438 956 1490 Agrigentum.
1016 1438 1275 1491 Agrigentini
1308 1438 1358 1477 ad
1391 1438 1514 1476 istum
1545 1437 1703 1489 legatos
1736 1438 1924 1486 mittunt,
1962 1439 2033 1492 qui

276 1514 372 1540 eum
403 1501 515 1554 leges
547 1500 726 1540 doceant
756 1501 1186 1554 consuetudinemque
1218 1501 1402 1540 omnium
1424 1513 1627 1539 annorum
1659 1501 1957 1548 demonstrent,
1987 1506 2034 1540 ut

226 1578 262 1607 ‘20
277 1564 353 1603 iste
384 1562 635 1616 intelligeret
665 1563 702 1602 ei
735 1577 779 1603 se
811 1563 928 1602 illum
960 1563 1098 1602 locum
1130 1563 1388 1610 vendidisse,
1429 1562 1495 1601 cui
1532 1575 1582 1601 ne
1615 1562 1908 1601 commercium
1939 1562 2032 1616 qui-

276 1625 370 1665 dem
402 1638 492 1664 esse
525 1630 747 1679 oporteret.
800 1626 986 1674 Quorum
1019 1626 1208 1665 oratione
1240 1626 1340 1672 iste,
1373 1639 1465 1664 cum
1487 1625 1667 1677 pretium
1690 1625 1770 1663 iam
1792 1626 2031 1678 accepisset,

274 1701 327 1727 ne
359 1687 565 1726 tantulum
598 1688 766 1740 quidem
798 1692 1027 1727 commotus
1061 1693 1135 1727 cst.
1204 1685 1289 1726 1253.
1321 1688 1432 1726 Idem
1464 1687 1561 1726 fecit
1582 1687 1811 1726 Heracliae.
1857 1688 1959 1727 Nam
1982 1700 2030 1726 eo

276 1762 447 1802 quoque
478 1749 651 1789 colonos
690 1751 733 1790 P.
765 1751 956 1803 Rupilius
990 1750 1163 1790 deduxit
1201 1751 1400 1803 legesque
1433 1750 1589 1789 similes
1622 1749 1672 1788 de
1703 1749 1938 1801 cooptando
1969 1762 2033 1788 se-

274 1816 375 1851 natu
407 1815 448 1850 et
479 1811 530 1851 de
562 1825 737 1853 numero
769 1819 956 1853 veterum
988 1826 1035 1852 ac
1066 1826 1267 1852 novorum
1300 1812 1427 1851 dedit.
1486 1812 1546 1851 Ibi
1577 1824 1663 1851 non
1694 1811 1828 1850 solum
1858 1810 1956 1857 iste,
1989 1815 2034 1850 ut

226 1873 386 1927 asapud
419 1878 600 1924 ceteros,
631 1876 851 1929 pecuniam
883 1876 1065 1929 accepit,
1098 1875 1170 1914 sed
1202 1875 1325 1915 etiam
1357 1888 1508 1927 genera
1538 1879 1724 1914 veterum
1755 1886 1802 1913 ac
1832 1884 2033 1911 novorum

274 1950 579 1992 numerumque
610 1938 867 1991 permiscuit.
926 1938 990 1977 LI.
1021 1937 1158 1977 Nolite
1191 1942 1455 1990 exspectare,
1486 1937 1583 1976 dum
1608 1950 1752 1976 omnes
1774 1934 1918 1974 obeam
1942 1946 2034 1973 ora-

274 1999 388 2040 tione
419 2013 511 2040 mea
541 2000 755 2040 civitates:
785 2001 866 2040 hoc
896 2014 981 2040 uno
1013 1999 1269 2052 complector
1299 1999 1455 2046 omnia,
1493 1998 1701 2038 neminem
1732 1999 1812 2038 isto
1843 2002 2033 2050 praetore

274 2067 509 2102 senatorem
542 2060 628 2102 lieri
659 2063 868 2116 potuisse,
900 2061 979 2102 nisi
1015 2061 1087 2115 qui
1117 2061 1183 2100 isti
1216 2061 1437 2114 pecuniam
1469 2061 1664 2100 dedisset.

387 2121 481 2163 4⁶26.
513 2124 603 2164 Hoc
625 2125 735 2164 idem
757 2124 962 2164 transfero
985 2124 1027 2163 in
1050 2124 1335 2175 magistratus,
1368 2123 1626 2170 curationes,
1658 2123 1910 2172 sacerdotia;
1942 2123 2035 2177 qui-

224 2201 260 2230 30
274 2187 351 2226 bus
382 2187 425 2225 in
455 2186 579 2225 rebus
610 2200 695 2226 non
727 2187 861 2226 solum
892 2187 1110 2226 hominum
1143 2186 1252 2232 iura,
1286 2186 1356 2225 sed
1389 2186 1511 2225 etiam
1534 2186 1705 2224 deorum
1738 2185 2034 2225 immortalium

275 2248 498 2300 religiones
538 2261 682 2288 omnes
717 2249 968 2302 repudiavit.
1029 2248 1244 2302 Syracusis
1287 2249 1353 2287 lex
1390 2253 1451 2287 est
1489 2249 1539 2287 de
1579 2248 1805 2300 religione,
1851 2260 1961 2301 quae
1991 2248 2032 2287 in

275 2324 408 2350 annos
454 2310 640 2363 singulos
680 2311 789 2351 Iovis
830 2311 1088 2351 sacerdotem
1130 2310 1275 2349 sortito
1318 2310 1407 2362 capi
1448 2310 1609 2357 iubeat,
1653 2310 1767 2363 quod
1798 2310 1908 2362 apud
1939 2310 2032 2349 illos

275 2372 579 2425 amplissimum
620 2373 899 2413 sacerdotium
939 2378 1122 2426 putatur.
1190 2369 1275 2412 127.
1319 2374 1421 2411 Cum
1459 2372 1666 2423 suffragiis
1704 2377 1785 2411 tres
1818 2385 1869 2411 ex
1900 2372 2033 2411 tribus

277 2435 497 2489 generibus
530 2436 657 2475 creati
689 2441 804 2483 sunt,
837 2450 901 2475 res
933 2440 1152 2475 revocatur
1183 2436 1233 2475 ad
1266 2439 1430 2474 sortem.
1481 2434 1713 2473 l’erfecerat
1744 2435 1819 2474 iste
1841 2435 2032 2488 imperio,

225 2513 262 2543 35
276 2503 322 2539 ut
351 2511 426 2551 pro
459 2498 655 2551 suffragio
697 2498 1001 2538 Theomnastus
1039 2497 1256 2537 familiaris
1298 2510 1396 2536 suus
1428 2497 1469 2535 in
1503 2497 1631 2535 tribus
1661 2497 1743 2536 illis
1774 2497 2034 2537 renuntiare-

277 2566 355 2601 tur.
401 2561 447 2600 In
479 2565 610 2609 sorte,
642 2561 708 2601 eui
739 2561 944 2614 imperare
976 2574 1060 2600 non
1082 2565 1269 2613 poterat,
1302 2559 1598 2611 exspectabant
1618 2559 1811 2599 homines
1834 2559 2034 2613 quidnam

277 2628 443 2664 acturus
476 2629 597 2664 esset.
641 2624 777 2663 Homo
794 2654 804 2671 ‚
839 2623 881 2663 id
903 2623 1017 2677 quod
1039 2628 1126 2662 erat
1145 2622 1409 2668 facillimum,
1440 2621 1574 2674 primo
1597 2626 1708 2661 vetat
1730 2622 1888 2662 sortiri:
1919 2621 2035 2662 iubet

363 2789 394 2822 4.
420 2790 479 2821 illa
502 2790 615 2821 eadem
638 2789 679 2821 Ιιῑ
706 2790 819 2821 eadem
842 2790 900 2821 illa
924 2789 985 2821 dtt.
1013 2790 1049 2821 O.
1079 2808 1112 2811 —
1141 2789 1170 2820 6.
1199 2790 1233 2821 L.
1259 2788 1361 2821 Manl.
1389 2788 1477 2828 1.th
1502 2797 1534 2829 p.
1554 2797 1601 2820 m.
1621 2798 1668 2827 cp;
1696 2789 1728 2820 C.
1748 2788 1916 2820 Mamilius
1940 2788 2031 2819 coni.

276 2840 371 2880 Pigh.
398 2848 440 2871 ex
464 2840 534 2870 Liv.
561 2839 614 2877 27,
641 2839 692 2871 36.
722 2857 754 2862 —
784 2840 814 2871 8.
841 2840 875 2870 in
898 2843 1013 2870 senatu
1033 2839 1227 2880 LgfflNcp:
1255 2848 1323 2870 om.
1344 2839 1401 2869 ctt.
1424 2856 1457 2859 —
1486 2840 1515 2870 9.
1543 2847 1584 2869 ιω
1607 2842 1751 2869 velerum
1775 2837 1818 2869 de
1844 2838 1920 2868 llot.
1941 2836 2031 2868 coni.

278 2892 302 2922 L
326 2889 425 2931 prob.
453 2889 509 2921 Or.
534 2889 559 2919 Ι.
589 2906 623 2911 -—
651 2889 702 2919 40.
730 2889 880 2920 dilectum
904 2889 1005 2929 Lgl‘ss.
1035 2906 1069 2912 ——
1104 2890 1154 2920 ⁴⁶2.
1188 2893 1395 2927 celerumque
1418 2888 1573 2919 delectum.
1598 2889 1806 2927 ordinemque
1828 2886 1929 2927 vulgo
1954 2887 2034 2919 inde

278 2939 321 2971 ab
348 2940 496 2979 Hervag.
516 2940 636 2970 contra
662 2939 763 2970 codd.
784 2940 820 2970 O.
842 2939 904 2978 [sic
928 2940 993 2970 iam
1019 2939 1051 2971 in
1070 2941 1213 2971 Ascens.
1235 2938 1342 2980 45141]
1362 2955 1397 2960 -—
1426 2938 1476 2968 43.
1502 2947 1544 2969 ec
1566 2941 1672 2969 velere
1696 2947 1782 2969 num.
1804 2937 1865 2968 dtt.
1887 2955 1922 2959 -—
1950 2937 2036 2976 quis-

274 2991 368 3030 piam
390 2998 455 3020 sen.
479 2989 515 3020 L.
538 3006 569 3011 —
600 2989 650 3020 45.
677 2989 704 3019 is
720 2990 861 3028 amplior
884 2989 915 3027 4,
935 3000 963 3028 φ
978 2990 1008 3021 M
1022 2990 1049 3020 V
1068 2988 1134 3020 Pal.
1158 2998 1248 3020 see:
1274 2989 1322 3019 his
1337 2988 1436 3027 ampl.
1456 2989 1500 3021 N:
1527 2988 1574 3018 his
1590 2988 1730 3027 amplius
1747 2988 1808 3019 dtt.
1831 3005 1864 3009 —
1883 2987 2037 3018 haberent

279 3039 405 3080 Lg2913
431 3037 486 3071 alii
510 3037 571 3069 dtt.
590 3056 625 3060 —
653 3038 702 3069 46.
724 3043 819 3078 empl.
844 3049 875 3070 v.
903 3040 924 3070 i.
949 3039 1008 3070 loc.
1028 3039 1059 3077 4,
1081 3040 1130 3070 V:
1156 3049 1226 3071 ven.
1247 3048 1273 3070 e.
1292 3039 1351 3069 loc.
1370 3039 1461 3069 illum
1485 3038 1545 3069 (Mt.
1566 3038 1603 3068 O.
1626 3056 1660 3060 —
1689 3038 1738 3068 47.
1756 3046 1868 3068 verum
1887 3036 1975 3077 Lgffl
1988 3038 2032 3068 V:

279 3091 333 3121 sed
357 3090 414 3120 ctt.
441 3088 478 3120 O.
507 3106 542 3110 —
580 3087 631 3118 48.
658 3088 788 3127 adserat
810 3089 1024 3129 Ayrigyentum
1041 3089 1084 3119 V:
1112 3089 1243 3129 auferat
1267 3088 1372 3128 Lgt-e.
1400 3089 1441 3125 03
1469 3089 1586 3127 afferat
1611 3089 1711 3127 Lagg.
1738 3086 1811 3118 rell.
1840 3105 1874 3109 -—
1902 3087 1953 3118 49.
1979 3088 2036 3118 de-

279 3141 519 3177 monstrentque
542 3136 644 3177 Lgffl.
667 3154 701 3158 —
728 3138 780 3168 20.
807 3138 1002 3178 intelleqeret
1026 3139 1087 3177 (sic
1112 3138 1329 3180 plerumque)
1348 3138 1387 3168 V.
1409 3155 1443 3158 —-
1469 3138 1575 3168 Iocum
1596 3138 1687 3168 illum
1708 3136 1745 3167 V.
1768 3154 1802 3158 -
1828 3145 1930 3176 neque
1951 3145 2033 3168 com.

280 3189 320 3219 V.
341 3204 375 3210 -
403 3188 456 3219 Ἡ.
483 3189 559 3219 esset
575 3186 614 3217 V.
637 3204 671 3208 —
697 3187 750 3217 22.
768 3188 941 3219 Heracliae
956 3188 1044 3228 Lg-'i-P.
1068 3198 1102 3230 p.
1122 3198 1187 3220 m.:
1213 3188 1388 3219 Heracleae
1412 3188 1460 3218 eV
1483 3189 1540 3218 ctt.
1560 3188 1597 3218 O.
1625 3186 1666 3217 cs.
1686 3186 1724 3216 V.
1744 3185 1774 3225 ἓ.
1793 3186 1845 3218 86.
1868 3205 1903 3210 —
1928 3185 1980 3218 24.
2007 3190 2036 3218 ec

282 3240 318 3270 de
342 3237 491 3279 Lg4-2V:
521 3245 560 3268 ac
583 3237 621 3267 de
645 3238 702 3268 ctt.
730 3238 767 3269 O.
796 3255 830 3259 —
857 3239 909 3269 25.
937 3239 1036 3269 etiam
1060 3240 1220 3279 deycncra
1242 3238 1280 3268 V.
1310 3255 1345 3260 —
1381 3238 1433 3268 ⁶27.
1459 3246 1523 3268 uno
1547 3236 1662 3276 compl.
1689 3235 1777 3275 ng.
1791 3235 1880 3266 MV:
1913 3245 1978 3267 uno
2005 3245 2032 3267 c.

281 3288 410 3319 nomine
434 3288 474 3327 H,
501 3288 639 3325 Frane.;
665 3297 729 3319 uno
753 3297 781 3319 ο.
806 3289 942 3321 crimine
966 3290 1022 3320 cti.
1046 3307 1080 3312 —
1107 3290 1159 3321 ⁶39.
1185 3289 1381 3329 magistram
1398 3288 1436 3318 V.
1460 3306 1494 3309 —-
1521 3288 1572 3318 30.
1598 3287 1686 3317 imm.
1706 3285 1764 3316 rel.
1784 3285 1891 3324 Lg‘ffl,
1916 3287 1941 3317 A
1956 3285 2032 3316 BV:

283 3338 341 3370 rel.
368 3339 456 3369 imm.
478 3339 535 3370 ctt.
555 3338 591 3369 O.
614 3354 648 3360 -
676 3338 727 3369 36.
754 3340 806 3369 cui
829 3339 907 3378 imp.
932 3349 965 3369 η.
988 3343 1166 3378 potuerant
1189 3338 1277 3379 [τέ-42
1302 3347 1334 3378 p.
1356 3346 1421 3375 m.;
1448 3346 1521 3368 cum
1544 3338 1620 3375 imp.
1647 3346 1709 3367 mm
1730 3338 1884 3376 potuerat
1908 3335 2035 3376 Lg29A

286 3388 322 3422 B.
343 3405 378 3410 ——
405 3388 457 3420 37.
483 3388 628 3430 acturus]
653 3392 867 3420 accusaturus
883 3389 921 3429 V,
945 3389 1095 3430 facturus
1118 3390 1153 3421 L.
1181 3406 1216 3411 —
1241 3390 1313 3420 erat
1336 3396 1404 3419 oni.
1431 3385 1520 3426 Lgl-‘e
1543 3395 1577 3427 p.
1596 3394 1642 3417 m.
