2143 3713
601 221 688 261 Lm.
717 219 765 260 v.
802 218 899 260 cn».
929 217 1196 259 x1x-xx.
1238 215 1312 271 §§·
1341 214 1538 257 46—50.
1860 203 1941 249 395

206 347 287 374 non
317 331 462 386 potes),
494 332 674 385 publice,
705 329 816 382 quod
846 330 1081 369 Mamertini
1113 330 1323 369 materiem
1353 341 1438 367 non
1466 327 1641 374 habent,
1670 322 1942 379 imperavisti.

205 396 318 435 xlx.
351 395 393 434 Si
425 401 465 434 ct
495 407 547 433 ex
578 406 658 445 quo
690 390 734 431 fit
763 391 878 430 navis
910 397 949 430 et
971 392 1042 445 qui
1071 391 1246 438 faciunt,
1277 389 1449 442 imperio
1473 389 1547 428 tibi
1567 394 1660 435 tuo,
1690 401 1775 428 non
1795 385 1942 439 pretiO,

205 463 369 510 praesto
399 457 589 496 fuerunt:
629 454 698 493 ubi
739 453 905 492 tandem
936 454 1046 493 istud
1078 454 1198 500 latet,
1234 452 1346 504 quod
1377 457 1421 490 tu
1451 451 1502 490 de
1532 455 1603 490 tua
1632 450 1809 502 pecunia
1838 448 1942 487 dicis

205 520 468 572 impensum?
498 539 552 546 —
581 513 645 554 48.
677 516 728 554 At
758 516 991 555 Mamertini
1023 516 1064 554 in
1095 514 1243 554 tabulis
1274 513 1377 553 nihil
1407 512 1572 551 habent.
1620 512 1799 551 Primum
1820 509 1941 549 video

204 581 386 634 potuisse
416 578 527 625 fieri,
557 583 604 617 ut
633 590 683 616 ex
715 578 874 616 aerario
907 577 1010 615 nihil
1042 577 1259 616 darent—
1280 575 1430 614 etenim
1456 573 1522 613 vel
1543 572 1807 626 Capitolium,
1839 571 1974 610 sicuts

205 642 312 695 apud
347 642 523 681 maiores
556 644 717 679 nostros
747 638 900 677 factum
933 644 1012 685 est,
1044 638 1206 691 publice
1237 637 1391 676 coactis
1416 636 1542 675 fabris
1563 635 1786 687 operisque
1815 633 1945 685 impe-

205 704 304 743 ratis
334 703 459 755 gratis
489 698 750 741 exaedificari
782 705 904 752 atque
937 698 1042 740 effici
1074 700 1231 754 potuit:
1263 720 1317 728 —
1338 697 1506 744 deinde,
1538 697 1578 737 id
1600 696 1712 751 quod
1738 694 1945 749 perspicio

206 772 244 806 et
275 764 389 819 quod
419 763 654 809 ostendam,
695 776 786 801 cuni
825 762 937 814 ipsos
974 762 1232 814 produxero,
1272 762 1457 813 ipsorum
1497 773 1549 799 ex
1587 758 1757 804 litteris,
1796 755 1946 796 multas

206 827 403 881 pecunias
433 825 502 865 isti
533 830 720 878 erogatas
751 825 793 864 in
824 837 999 876 operum
1031 823 1256 863 locationes
1286 822 1409 862 falsas
1429 827 1552 875 atque
1577 822 1722 861 inanes
1743 832 1834 859 esse
1855 830 1948 871 per-

205 890 390 942 scriptas.
450 887 535 926 Iam
573 886 676 925 illud
714 886 881 925 minime
919 886 1068 925 mirum
1108 889 1187 932 est,
1231 885 1518 931 Mamertinos,
1563 897 1585 923 a
1624 897 1706 936 quo
1743 884 1996 922 summum⁴0

204 948 446 992 beneficium
476 953 743 1001 acceperant,
774 961 898 1000 quem
930 948 1006 987 sibi
1038 947 1277 987 amiciorem
1309 959 1431 999 quam
1460 946 1614 999 populo
1644 947 1827 985 Romano
1858 955 1950 982 esse

205 1015 504 1065 cognoverant,
545 1010 632 1049 eius
670 1010 792 1063 capiti
834 1010 980 1049 litteris
1011 1009 1096 1048 suis
1131 1009 1381 1062 pepercisse.
1442 1008 1523 1047 Sed
1553 1008 1588 1047 si
1617 1011 1858 1061 argumento
1889 1008 1952 1044 est

204 1073 469 1116 Mamertinos
510 1072 583 1111 tibi
620 1071 838 1125 pecuniam
878 1083 964 1110 non
995 1070 1180 1118 dedisse,
1219 1071 1318 1123 quia
1347 1070 1544 1122 scriptum
1573 1082 1659 1109 non
1686 1069 1860 1109 habent:
1898 1067 1952 1105 sit

205 1139 446 1188 argumento
478 1133 552 1173 tibi
583 1134 707 1186 gratis
738 1138 845 1173 stare
875 1146 1044 1180 navem,
1090 1133 1209 1185 quia,
1245 1132 1344 1184 quid
1376 1132 1522 1172 emeris
1559 1136 1630 1171 aut
1658 1132 1758 1185 quid
1788 1129 1951 1175 locaris,

206 1198 405 1251 scriptum
435 1195 622 1249 proferre
653 1209 735 1235 non
766 1200 900 1248 potes.
1964 1195 2000 1226 ⁴⁵

317 1256 383 1298 49.
420 1259 472 1297 At
511 1258 620 1297 enim
657 1257 809 1296 idcirco
847 1270 995 1297 navem
1035 1257 1290 1297 Mamertinis
1329 1270 1414 1296 non
1444 1256 1675 1310 imperasti,
1716 1254 1826 1309 quod
1857 1258 1953 1294 sunt

205 1321 422 1361 foederati.
452 1341 505 1348 —-
549 1319 600 1359 Di
645 1319 896 1372 approbent!
941 1319 1150 1359 Habemus
1195 1319 1406 1359 hominem
1447 1320 1490 1358 in
1529 1318 1733 1358 fetialium
1762 1316 1952 1356 manibus

206 1381 446 1429 educatum,
495 1395 623 1420 unum
654 1387 818 1434 praeter
849 1386 1006 1421 ceteros
1038 1382 1081 1421 in
1111 1382 1287 1434 publicis
1316 1381 1588 1434 religionibus
1617 1379 1831 1420 foederum
1860 1392 1954 1419 san-

207 1450 317 1484 ctum
355 1456 403 1482 ac
442 1443 696 1496 diligentem.
756 1443 932 1491 Omnes,
974 1444 1043 1497 qui
1085 1448 1179 1484 ante
1210 1448 1249 1483 te
1288 1442 1456 1483 fuerunt
1484 1448 1711 1497 praetores,
1750 1441 1955 1482 dedantur

208 1505 487 1553 Mamertinis,
519 1505 631 1558 quod
662 1506 710 1545 iis
741 1518 888 1545 navem
920 1512 1063 1546 contra
1091 1507 1329 1559 pactionem
1358 1504 1537 1545 foederis
1567 1503 1829 1557 imperarintl
1872 1502 1953 1543 Sed
1966 1507 2001 1537 20

205 1573 343 1608 tamen
376 1572 441 1614 tu,
473 1572 613 1607 sancte
644 1567 769 1607 homo
801 1580 847 1607 ac
876 1568 1087 1620 religiose,
1119 1581 1192 1607 cur
1216 1568 1574 1607 Tauromenitanis
1604 1568 1703 1606 item
1731 1565 1954 1607 foederatis

206 1643 353 1670 navem
386 1629 624 1682 imperasti?
654 1643 706 1669 an
736 1629 813 1670 hoc
835 1630 1027 1682 probabis
1041 1662 1050 1677 ‚
1083 1631 1124 1669 in
1146 1643 1279 1682 aequa
1300 1643 1424 1669 causa
1444 1629 1690 1683 populorum
1711 1630 1801 1669 sine
1821 1627 1954 1681 pretio

205 1693 366 1733 varium
406 1691 471 1731 ius
512 1697 551 1731 et
595 1692 801 1745 disparem
843 1692 1130 1732 condicionem
1161 1692 1325 1732 fuisse?
1384 1690 1449 1730 50.
1481 1691 1619 1739 Quid?
1660 1691 1695 1731 si
1726 1690 1814 1730 eius
1843 1688 1955 1729 modi

209 1766 299 1793 esse
331 1752 434 1792 haec
466 1753 547 1792 duo
579 1753 750 1793 foedera
772 1755 945 1794 duorum
972 1755 1240 1807 populorum,
1270 1754 1454 1800 iudices,
1486 1754 1637 1802 doce0,
1667 1758 1713 1793 ut
1732 1754 1956 1792 Taurome-

207 1814 360 1854 nitanis
392 1815 637 1855 nominatim
669 1822 832 1855 cautum
864 1821 903 1855 et
934 1821 1151 1868 exceptum
1182 1817 1234 1856 sit
1262 1815 1451 1862 foedere,
1494 1829 1545 1855 NE
1575 1828 1715 1855 Numi
1745 1827 1852 1854 DARE
1882 1826 1955 1853 ΒΕ·
1967 1817 2003 1847 25

209 1890 363 1923 BEAxr,
404 1878 658 1916 Mamertinis
700 1878 739 1916 in
776 1878 866 1930 ipso
897 1877 1066 1918 foedere
1097 1884 1282 1918 sanctum
1312 1883 1437 1930 atque
1466 1878 1765 1930 praescriptum
1795 1878 1866 1923 sit,
1903 1889 1954 1915 VT

210 1952 350 1979 mvmr
380 1951 487 1978 DARE
520 1950 695 1979 NECEssE
727 1953 811 1984 ειη
851 1940 971 1979 istum
1011 1945 1147 1980 autem
1179 1945 1322 1979 contra
1351 1939 1496 1979 foedus
1527 1945 1568 1979 et
1596 1938 1955 1979 Tauromenitanis

208 2001 437 2054 imperasse
468 2006 510 2040 et
539 2001 790 2041 Mamertinis
820 2002 1050 2041 remisisse:
1089 2001 1292 2055 numquid
1325 2002 1493 2041 dubium
1522 2002 1671 2054 poterit
1701 2013 1811 2047 esse,
1853 1999 1955 2052 quin

209 2064 335 2102 Verre
380 2068 570 2116 praetore
610 2063 704 2115 plus
744 2063 998 2103 Mamertinis
1038 2064 1211 2117 cybaea,
1258 2077 1382 2116 quam
1422 2062 1778 2103 Tauromenitanis
1808 2059 1955 2101 foedus

212 2126 460 2178 opitulatum
491 2126 572 2165 sit?
609 2126 848 2165 Recitentur
876 2125 1058 2165 foedera.
1118 2126 1211 2165 XX.
1243 2126 1326 2165 Isto
1357 2126 1481 2178 igitur
1510 2132 1603 2173 tuo,
1635 2139 1758 2179 quem
1788 2125 1839 2164 ad
1870 2127 2004 2163 mo-30

209 2187 307 2226 dum
347 2187 437 2240 ipse
476 2187 708 2241 praedicas,
750 2187 973 2234 beneficio,
1011 2192 1056 2227 ut
1092 2200 1156 2227 res
1197 2187 1371 2235 indicat,
1417 2187 1550 2242 pretio
1588 2193 1711 2241 atque
1750 2185 1954 2234 mercede,

209 2249 395 2288 minuisti
434 2250 688 2290 maiestatem
726 2250 784 2289 rei
823 2249 1034 2302 publicae,
1074 2250 1258 2290 minuisti
1289 2249 1445 2290 auxilia
1472 2249 1615 2302 populi
1646 2249 1844 2296 Romani,
1880 2249 1955 2288 mi-

208 2310 337 2350 nuisti
369 2312 505 2364 copias
536 2312 737 2352 maiorum
765 2311 917 2351 virtute
948 2324 995 2350 ac
1027 2312 1233 2365 sapientia
1254 2317 1526 2365 comparatas,
1557 2312 1759 2352 sustulisti
1786 2312 1850 2351 ius
1880 2311 1955 2351 im-

208 2373 336 2426 perii,
367 2374 655 2415 condicionem
686 2374 909 2422 sociorum,
949 2374 1191 2415 memoriam
1221 2373 1414 2414 foederis.
1474 2373 1556 2423 Qui
1586 2387 1639 2414 ex
1666 2373 1834 2414 foedere
1863 2374 1954 2427 ipso

297 2578 328 2608 4.
352 2577 523 2609 materiem
546 2578 570 2609 R
587 2578 627 2609 <34
658 2577 716 2609 Ld.
746 2578 824 2617 (om.
851 2578 928 2618 GQ:
954 2578 1131 2610 materiam
1153 2578 1261 2619 Lg29;
1286 2579 1439 2610 materies
1461 2577 1546 2611 dett.
1573 2596 1601 2600 —
1632 2579 1664 2610 2.
1689 2587 1731 2610 ea:
1755 2587 1823 2610 om.
1850 2577 1951 2618 Lg29.

214 2647 248 2652 —
275 2628 331 2660 tibi
353 2637 417 2659 non
450 2631 504 2659 tuo
528 2636 582 2667 pr.
609 2627 654 2659 G3
672 2626 704 2658 λ.
732 2644 766 2648 -
794 2627 825 2659 3.
850 2628 934 2659 istud
958 2629 981 2659 R
1001 2629 1064 2659 Gt:
1097 2627 1178 2658 illud
1201 2629 1247 2659 ΟΞ.
1271 2627 1350 2665 Ld.;
1382 2629 1462 2659 istuc
1493 2628 1577 2660 dett.
1603 2629 1640 2660 O.
1669 2645 1704 2650 —
1730 2628 1760 2661 4.
1786 2628 1954 2668 inpensum

211 2679 247 2710 R.
277 2697 311 2701 -
338 2678 369 2709 6.
395 2677 523 2718 publice
552 2678 658 2718 ,qt-atis
689 2678 809 2709 coactis
833 2678 916 2709 dett.
943 2678 980 2709 O.
1008 2695 1041 2699 —-
1075 2678 1106 2708 7.
1130 2678 1236 2718 gyratis
1258 2679 1373 2710 eoeaed.
1399 2678 1444 2710 R3
1471 2679 1522 2719 (Gt
1551 2678 1723 2719 edificari):
1754 2678 1860 2718 gratis
1882 2686 1949 2709 om.

211 2730 295 2762 dett.
323 2729 359 2760 O.
387 2745 422 2749 ——
448 2728 481 2759 id
504 2728 589 2767 quod
607 2737 643 2767 p.
669 2731 698 2759 et
721 2728 806 2767 quod
829 2729 853 2759 R
871 2728 915 2759 GR
940 2728 996 2766 L.‚
1022 2725 1179 2768 plerique
1207 2727 1328 2767 (Madv.
1355 2736 1409 2769 ep.
1436 2738 1469 2769 p.
1495 2728 1567 2759 409.
1594 2729 1655 2768 Op.
1673 2728 1698 2759 Ι.
1723 2735 1757 2768 p.
1776 2727 1850 2758 366.
1876 2725 1952 2757 coll.

210 2779 291 2817 Bak.
318 2787 351 2819 p.
375 2777 459 2817 39.):
486 2777 519 2808 id
542 2778 627 2816 quod
644 2786 712 2809 oni.
732 2778 795 2815 Gl;
821 2778 854 2808 id
878 2786 1004 2817 quoque
1022 2777 1199 2816 perspicio,
1226 2778 1310 2816 quod
1332 2780 1362 2809 et
1383 2776 1404 2808 λ
1419 2778 1454 2817 (Ῠ)
1473 2777 1510 2809 Ο.
1532 2794 1566 2798 -
1593 2777 1624 2809 8.
1649 2777 1734 2816 ipsos
1749 2776 1794 2808 R3
1811 2774 1854 2807 λε
1880 2776 1955 2807 istos

211 2829 297 2860 dett.
320 2828 357 2859 Ο.
386 2844 420 2848 -
447 2827 498 2858 40.
523 2827 593 2858 iam
616 2827 662 2858 R3
690 2827 794 2868 Lg29:
826 2837 905 2858 vnam.
934 2826 1017 2858 dett.
1044 2826 1080 2858 Ο.
1108 2843 1142 2847 -
1180 2826 1232 2857 Μ.
1258 2827 1355 2858 amic.
1381 2835 1445 2858 esse
1472 2835 1572 2865 quam
1590 2835 1625 2866 p.
1651 2827 1687 2858 R.
1714 2826 1772 2858 G3.
1800 2827 1879 2865 (non
1902 2825 1952 2865 R.)

214 2896 249 2901 —-
277 2879 328 2909 42.
355 2877 460 2916 capite
484 2877 521 2908 R.
549 2893 583 2898 ——
617 2877 671 2908 sed
694 2886 763 2909 om.
788 2878 890 2918 Lagg.
916 2877 999 2908 dett.
1035 2893 1070 2897 —
1107 2875 1134 2906 si
1157 2875 1226 2906 om.
1252 2876 1353 2916 Lg29.
1385 2893 1420 2899 —
1458 2876 1508 2907 43.
1534 2876 1590 2907 tibi
1608 2876 1782 2915 pecuniam
1804 2876 1828 2907 R
1846 2876 1887 2906 Gt
1909 2875 1951 2906 2:

213 2928 269 2960 tibi
287 2927 445 2967 pecunias
466 2925 546 2963 Ld.;
575 2926 751 2965 pecuniam
773 2926 830 2958 tibi
852 2925 873 2957 λ
891 2928 945 2967 (Ῡμ
974 2925 1132 2966 pecunias
1154 2925 1210 2956 tibi
1233 2925 1317 2957 dett.
1343 2925 1379 2957 Ο.
1409 2942 1444 2946 -
1479 2924 1532 2957 44.
1557 2925 1662 2966 gyratis
1683 2929 1770 2957 stare
1793 2925 1834 2956 R:
1868 2926 1954 2955 stare

211 2977 316 3019 gratis
338 2976 404 3013 (333
437 2977 543 3016 gratis
566 2979 713 3007 constare
737 2976 820 3008 dett.
847 2977 884 3007 O.
911 2993 943 2997 —-
983 2975 1140 3006 locat-eris
1163 2974 1245 3006 dett.
1272 2974 1307 3007 Ο.
1336 2992 1370 2996 —
1400 2975 1450 3006 ⁴7.
1477 2975 1655 3015 adprobent
1678 2977 1714 3007 R.
1741 2968 1776 2997 -’
1800 2974 1954 3015 Ῑὶιὶαἰίιωη

212 3028 249 3058 R.
277 3043 311 3048 -
340 3026 391 3056 ⁴9.
417 3034 457 3056 ac
480 3025 526 3057 Ra
542 3023 686 3065 ).Lg29:
721 3029 750 3057 et
773 3026 856 3058 dett.
883 3026 920 3057 O.
951 3044 985 3048 —
1012 3027 1120 3064 prael.
1143 3024 1276 3065 fuerunt
1300 3023 1383 3055 dett.
1410 3025 1448 3056 Ο.
1478 3043 1511 3047 -
1544 3025 1595 3056 20.
1622 3025 1662 3055 iis
1684 3025 1751 3056 Gl:
1781 3024 1808 3055 is
1831 3025 1873 3060 R;
1903 3024 1955 3054 vis

213 3076 271 3107 G2.
293 3093 327 3097 —
353 3074 407 3107 24.
434 3074 712 3106 Tauremenitanis
735 3076 771 3107 R.
793 3093 828 3098 —-
854 3076 906 3107 26.
928 3074 1171 3114 praescriptum
1194 3074 1231 3113 R,
1250 3075 1328 3114 ng.
1354 3073 1534 3115 plerique:
1553 3076 1771 3115 perscriptum
1788 3074 1833 3105 G3
1850 3073 1951 3114 Lglt,

214 3126 250 3157 O.
277 3141 312 3146 —
338 3127 373 3155 ut
395 3124 441 3156 R3
457 3122 494 3155 λῑ
519 3125 567 3155 uti
591 3125 673 3156 dett.
699 3125 734 3155 O.
765 3143 798 3147 —
832 3126 884 3157 27.
911 3125 1023 3155 navim
1046 3125 1161 3164 Lagg.,
1187 3125 1224 3154 ut
1247 3124 1395 3155 videtur.
1423 3141 1458 3146 -—
1494 3124 1546 3156 28.
1570 3126 1701 3157 remisse
1724 3125 1760 3156 R.
1787 3141 1822 3145 —
1854 3132 1954 3154 num-

215 3175 292 3214 quid
308 3175 370 3206 R3:
396 3185 475 3206 num
497 3176 549 3207 cui
573 3175 656 3207 dett.
675 3176 711 3207 Ο.
732 3193 768 3198 -
794 3177 847 3208 29.
873 3175 994 3214 cybaea
1017 3182 1117 3212 quam
1141 3174 1239 3204 Taur.
1265 3182 1335 3205 om.
1353 3175 1455 3214 Lagg.
1477 3190 1511 3195 —
1538 3174 1590 3206 30.
1614 3175 1757 3214 foedera.
1781 3173 1955 3205 MAMER-

217 3224 404 3257 TINORVM
424 3226 480 3256 ET
502 3225 947 3257 TAI'ROMENITANORVM
969 3223 1056 3255 CVM
1078 3222 1163 3253 POP.
1187 3223 1224 3254 R.
1242 3223 1439 3255 FOEDERA
1462 3224 1486 3255 L
1500 3224 1541 3261 Ο;
1567 3223 1667 3256 abest
1682 3222 1797 3255 titulus
1814 3232 1833 3254 a
1850 3222 1951 3255 codd.

219 3290 254 3295 —-
280 3273 332 3305 31.
356 3274 423 3314 ipse
445 3283 513 3306 om.
538 3276 640 3315 Lagg.
659 3277 797 3315 praeter
811 3275 864 3307 29.
885 3293 920 3297 —
939 3274 991 3306 32.
1015 3273 1217 3305 maiestatem
1235 3272 1349 3314 populi
1371 3273 1408 3306 R.
1436 3273 1495 3313 (sio
1519 3274 1624 3306 etiam
1646 3273 1759 3314 Lg29),
1784 3273 1864 3305 min.
1889 3281 1952 3306 au·-

216 3322 301 3355 milia
321 3323 370 3355 rei
387 3324 536 3364 publicae
559 3325 595 3356 L.
