2175 3718
587 229 674 269 Lm.
705 227 755 267 II.
797 227 892 267 CAP.
924 226 1133 266 Ix—xl.
1172 223 1245 278 §§.
1276 222 1474 264 24—29.
1732 275 1739 285 .
1818 214 1894 259 l85

146 345 222 384 bus
253 343 484 383 nominibus
515 340 719 381 auferret?
761 340 902 392 ecquis
934 338 1148 384 Volcatio,
1188 337 1222 375 si
1253 349 1324 375 sua
1356 342 1500 389 sponte
1532 336 1730 381 venisset,
1770 346 1893 372 tinam

146 407 325 446 libellam
363 405 570 445 dedisset?
619 402 767 450 Veniat
804 414 935 446 nunc,
988 401 1247 452 experiatur:
1295 403 1400 437 tecto
1441 398 1611 450 recipiet
1650 410 1783 435 nemo.
1843 395 1897 433 At

145 483 219 521 ego
250 468 423 522 amplius
454 466 566 504 dico:
598 464 675 504 HS
708 462 1046 516 quadringenties
1068 462 1225 514 cepisse
1250 466 1286 499 te
1310 473 1436 511 arguo
1458 465 1598 499 contra
1621 459 1757 509 leges:
1790 470 1894 508 nego

143 532 214 570 tibi
246 531 320 584 ipsi
350 529 477 568 ullum
509 540 718 566 nummum
751 539 841 564 esse
873 529 1152 564 numeratum:
1190 523 1260 562 sed
1294 536 1385 561 cum
1416 522 1466 561 ob
1499 527 1567 560 tua
1598 520 1783 565 decreta,
1829 516 1895 571 [oh

144 589 313 644 edicta,]
357 590 407 630 ob
446 587 632 641 imperia,
673 587 725 627 ob
766 587 916 626 iudicia
955 586 1153 639 pecuniae
1193 585 1413 631 dabantur,
1456 597 1537 622 non
1580 588 1665 621 erat
1695 592 1927 634 quaeren-:s

145 655 265 701 dum,
297 654 412 692 cuius
443 664 565 691 manu
597 655 933 695 numerarentur,
977 647 1049 687 scd
1081 648 1195 686 cuius
1228 647 1374 686 iniuria
1405 650 1662 697 cogerentur.
1722 642 1788 681 27.
1821 644 1898 683 Co-

143 718 260 757 mites
293 714 352 755 illi
382 714 440 753 tui
471 712 617 752 delecti
650 725 793 752 manus
826 716 942 751 erant
972 716 1088 749 tuae:
1128 709 1346 762 praefecti,
1386 708 1565 754 scribae,
1597 706 1780 752 accensi,
1812 720 1900 744 me-

142 778 243 825 dici,
273 776 532 828 haruspices,
581 787 805 827 praecones
852 787 996 812 manus
1042 778 1158 811 erant
1200 778 1304 811 tuae.
1365 771 1415 810 L't
1445 771 1620 823 quisque
1651 774 1690 808 te
1721 767 1896 807 maxime

142 839 403 892 cognatione,
435 836 655 883 affinitate,
687 835 994 875 necessitudine
1026 834 1166 887 aliqua
1195 833 1440 886 attingebat,
1472 833 1525 872 ita
1555 831 1731 871 maxime
1753 841 1896 868 manus

143 908 209 942 tua
239 899 476 954 putabatur:
518 898 664 938 cohors
710 903 788 937 tota
822 898 910 944 illa,
951 910 1056 950 quae
1088 896 1179 949 plus
1211 896 1307 936 mali
1340 896 1452 935 dedit
1482 894 1666 940 Siciliae,
1709 905 1830 945 quam
1863 890 1946 932 silo

143 969 306 1004 centum
348 961 537 1000 cohortes
578 960 839 1012 fugitivorum
872 960 1066 1006 fuissent,
1107 965 1175 998 tua
1206 972 1349 999 manus
1381 959 1469 997 sine
1501 954 1779 997 controversia
1809 953 1897 992 fuit.

143 1023 356 1077 Quidquid
387 1023 437 1062 ab
469 1022 614 1062 horum
647 1023 840 1076 quopiam
872 1029 1032 1076 captum
1064 1028 1145 1069 est,
1188 1021 1226 1061 id
1260 1035 1342 1061 non
1374 1019 1494 1061 modo
1526 1019 1598 1059 tibi
1630 1016 1792 1062 datum,
1825 1014 1898 1054 sed

140 1093 209 1128 tua
246 1099 368 1126 manu
410 1090 667 1125 numeratum
710 1084 879 1123 iudicari
922 1098 1095 1123 necesse
1136 1090 1209 1123 est.
1268 1085 1369 1123 Nam
1409 1084 1443 1122 si
1477 1082 1583 1121 hanc
1614 1081 1896 1120 defensionem

140 1148 389 1203 probabitis,
425 1148 538 1187 «Non
570 1147 726 1199 accepit
756 1147 844 1199 ipse
863 1161 903 1185 t»
938 1147 1033 1186 licet
1054 1147 1189 1186 omnia
1211 1146 1261 1186 de
1286 1146 1470 1199 pecuniis
1491 1143 1729 1197 repetundis
1750 1142 1898 1182 iudicia

140 1211 304 1252 tollatis.
366 1211 496 1249 Nemo
527 1223 725 1262 umquam
756 1214 837 1248 tam
868 1211 1101 1255 convictus,
1132 1215 1215 1248 tam
1246 1222 1400 1248 nocens
1431 1207 1681 1252 adducetur,
1722 1205 1789 1259 qui
1821 1205 1897 1244 ista
1916 1214 1947 1243 ¹5

141 1273 383 1313 defensione
415 1285 496 1311 non
528 1272 658 1324 possit
686 1271 757 1310 uti.
798 1271 961 1311 Etenim
993 1286 1084 1311 cum
1115 1272 1264 1311 Verres
1295 1276 1442 1316 utatur,
1474 1270 1565 1322 quis
1597 1269 1673 1307 erit
1701 1280 1898 1320 umquam

141 1334 309 1389 posthac
350 1347 445 1373 reus
477 1339 556 1373 tam
598 1333 803 1386 perditus,
846 1334 917 1386 qui
948 1347 1030 1373 non
1062 1334 1111 1372 ad
1145 1333 1193 1381 Q.
1226 1333 1349 1372 Mucii
1379 1332 1656 1371 innocentiam
1687 1330 1899 1374 reseratur,

142 1397 174 1436 si
206 1410 297 1435 cum
330 1395 406 1434 isto
439 1395 701 1435 conferatur?
750 1397 893 1448 Neque
925 1409 1034 1436 nunc
1066 1401 1146 1435 tam
1177 1395 1276 1435 mihi
1306 1396 1372 1435 isti
1394 1395 1563 1434 Verrem
1595 1391 1819 1432 defendere
1841 1391 1900 1429 vi-

143 1459 311 1504 dentur,
356 1471 479 1510 quani
518 1457 558 1496 in
598 1457 726 1496 Verre
767 1457 1023 1497 defensionis
1062 1462 1218 1498 tentare
1260 1459 1472 1497 rationem.
1540 1454 1606 1495 98.
1639 1456 1730 1505 Qua
1759 1455 1811 1495 de
1842 1468 1897 1501 re,

140 1520 315 1567 iudices,
348 1533 495 1571 magno
527 1533 650 1572 opere
690 1520 805 1559 vohis
844 1519 1143 1573 providendum
1174 1526 1246 1559 est.
1297 1520 1480 1560 Pertinet
1507 1519 1585 1558 hoc
1616 1519 1667 1559 ad
1699 1530 1897 1558 summam
1911 1527 1948 1555 20

141 1597 224 1623 rem
256 1581 462 1635 publicam
504 1587 542 1620 et
580 1581 630 1621 ad
675 1583 1020 1622 existimationem
1050 1582 1204 1622 ordinis
1235 1582 1363 1622 nostri
1392 1581 1649 1634 salutemque
1681 1581 1898 1620 sociorum.

143 1646 183 1685 Si
216 1645 325 1684 enim
357 1645 598 1683 innocentes
622 1645 845 1684 existimari
878 1645 1086 1691 volumus,
1119 1659 1201 1684 non
1220 1646 1353 1685 solum
1382 1658 1458 1683 nos
1484 1639 1794 1697 [abstinentes]‚
1826 1641 1898 1680 sed

143 1708 265 1747 etiam
313 1707 480 1745 comites
523 1713 685 1746 nostros
723 1712 929 1759 praestare
970 1708 1181 1747 debemus.
1242 1708 1313 1747 XI.
1353 1707 1530 1747 Primum
1562 1706 1745 1746 omnium
1776 1716 1899 1757 opera

146 1768 280 1808 danda
313 1773 393 1813 est,
425 1772 469 1806 ut
500 1781 570 1806 eos
601 1769 815 1808 nobiscum
847 1769 1091 1816 educamus,
1124 1770 1194 1822 qui
1227 1775 1390 1809 nostrae
1421 1768 1553 1808 famae
1576 1767 1782 1821 capitique
1803 1779 1900 1805 con-

144 1831 299 1870 sulant:
341 1828 514 1876 deinde,
556 1830 588 1867 si
631 1830 672 1868 in
711 1830 944 1870 hominibus
985 1831 1188 1883 eligendis
1227 1845 1303 1871 nos
1335 1845 1428 1885 spes
1459 1831 1661 1870 amicitiae
1691 1828 1898 1873 fefellerit,
1914 1839 1950 1868 25

146 1899 188 1933 ut
217 1891 496 1937 vindicemus,
540 1892 686 1930 missos
716 1891 932 1939 faciamus,
974 1907 1137 1946 semper
1178 1894 1229 1932 ita
1260 1894 1462 1940 vivamus,
1502 1898 1547 1932 ut
1577 1892 1776 1931 rationem
1806 1888 1900 1928 red-

147 1953 323 1993 dendam
356 1952 470 1992 nobis
502 1953 757 1993 arbitremur.
810 1952 875 1993 ³:29.
906 1954 1086 1994 Africani
1117 1961 1179 1995 est
1208 1955 1307 2002 hoc,
1337 1955 1515 1994 hominis
1546 1952 1820 1994 liberalissimi
1845 1973 1899 1979 —-

149 2030 285 2056 verum
308 2020 444 2054 tamen
477 2028 523 2054 ea
554 2015 778 2055 liberalitas
809 2022 870 2055 est
900 2016 1130 2070 probanda,
1162 2031 1268 2070 quae
1300 2018 1388 2057 sine
1419 2016 1602 2070 periculo
1634 2015 1898 2055 existimatio-

148 2078 208 2117 nis
239 2082 320 2123 est,
352 2082 394 2115 ut
423 2077 463 2114 in
497 2077 565 2115 illo
595 2077 668 2117 fuit
691 2093 765 2117 —:
807 2092 898 2117 cum
929 2078 978 2117 ab
1011 2093 1059 2117 eo
1082 2079 1247 2132 quidam
1269 2086 1386 2119 retus
1418 2084 1641 2120 assectator
1672 2084 1712 2118 et
1742 2091 1793 2117 ex
1823 2092 1898 2117 nu—

145 2248 310 2289 exemplis
335 2247 493 2280 Tullianis
519 2248 693 2287 firmetur,
720 2250 753 2280 h.
773 2248 793 2280 l.
820 2251 1030 2290 optimorum
1055 2251 1214 2283 codicum
1240 2252 1484 2283 auctoritatem
1508 2252 1608 2292 sequi
1630 2250 1827 2283 maluimus.
1854 2250 1896 2282 es.

144 2301 276 2339 Zumpt.
296 2299 338 2330 ad
357 2300 410 2330 111.
430 2299 460 2339 g.
481 2299 552 2330 47¹.
579 2300 603 2330 1.
624 2299 654 2339 g.
674 2300 726 2330 27.
754 2299 829 2331 coll.
850 2301 903 2331 lV.
923 2300 953 2340 g.
974 2301 1069 2332 67.—
1097 2303 1126 2332 4.
1145 2303 1253 2341 ecquis
1270 2301 1377 2341 Lgili:
1404 2302 1521 2340 etquis
1536 2301 1638 2332 codd.
1658 2300 1746 2338 rell.,
1765 2302 1843 2331 Asc.
1861 2317 1895 2321 -—

143 2358 204 2380 sua
227 2349 253 2379 si
278 2349 376 2388 [329.
400 2366 433 2369 -
460 2349 490 2379 2.
519 2349 658 2379 veniat·
675 2366 692 2371 —
708 2358 801 2380 nemo
826 2359 894 2381 om.
916 2349 1026 2388 [329;
1053 2350 1086 2382 in
1111 2352 1175 2382 AB
1200 2350 1262 2382 alia
1288 2360 1394 2382 manu
1418 2351 1591 2391 adscripta
1609 2352 1699 2383 sunt.
1722 2369 1756 2373 -
1783 2350 1813 2382 3.
1832 2350 1897 2381 HS.

143 2398 242 2430 CCCC
265 2397 351 2437 [342
377 2406 408 2438 p.
435 2406 480 2429 m.
510 2398 601 2437 (cum
627 2397 748 2430 lineola
775 2399 859 2430 infra
885 2399 998 2437 ducta)
1025 2401 1057 2431 F.
1081 2417 1114 2422 —
1142 2402 1259 2440 cepisse
1282 2401 1371 2441 [342
1396 2410 1429 2442 p.
1456 2410 1504 2432 m.
1530 2402 1552 2432 F
1576 2401 1676 2442 prob.
1703 2402 1816 2432 Garat.
1844 2401 1896 2431 lI.:

143 2448 300 2486 accepisse
323 2448 382 2478 ctt.
409 2447 445 2478 Ο.
475 2465 509 2470 --
536 2446 566 2478 4.
592 2458 655 2479 non
681 2449 805 2479 nullam
830 2458 965 2480 numum
989 2449 1077 2489 [342
1103 2460 1135 2491 p.
1156 2460 1202 2482 m.
1224 2468 1260 2474 —
1290 2460 1364 2482 cnm
1387 2451 1425 2482 ob
1450 2468 1467 2473 -
1483 2468 1501 2473 —
1524 2451 1657 2492 iudicia]
1683 2451 1733 2482 sic
1756 2450 1845 2490 [342
1863 2459 1896 2490 p.

143 2506 189 2529 m.
218 2497 237 2528 F
252 2498 304 2528 M:
330 2505 403 2527 cum
427 2496 464 2527 ob
488 2500 545 2527 lua
569 2498 697 2528 decreta
721 2498 758 2528 ob
782 2499 945 2538 imperata
970 2500 1007 2529 ob
1030 2499 1178 2531 iudicata
1203 2502 1283 2540 (om.
1303 2501 1340 2532 ob
1364 2501 1482 2541 edicta)
1508 2501 1570 2532 dtt.
1591 2502 1627 2532 O.
1655 2501 1783 2532 firmat
1799 2500 1896 2531 Mart.

144 2548 226 2588 Cap.
253 2555 286 2587 p.
313 2544 374 2577 493
399 2546 454 2576 Gr.
484 2545 556 2583 (428
580 2547 630 2584 Κ.)
676 2547 714 2578 ob
737 2548 876 2586 iudicia,
903 2548 940 2579 ob
963 2549 1116 2587 imperia.
1144 2568 1177 2572 —
1206 2552 1236 2582 5.
1263 2551 1346 2592 crat]
1371 2554 1416 2582 esc
1438 2551 1486 2582 ita
1510 2552 1607 2582 Mart.
1634 2550 1759 2590 Cap.—
1788 2550 1818 2581 6.
1843 2558 1900 2580 cr..

142 2597 192 2627 ius
216 2596 247 2626 ιή
269 2604 371 2626 manu
394 2595 446 2625 vir
470 2595 593 2627 doctus
618 2596 649 2627 in
676 2596 900 2628 Lambiniana
926 2597 1057 2635 Orellii;
1089 2599 1122 2630 tn
1145 2600 1236 2631 cuius
1259 2610 1361 2631 manu
1385 2601 1472 2631 coni.
1501 2601 1612 2631 Garat.
1650 2602 1692 2631 At
1716 2599 1757 2631 cf.
1785 2599 1814 2640 g.
1842 2599 1894 2630 27.

145 2664 179 2668 —
204 2648 456 2685 congyererentw·
479 2646 576 2676 Mart.
604 2646 686 2686 Cap.
707 2646 762 2677 ed.
783 2647 904 2687 Capp.,
931 2656 1000 2678 non
1024 2648 1132 2689 Kopp.
1151 2667 1185 2671 —
1213 2650 1243 2681 7.
1271 2650 1318 2681 lui
1342 2659 1412 2682 om.
1435 2650 1524 2689 [329
1550 2650 1646 2681 Mart.
1667 2650 1749 2689 Cap.
1776 2648 1896 2689 Aquila

142 2696 178 2726 R.
205 2696 228 2726 l.
254 2695 306 2727 ¹¹8.
336 2712 369 2716 ——
405 2703 468 2725 scr.
495 2703 563 2725 acc.
588 2696 671 2726 med.
698 2696 787 2735 [342
812 2706 844 2737 p.
873 2705 937 2727 m.:
965 2705 1027 2728 scr.
1053 2699 1136 2730 med.
1164 2709 1234 2731 acc.
1262 2702 1321 2732 ctt.
1349 2701 1385 2731 Ο.
1415 2719 1449 2722 -
1489 2700 1633 2736 accensi,
1668 2698 1801 2735 medici,
1835 2698 1897 2728 ha.-

140 2745 299 2784 ruspioes,
324 2744 449 2778 scribae
474 2750 549 2778 tuac
576 2751 671 2778 erant
695 2757 814 2779 manus
842 2750 937 2780 Mart.
969 2750 1052 2789 Cap.
1080 2748 1200 2789 Aquila
1228 2751 1264 2781 R.
1299 2768 1332 2772 ——
1366 2750 1396 2781 8.
1431 2753 1525 2781 crant
1559 2757 1677 2780 manus
1707 2752 1783 2779 cuae
1813 2747 1893 2779 edd.

142 2803 244 2826 noun.
270 2796 389 2826 contra
414 2795 516 2827 codd.
543 2814 574 2819 —
602 2799 789 2837 utquisque
805 2816 852 2821 --
868 2798 1047 2839 attinqebat
1070 2799 1158 2839 [342
1182 2809 1212 2841 p.
1237 2809 1283 2832 m.
1305 2801 1325 2832 F
1339 2801 1428 2832 MN:
1455 2809 1518 2839 quo
1539 2801 1673 2838 quisque
1689 2816 1739 2823 -—
1755 2800 1898 2839 attinye-

141 2843 194 2874 bat
217 2844 306 2884 [329
322 2845 386 2876 AB
410 2843 465 2881 al.;
491 2849 526 2876 ut
555 2846 690 2885 quisquc
722 2848 760 2886 (s.
785 2849 938 2887 quisquis]
968 2852 996 2879 tc
1018 2849 1249 2888 fimziliarifale
1277 2851 1433 2889 attigerat
1459 2848 1580 2890 Aquila
1609 2850 1646 2880 R.
1675 2852 1774 2879 uc--
1791 2848 1899 2888 affini—

140 2896 205 2924 tale
227 2901 296 2923 om.
327 2893 388 2924 dtt.
419 2912 453 2916 —-
487 2896 538 2926 40.
565 2898 632 2926 [ola
657 2896 714 2926 illa
739 2895 826 2936 [342
855 2906 887 2937 p.
917 2906 976 2929 m.:
1002 2901 1070 2928 tola
1093 2902 1152 2929 tua
1176 2899 1234 2930 illa
1259 2900 1407 2939 [329Β;
1433 2903 1491 2930 tua
1515 2903 1583 2930 tota
1608 2899 1664 2930 illa
1680 2901 1722 2930 A:
1750 2902 1818 2929 tola
1839 2898 1899 2928 illa

140 2946 198 2973 tua
221 2942 282 2974 dtt.
308 2943 363 2978 O.;
389 2946 447 2975 tua
471 2943 513 2975 ab
538 2944 728 2986 interprete
753 2955 830 2978 esse
855 2946 1012 2978 additum
1039 2948 1107 2979 iam
1134 2958 1174 2980 ex
1195 2950 1290 2980 varia
1313 2950 1409 2981 vocis
1432 2948 1657 2980 collocatione
1681 2949 1838 2990 apparet.
1860 2966 1894 2970 —-

141 2991 192 3024 44.
207 2992 356 3032 probatis
371 2993 448 3024 cod.
470 2995 540 3026 Urs.
562 3012 597 3016 —
619 2996 669 3026 ⁴5.
690 2998 758 3026 tam
774 2997 949 3033 convictus,
969 3000 1038 3028 lam
1053 3007 1170 3029 nocens
1187 2999 1276 3039 [342
1295 3008 1327 3040 p.
1343 3008 1404 3031 m.:
1430 3008 1505 3030 reus
1520 3003 1588 3030 tam
1603 3007 1720 3029 nocens
1734 2999 1761 3029 Α
1774 2998 1798 3028 Β
1817 2996 1895 3028 cod.

141 3041 213 3073 Urs.
242 3042 360 3073 Franc.
387 3043 411 3074 Ο
429 3053 434 3079 ;
461 3046 530 3074 tam
553 3053 628 3075 reus
649 3054 767 3076 nocens
782 3046 893 3085 Lg'29:
920 3050 989 3077 tam
1011 3056 1087 3078 rcus
1109 3051 1177 3079 lam
1199 3057 1317 3079 ‘nocens
1341 3051 1400 3080 ctt.
1424 3067 1457 3071 —
1484 3049 1537 3080 20.
1555 3048 1644 3079 vobis
1666 3055 1786 3087 mayno
1802 3055 1898 3085 opere

142 3090 203 3121 dtt.
223 3091 259 3122 Ο.
277 3109 312 3113 -
338 3093 390 3122 ⁶24.
410 3102 524 3132 remp.
544 3094 633 3134 [329
647 3094 686 3126 42
701 3104 752 3134 cp:
780 3096 861 3134 reip.
881 3097 940 3126 ctt.
958 3113 992 3117 —
1011 3099 1040 3127 cc
1065 3097 1160 3128 exist.
1180 3097 1268 3137 [342
1288 3106 1321 3138 p.
1340 3106 1387 3128 m.
1412 3115 1445 3119 —
1466 3098 1568 3128 nostri
1585 3096 1671 3137 [342
1689 3105 1722 3136 p.
1742 3104 1789 3126 m.
1807 3096 1838 3127 M
1852 3105 1893 3134 cp:

141 3148 210 3171 om.
237 3142 295 3172 ott.
322 3142 358 3173 O.
387 3159 421 3164 —
448 3143 500 3174 23.
527 3145 658 3175 comites
678 3148 805 3175 nostros
829 3144 917 3185 [342
942 3154 975 3185 p.
1003 3154 1068 3176 m.:
1105 3150 1186 3177 nost.
1219 3156 1300 3177 com.
1328 3148 1386 3178 ett.
1414 3147 1451 3178 O.
1482 3164 1511 3169 —
1543 3147 1687 3177 omnium
1711 3153 1780 3176 om.
1806 3144 1896 3185 [342

141 3197 174 3228 p.
194 3197 240 3220 m.
263 3207 296 3211 —
323 3190 374 3222 24.
401 3192 513 3223 danda
530 3194 596 3232 [36
610 3192 649 3224 42
665 3193 704 3225 48
718 3195 742 3225 Β
759 3203 765 3224 ;
792 3197 886 3225 tanla
909 3195 1022 3225 <tanda
1039 3196 1096 3226 ctt.
1118 3213 1151 3217 —
1180 3197 1356 3227 educamus
1379 3195 1467 3236 [342
1485 3197 1553 3234 Νφ
1571 3205 1576 3226 ;
1603 3196 1760 3225 ducamus
1783 3196 1841 3225 ctt.
1857 3194 1894 3225 Ο.

145 3255 179 3259 —
208 3238 257 3269 26.
281 3239 457 3272 iudicemus
472 3242 561 3282 [329
575 3243 610 3274 B.
641 3261 674 3265 —-
693 3244 1090 3283 semper——arbitremur
1110 3246 1263 3276 Lactant.
1290 3245 1364 3276 Div.
1390 3246 1472 3277 Inst.
1493 3246 1547 3276 VI.
1574 3244 1626 3281 24,
1655 3244 1704 3274 20.
1723 3261 1756 3264 -
1781 3244 1834 3274 28.
1853 3247 1897 3274 εει

143 3296 183 3317 θα»
205 3287 384 3321 liberalitas
400 3291 489 3330 [329
506 3301 512 3328 ;
539 3300 577 3322 ea
593 3293 751 3323 sodali-las
773 3297 817 3324 cst
842 3293 930 3333 [342
954 3302 988 3334 p.
1008 3302 1105 3325 1n.—
1132 3295 1184 3325 29.
1204 3299 1233 3325 ει
1256 3304 1298 3326 cx
1315 3304 1345 3325 ιι.
1366 3293 1454 3334 [342
1471 3303 1504 3334 p.
1524 3303 1570 3325 m.
1591 3295 1616 3324 N
1634 3302 1639 3323 z
1666 3302 1708 3324 ea:
1725 3302 1814 3324 nam.
1835 3294 1893 3324 ctt.

144 3336 180 3366 O.
217 3337 431 3378 Optimorum
456 3339 607 3373 duorum
631 3341 794 3374 codicum
817 3344 1028 3384 scripturam
1052 3352 1120 3376 non
1144 3343 1258 3376 solum
1281 3343 1360 3376 ideo
1387 3345 1607 3386 recepimus,
1647 3342 1740 3384 quod
1764 3346 1793 3375 et
1815 3344 1895 3375 ante
