2143 3713
188 223 268 265 746
726 228 923 268 ORATIO
955 228 1057 268 PRO
1088 228 1135 268 L.
1164 228 1380 270 MURENA

191 351 297 392 quae
328 352 395 378 res
426 339 536 392 ipsa,
567 352 674 392 quae
707 339 958 379 diuturnitas
988 339 1152 392 imperii
1183 341 1442 393 comprobat,
1473 341 1644 381 nimium
1676 355 1817 381 severa
1839 355 1928 382 ora-

191 400 300 440 tione
322 400 643 453 reprehendere.
672 401 768 441 Fuit
787 402 934 441 eodem
956 415 1008 441 ex
1029 401 1165 441 studio
1186 403 1250 442 vir
1270 403 1454 442 eruditus
1475 402 1584 455 apud
1606 408 1743 456 patres
1765 409 1929 444 nostros

189 466 230 501 et
258 462 460 502 honestus
489 463 614 502 homo
646 468 686 502 et
715 464 889 511 nobilis,
923 464 972 512 Q.
1004 463 1180 504 Tubero.
1239 464 1299 512 Is,
1330 479 1423 504 cum
1453 465 1621 518 epulum
1654 465 1704 514 Q.
1725 467 1929 506 Maximus

187 525 228 562 P.
260 523 441 564 Africani
474 525 609 577 patrui
640 525 702 564 sui
731 526 900 565 nomine
929 525 1088 578 populo
1118 527 1304 565 Romano
1336 527 1472 574 daret,
1502 532 1669 579 rogatus
1701 533 1764 568 est
1793 541 1817 567 a
1845 529 1930 568 Ma-

153 585 299 625 5xin1o
330 590 375 625 ut
406 586 632 626 triclinium
664 592 888 635 sterneret,
920 602 1013 627 cum
1044 593 1154 627 esset
1174 589 1335 628 Tubero
1367 588 1551 628 eiusdem
1573 588 1755 629 Africani
1777 590 1929 630 sororis

183 645 306 687 filius.
357 649 492 702 Atque
523 648 615 695 ille,
645 649 770 688 homo
802 649 1107 690 eruditissimus
1137 664 1184 689 ac
1205 650 1393 698 Stoicus,
1425 652 1568 691 stravit
1597 651 1802 704 pelliculis
1832 651 1930 691 hae-

183 710 289 749 dinis
320 710 497 751 lectulos
528 711 761 751 Punicanos
793 717 831 750 et
862 713 1058 764 exposuit
1088 725 1185 752 vasa
1215 712 1374 760 Samia,
1412 713 1530 766 quasi
1560 727 1657 753 vero
1696 718 1805 752 esset
1832 713 1931 752 Dio-

181 786 308 826 genes
340 773 519 827 Cynicus
550 780 761 822 mortuus,
792 779 832 814 et
862 787 946 814 non
977 774 1107 814 (livini
1137 774 1319 813 hominis
1339 774 1519 815 Africani
1550 789 1659 815 mors
1688 775 1930 816 honestare-

180 840 267 874 tur:
308 850 433 889 quem
473 850 567 876 cum
606 850 798 890 supremo
842 838 930 876 eius
972 836 1038 875 die
1069 836 1273 877 Maximus
1311 837 1518 886 laudaret,
1559 840 1709 891 gratias
1748 838 1832 890 egit
1867 837 1929 877 dis

130 898 504 946 ioimmortalibus,
546 898 659 953 quod
701 899 770 938 ille
810 899 873 938 vir
903 899 946 937 in
976 898 1052 938 hac
1082 912 1125 938 re
1156 899 1323 951 publica
1352 900 1614 952 potissimum
1644 907 1765 940 natus
1797 904 1929 948 esset3

178 973 349 1000 necesse
388 962 496 1000 enim
526 961 655 1001 fuisse
686 961 743 1001 ibi
774 974 866 1000 esse
897 966 1096 1000 terrarum
1133 961 1374 1014 imperium,
1413 963 1482 1002 ubi
1514 963 1584 1002 ille
1616 968 1737 1003 esset.
1796 963 1930 1003 Huius

179 1024 220 1062 in
252 1028 384 1063 morte
415 1023 663 1063 celebranda
693 1024 870 1076 graviter
901 1023 996 1063 tulit
1024 1023 1205 1077 populus
1226 1025 1436 1065 Romanus
1463 1025 1571 1065 hanc
1602 1038 1837 1078 perversam
1867 1039 1931 1065 sa-

178 1084 377 1137 pientiam
409 1085 654 1125 Tuberonis.
714 1084 780 1124 76.
812 1086 958 1139 Itaque
989 1085 1116 1126 homo
1138 1086 1448 1138 integerrimus,
1480 1088 1583 1128 civis
1606 1088 1807 1140 optimus,
1839 1101 1929 1128 cum

180 1151 288 1187 esset
325 1147 370 1187 L.
402 1147 518 1187 Pauli
548 1160 698 1201 nepos,
737 1148 779 1187 P.
810 1147 1016 1196 Africani,
1060 1154 1103 1188 ut
1140 1149 1244 1196 dixi,
1286 1151 1440 1189 sororis
1480 1148 1609 1197 filius,
1647 1149 1712 1189 his
1742 1149 1930 1191 haedinis

129 1216 164 1246 45
179 1209 387 1264 pelliculis
417 1215 612 1263 praetura
643 1210 829 1250 deiectus
861 1217 935 1250 cst.
986 1211 1084 1251 Odit
1123 1212 1305 1264 populus
1339 1213 1548 1252 Romanus
1579 1213 1779 1266 privatam
1810 1212 1932 1252 luxu-

178 1273 304 1320 riam,
335 1272 542 1325 publicam
575 1271 922 1325 magnificentiam
954 1274 1109 1326 diligit:
1140 1288 1223 1313 non
1246 1279 1354 1314 amat
1374 1275 1564 1327 profusas
1587 1274 1754 1328 epulas,
1786 1276 1930 1315 sordes

180 1341 220 1376 et
256 1336 598 1376 inhumanitatem
638 1336 768 1375 multo
810 1336 969 1376 minus:
1010 1335 1225 1389 distinguit
1255 1337 1458 1377 rationem
1489 1335 1722 1377 officiorum
1752 1350 1799 1377 ac
1830 1341 1931 1377 tem-

179 1411 351 1452 porum,
396 1397 728 1438 vicissitudinem
771 1398 924 1438 laboris
965 1412 1012 1438 ac
1054 1398 1292 1451 voluptatis.
1352 1400 1452 1439 Nam
1493 1399 1605 1453 quod
1645 1399 1706 1438 ais
1744 1399 1859 1439 nulla
1887 1413 1931 1439 re

179 1461 291 1502 allici
322 1460 537 1501 hominum
570 1466 728 1500 mentes
759 1465 951 1513 oportere
982 1460 1034 1500 ad
1064 1461 1347 1513 magistratum
1371 1462 1653 1501 mandandum
1685 1461 1764 1501 nisi
1796 1461 1930 1514 digni-

130 1530 167 1560 ‘20
182 1529 284 1571 tate,
324 1523 403 1563 hoc
434 1528 477 1563 tu
508 1524 620 1577 ipse,
660 1524 704 1563 in
735 1537 818 1577 quo
859 1535 1017 1562 summa
1048 1528 1110 1562 est
1140 1522 1343 1575 dignitas,
1381 1537 1463 1563 non
1495 1537 1648 1564 servas.
1709 1524 1790 1563 Cur
1820 1524 1929 1563 enim

181 1599 454 1640 quemquam,
486 1591 533 1625 ut
563 1586 727 1626 studeat
759 1586 851 1632 tibi,
882 1590 928 1624 ut
961 1590 998 1624 te
1029 1585 1214 1632 adiuvet,
1246 1588 1395 1637 rogas?
1426 1587 1561 1638 Rogas
1582 1591 1627 1625 tu
1647 1600 1734 1634 me,
1765 1592 1809 1626 ut
1831 1587 1929 1626 mihi

180 1649 361 1703 praesis,
392 1653 437 1688 ut
459 1648 712 1688 committam
736 1661 811 1701 ego
833 1661 897 1688 me
918 1647 1006 1687 tibi.
1039 1646 1150 1695 Quid
1173 1646 1369 1687 tandem?
1400 1649 1508 1687 istuc
1529 1662 1593 1687 me
1615 1648 1750 1700 rogari
1771 1653 1933 1701 oportet

180 1712 251 1751 abs
282 1715 322 1750 te
352 1723 404 1751 an
436 1715 476 1750 te
506 1711 646 1764 potius
677 1724 701 1751 a
722 1724 808 1758 me,
839 1715 884 1750 ut
912 1723 988 1763 pro
1020 1722 1111 1749 mea
1141 1710 1274 1749 salute
1304 1709 1485 1749 laborem
1516 1710 1832 1762 periculumque
1864 1723 1931 1749 su-

181 1773 362 1826 scipias?
421 1771 486 1812 77.
519 1772 661 1821 Quid?
693 1773 806 1826 quod
835 1773 964 1812 habes
994 1771 1370 1820 nomenclatorem,
1403 1772 1445 1811 in
1476 1785 1525 1812 eo
1557 1772 1726 1824 quidem
1756 1770 1865 1811 fallis
1892 1776 1933 1811 et

131 1842 166 1873 25
181 1835 353 1889 decipis.
403 1836 505 1875 Nam
537 1836 570 1876 si
600 1836 765 1876 nomine
797 1835 999 1889 appellari
1029 1835 1101 1874 abs
1133 1840 1172 1874 te
1204 1834 1313 1874 cives
1346 1839 1439 1874 tuos
1459 1835 1679 1874 honestum
1701 1838 1782 1880 est,
1813 1838 1932 1887 turpe

180 1904 244 1938 est
273 1912 345 1939 eos
375 1899 561 1938 notiores
592 1912 683 1938 esse
716 1911 833 1938 servo
864 1902 936 1937 tuo
971 1910 1095 1950 quam
1127 1897 1211 1936 tibi.
1272 1897 1368 1944 Sin,
1414 1897 1536 1937 etiam
1568 1897 1602 1936 si
1630 1896 1765 1943 noris,
1797 1901 1931 1936 tamen

180 1974 253 2014 per
282 1961 533 2001 monitorem
563 1960 803 2014 appellandi
835 1965 953 2007 sunt,
985 1973 1056 1999 cur
1085 1963 1180 1998 ante
1210 1960 1341 2012 petis,
1373 1972 1495 2012 quam
1527 1958 1830 1998 insusurravit?
1862 1963 1934 1998 aut

180 2024 302 2077 quid,
335 2037 428 2064 cum
458 2023 709 2070 admoneris,
741 2028 902 2070 tamen,
934 2022 1053 2076 quasi
1083 2025 1170 2061 tute
1202 2022 1339 2069 noris,
1370 2021 1427 2061 ita
1448 2021 1631 2061 salutas?
1664 2021 1786 2075 quid,
1817 2026 1931 2074 post-

181 2099 357 2140 eaquam
399 2100 443 2126 es
473 2085 736 2139 designatus,
768 2085 899 2125 multo
931 2085 1084 2124 salutas
1114 2084 1424 2137 negligentius?
1474 2084 1584 2124 Haec
1615 2083 1755 2123 omnia
1786 2083 1837 2122 ad
1868 2096 1932 2122 ra-

268 2253 297 2284 4.
322 2261 374 2284 res
396 2252 469 2292 ipsa
493 2253 517 2284 E
532 2253 557 2283 G
570 2253 619 2291 M,
647 2252 666 2282 6
683 2253 786 2290 Oxx.,
812 2253 934 2292 Lagg.:
962 2260 1012 2283 res
1032 2261 1065 2291 p.
1091 2252 1163 2291 ipsa
1179 2260 1217 2287 v,
1244 2260 1295 2282 res
1317 2251 1387 2290 ipsa
1408 2249 1540 2289 public-a
1564 2249 1619 2280 ed.
1639 2247 1752 2280 Wald.
1779 2249 1813 2280 et
1836 2249 1872 2279 L.
1893 2265 1926 2269 ——

181 2304 352 2343 imperium
370 2305 407 2334 G.
428 2320 463 2324 —
490 2303 704 2342 comparabat
720 2307 765 2344 ψ.
789 2321 823 2324 -
850 2303 880 2334 3.
906 2303 1000 2333 homo
1017 2310 1086 2333 om.
1106 2311 1145 2339 v,
1171 2302 1297 2332 homo-
1310 2319 1328 2323 -
1343 2301 1512 2332 Mat-imas
1528 2308 1597 2330 om.
1618 2301 1655 2330 G.
1673 2317 1708 2321 —
1734 2298 1765 2330 4.
1790 2299 1823 2330 P.
1841 2298 1931 2338 Afri-

179 2353 254 2384 cani
278 2354 438 2390 Gva:
462 2354 496 2384 P.
516 2361 584 2383 om.
605 2353 666 2384 EL
681 2352 717 2383 O.
740 2371 774 2374 -
800 2353 850 2383 sui
870 2361 939 2384 om.
957 2361 991 2384 v.
1013 2371 1047 2374 —
1074 2362 1096 2383 (ι
1119 2361 1188 2383 om.
1209 2354 1245 2383 G.
1266 2369 1300 2373 —-
1327 2352 1356 2383 6.
1376 2351 1501 2382 aedinis
1524 2351 1568 2384 Ε,
1594 2350 1697 2381 eslinis
1718 2349 1787 2381 GM
1802 2348 1825 2380 C
1841 2348 1868 2380 H
1882 2352 1928 2388 ψ,

178 2403 301 2435 hedinis
322 2413 353 2434 v.
384 2421 419 2425 —
444 2403 476 2434 7.
497 2403 672 2442 punicatos
694 2410 726 2433 v.
747 2419 781 2423 —
807 2403 897 2441 vero]
920 2412 985 2433 non
1008 2411 1040 2434 v.
1064 2420 1100 2424 —
1127 2402 1158 2433 8.
1184 2402 1321 2433 hominis
1344 2409 1413 2432 om.
1433 2407 1479 2440 ψ.
1502 2418 1535 2421 —
1564 2400 1615 2431 40.
1638 2399 1842 2439 potissimum
1858 2407 1928 2430 om.

182 2454 220 2485 11.
248 2470 282 2475 —-
316 2453 429 2492 potiss.
462 2453 557 2483 decus
585 2456 701 2483 nactus
722 2455 800 2483 esset
822 2461 854 2483 v.
884 2470 917 2473 —
947 2453 997 2483 44.
1023 2452 1197 2491 imperium
1220 2455 1390 2482 leri-arum
1412 2459 1444 2481 v,
1474 2467 1509 2472 —-
1536 2450 1587 2480 42.
1614 2449 1805 2480 sententiam
1828 2458 1863 2486 χ.
1894 2466 1928 2470 —

181 2502 231 2535 44..
256 2503 351 2535 Pauli
373 2503 463 2535 mei:
489 2502 594 2534 Paulli
616 2503 640 2534 L
654 2503 691 2534 Ο.
718 2520 752 2524 -
778 2503 901 2533 hedinis
916 2512 955 2540 V,
981 2502 1083 2533 odinis
1105 2502 1130 2533 E
1144 2504 1167 2531 (i
1184 2501 1214 2532 M
1232 2506 1273 2541 ψ.
1295 2519 1328 2522 -
1358 2501 1409 2531 45.
1435 2500 1508 2530 odit
1523 2517 1571 2523 --
1585 2499 1692 2539 (liligyit
1714 2497 1814 2529 affert
1831 2498 1932 2535 Quin-

180 2552 225 2584 til.
252 2554 276 2584 I.
303 2553 340 2584 O.
366 2553 419 2585 IX.
446 2553 482 2591 3,
508 2552 560 2584 82.
590 2570 624 2574 --
651 2552 702 2583 46.
729 2555 860 2583 amalos
885 2552 960 2583 EC.
990 2569 1023 2572 —
1057 2552 1108 2582 47.
1135 2554 1163 2582 el
1187 2560 1255 2582 om.
1282 2560 1316 2588 χ.
1347 2568 1381 2572 m
1417 2550 1504 2581 rasio
1527 2550 1570 2581 M.
1600 2567 1633 2570 —
1660 2551 1689 2580 et
1711 2551 1806 2587 temp.
1832 2556 1866 2579 v,
1895 2565 1929 2569 —

182 2604 233 2634 48.
260 2602 321 2644 ais]
347 2602 387 2634 ab
410 2603 471 2634 hiis
494 2604 531 2633 G.
570 2618 604 2623 -
643 2602 695 2633 24.
721 2605 757 2632 αι
781 2610 830 2632 me
849 2603 977 2641 praesis
1000 2602 1036 2633 E.
1074 2619 1107 2624 —-
1146 2602 1197 2632 ³22.
1224 2605 1347 2642 cyomet
1377 2601 1433 2632 libi
1457 2601 1507 2638 M,
1543 2609 1601 2640 090
1627 2608 1695 2630 om.
1721 2607 1753 2628 v.
1783 2615 1817 2619 —-
1853 2597 1934 2628 istuc

181 2655 324 2684 Ascens.
353 2652 430 2683 4544
453 2661 458 2682 ;
492 2652 597 2683 istunc
628 2650 681 2682 vel
706 2652 733 2682 is
756 2655 831 2682 lum:
856 2652 879 2682 E
895 2654 940 2689 (i,
974 2651 993 2683 4
1018 2651 1100 2682 Oxx.
1128 2652 1162 2681 ct
1186 2652 1286 2690 Lagg.
1313 2651 1452 2690 praeter
1475 2650 1494 2680 9
1518 2651 1552 2680 ct
1575 2647 1635 2686 024,
1669 2647 1702 2678 in
1730 2646 1856 2687 quibus
1881 2648 1934 2677 est

181 2704 232 2733 ais
254 2705 347 2739 tanc,
374 2704 450 2732 tunc
466 2710 505 2739 V,
532 2701 609 2740 quid
633 2701 763 2732 tandem
786 2701 836 2731 ais
859 2710 944 2732 anne
966 2710 1016 2732 nze
1039 2701 1154 2740 rogyari
1177 2701 1220 2732 M.
1242 2718 1277 2722 -
1303 2700 1355 2731 23.
1382 2699 1508 2730 labores
1531 2700 1568 2730 (ἰ.
1592 2716 1625 2720 -
1646 2697 1830 2736 periculum
1845 2697 1881 2727 T.
1895 2713 1929 2718 -

180 2751 232 2783 ⁶24.
258 2751 552 2782 commendatorem
574 2752 654 2791 Lag.
681 2751 711 2781 9.
740 2760 781 2782 ex
805 2751 975 2791 scriptura
1000 2751 1285 2787 nomenclatorem,
1323 2758 1413 2789 quae
1438 2750 1491 2780 est
1513 2749 1545 2779 in
1570 2748 1639 2779 Ev.
1667 2765 1700 2769 —-
1727 2748 1780 2779 ⁶25.
1806 2747 1884 2778 civis
1907 2747 1932 2778 E

181 2803 204 2831 (ἱ
218 2801 262 2833 Μ.
284 2818 318 2822 —-
345 2801 547 2832 honestatum
571 2803 608 2831 (J.
630 2818 663 2822 ——
691 2801 743 2832 ⁵26.
770 2801 820 2832 sin
843 2801 941 2832 eliam
964 2801 991 2831 si
1014 2801 1103 2831 noris
1126 2799 1337 2832 Lambinus:
1365 2808 1434 2831 om.
1454 2802 1496 2835 G3
1522 2799 1571 2829 sin
1593 2798 1693 2829 etiam
1715 2798 1805 2829 noris
1827 2796 1929 2829 codd.

181 2849 253 2882 rell.
280 2851 369 2888 noti,
395 2851 495 2882 etiam
516 2854 553 2882 ut
575 2860 640 2882 non
663 2852 753 2881 noris
777 2851 1014 2887 Camerarius,
1041 2851 1066 2881 si
1090 2851 1188 2881 etiam
1213 2850 1317 2880 noris.
1343 2853 1451 2881 lamen
1466 2866 1514 2872 --
1531 2848 1717 2888 appellandi
1739 2846 1836 2878 sunt?
1858 2847 1932 2878 Ma-

181 2901 307 2931 nutius.
337 2918 372 2922 —-
403 2900 455 2931 27.
482 2909 544 2931 eur
575 2904 650 2932 ante
673 2901 726 2932 M:
759 2908 830 2931 om.
856 2901 936 2939 Lag.
962 2900 1029 2937 26„
1055 2909 1115 2930 cur
1138 2903 1246 2930 lamen
1270 2900 1349 2939 Lag.
1376 2900 1421 2936 9.,
1447 2907 1506 2929 cur
1529 2901 1638 2929 aulem
1662 2907 1702 2937 v,
1735 2907 1795 2928 cur
1818 2898 1885 2929 eius
1907 2898 1931 2928 T

181 2950 250 2989 (qui
274 2949 380 2981 habet
399 2950 493 2989 pacis
516 2959 578 2991 pro
600 2950 710 2990 petis),
735 2958 851 2981 curam
874 2950 898 2980 E
913 2951 976 2981 GC
994 2950 1019 2980 ll
1034 2954 1122 2990 χψ,
1148 2951 1223 2981 Par.
1243 2948 1273 2981 4.
1293 2949 1339 2987 8.,
1365 2950 1466 2988 Lagg.
1493 2947 1628 2988 reliqui.
1650 2966 1684 2971 -
1707 2947 1800 2987 petis]
1819 2949 1934 2985 petunt

181 3002 225 3037 (ἰ,
248 2999 341 3038 pellis
364 2998 440 3031 libri
464 3002 621 3039 veteres,
658 3002 695 3032 ut
718 3001 763 3032 ait
787 3000 923 3038 Lamb„
949 3000 1042 3031 undo
1068 3001 1140 3040 ipse
1165 2999 1261 3030 dedit
1285 2999 1317 3029 in
1342 2998 1395 3030 cd.
1417 2998 1511 3029 4566.
1538 2998 1700 3037 appellas,
1722 2996 1856 3036 prendis
1878 2994 1932 3026 vel

177 3058 315 3089 prensas
327 3051 416 3081 coni.
433 3049 578 3082 Orellius
591 3050 829 3091 probabiliter.
852 3068 886 3072 —
902 3050 1123 3081 insusurravit
1136 3049 1191 3081 ed.
1212 3050 1303 3080 Crat.
1318 3058 1324 3078 :
1342 3048 1501 3079 inceravit
1514 3048 1574 3087 (sic
1587 3051 1611 3078 (1¹
1627 3049 1661 3078 et
1673 3045 1853 3088 plerique),
1878 3044 1933 3075 ni-

180 3100 320 3137 cei-avit,
346 3101 521 3139 uiceravit,
547 3100 723 3139 ulceravit,
749 3100 901 3131 narravit
926 3100 968 3139 (M
984 3101 1028 3137 H,
1056 3100 1131 3130 Par.
1151 3099 1196 3137 9.)
1222 3098 1361 3130 codices
1379 3100 1554 3138 corrupte.
1576 3099 1666 3137 (Lag.
1686 3097 1716 3128 9.
1742 3104 1802 3127 eur
1825 3099 1933 3126 tamen

180 3150 259 3189 pelis
281 3159 355 3181 eum
378 3151 537 3181 incertum
560 3151 617 3182 sit:
647 3152 721 3181 Par.
741 3151 771 3181 7.
799 3151 918 3181 Franc.
945 3151 979 3181 et
1002 3158 1039 3179 v:
1066 3158 1126 3180 ew·
1148 3153 1258 3180 (tutem
1276 3148 1358 3188 pelis
1382 3156 1475 3186 quem
1498 3156 1564 3178 non
1582 3148 1681 3185 nosci,
1708 3144 1770 3177 sed
1788 3153 1807 3174 v
1824 3144 1930 3183 quae.)

186 3217 219 3221 —-
246 3203 303 3230 aab
326 3201 404 3239 quid
427 3203 450 3230 G
468 3201 520 3232 M:
547 3209 567 3230 α
592 3201 669 3239 quid
693 3200 774 3237 GE,
801 3201 844 3231 ad
868 3200 945 3238 quid
967 3200 987 3229 S
1006 3204 1035 3237 ψ
1060 3201 1093 3230 ct
1118 3201 1191 3230 Par.
1216 3200 1261 3236 8.,
1287 3198 1364 3236 quid
1388 3198 1430 3235 T,
1457 3197 1582 3236 aliquid
1605 3197 1682 3236 quid
1705 3197 1780 3227 Par.
1806 3193 1836 3225 [ι’.
1864 3194 1932 3233 (aut

124 3242 127 3243 ⁷
183 3258 243 3279 cm·
266 3250 450 3281 admoneris
473 3250 571 3281 eliam
594 3249 688 3289 quasi
711 3250 756 3288 ν.)
785 3267 819 3271 -
846 3249 898 3280 ⁵38.
923 3249 1007 3290 cum]
1034 3250 1119 3288 quod
1143 3251 1186 3287 (ἱ,
1213 3256 1332 3286 quaeso
1356 3248 1391 3277 T.
1421 3265 1454 3268 —
1481 3247 1601 3287 lamen]
1625 3247 1729 3277 eciam
1752 3245 1787 3275 T.
1815 3261 1849 3265 -
1876 3252 1933 3274 sa—

183 3299 262 3330 luces
286 3299 322 3330 E.
352 3316 386 3321 -
414 3300 491 3339 quid
510 3303 726 3338 posteaquam
747 3299 831 3331 Mv:
869 3299 955 3337 qaod
974 3307 1009 3337 p.
1037 3300 1080 3335 G,
1107 3299 1186 3337 Lag.
1213 3299 1258 3335 9.,
1285 3296 1412 3335 quidem
1432 3305 1466 3335 p.
1494 3297 1574 3336 ΟΕ,
1601 3297 1680 3336 Lag.
1706 3295 1758 3326 ΩΟ.
1784 3294 1836 3326 25.
1862 3294 1929 3335 86„

186 3348 264 3390 quid
285 3348 370 3380 enim
388 3357 424 3389 p.
451 3349 530 3389 ils,
557 3350 638 3389 Lag.
665 3349 694 3379 4.
721 3348 751 3379 3.
778 3349 809 3380 7.
835 3349 866 3379 8.
894 3365 927 3369 —
950 3350 1126 3388 postquam
1148 3352 1194 3387 ψ.
1226 3364 1256 3369 -
1286 3346 1337 3377 29.
1363 3346 1479 3377 multos
1503 3346 1545 3377 M.
