2127 3708
748 624 804 683 M.
840 624 1026 684 TULLII
1062 623 1363 685 CICERONIS

373 775 973 834 ORATIONUM
1048 775 1740 834 VERRINARUM

786 926 980 963 LIBRI
1030 926 1317 964 SEPTEM.

918 1075 1186 1108 RECOGNOVIT

573 1192 750 1232 CAR..
795 1193 1143 1233 ADOLPH.
1185 1192 1523 1234 :tonnan-

378 1542 756 1600 ORATIO
813 1545 920 1598 IN
1000 1546 1062 1612 Ο.
1125 1543 1694 1603 CAECILIUM

627 1692 785 1736 QUAE
826 1693 1152 1731 DIVINATIO
1191 1693 1456 1731 DICITUR.

723 1977 983 2019 NOTARUM
1012 1979 1351 2021 EXPLICATIO.

341 2070 366 2101 I.
405 2068 547 2100 Conices
571 2077 751 2101 uniones:

170 2121 211 2152 Gt
239 2132 277 2147 =
301 2118 571 2159 Guelferbytanus
593 2119 777 2158 antiquior,
803 2119 1108 2154 membranaceus.

169 2170 215 2202 (32
239 2183 276 2198 -τ
299 2168 570 2209 Guelferbytanus
591 2170 763 2207 secundus,
791 2170 1007 2203 chartaceus.
1043 2171 1156 2203 Ambo
1182 2171 1320 2204 codices
1342 2173 1421 2213 post
1437 2173 1635 2214 Zumptium
1658 2177 1818 2208 accurate
1836 2184 1922 2209 con-

275 2218 436 2257 tulimus,
463 2227 531 2250 non
554 2227 684 2260 paucos
709 2220 783 2251 eius
808 2228 947 2252 errores
969 2223 1195 2259 correximus,
1221 2221 1329 2253 multa
1353 2224 1470 2254 autem
1494 2222 1621 2255 menda
1639 2226 1742 2266 atque
1760 2226 1834 2258 eius
1858 2235 1921 2268 ge-

275 2270 370 2301 neris
393 2267 581 2305 lectiones.
607 2277 696 2309 quae
722 2267 846 2300 nullius
869 2271 971 2310 pretii
995 2273 1129 2308 essent,
1155 2279 1223 2302 non
1247 2272 1541 2312 transcripsimus.

167 2318 218 2351 Ld
239 2330 276 2348 ε
297 2319 459 2351 Leidensis
482 2327 501 2350 a
526 2320 616 2350 Petr.
642 2319 841 2350 Burmanno
865 2319 1078 2360 negligenter
1101 2319 1255 2352 collatus.
1297 2320 1358 2353 Ubi
1382 2321 1483 2353 huius
1508 2322 1636 2355 codicis
1658 2324 1775 2356 variae
1798 2323 1921 2357 lectio-

274 2377 338 2401 nes
362 2377 431 2400 non
455 2367 583 2400 diserte
609 2371 950 2408 commemorantur,
982 2369 1064 2400 nihil
1096 2370 1180 2401 certi
1207 2370 1250 2401 de
1277 2379 1318 2402 eo
1343 2373 1488 2403 constat.
1530 2372 1598 2404 Sed
1623 2382 1702 2405 cum
1727 2383 1768 2406 ex
1792 2374 1919 2407 eodem

274 2418 385 2459 fonte,
418 2427 486 2460 quo
511 2420 548 2450 G.
570 2420 598 2450 t.
617 2419 664 2456 2..
690 2417 861 2450 deductus
885 2420 947 2457 sit,
979 2418 1093 2450 denuo
1125 2428 1206 2451 eum
1230 2420 1388 2452 conferre
1412 2429 1481 2453 non
1505 2424 1580 2454 erat
1603 2431 1730 2464 operae
1753 2424 1916 2465 pretium.

274 2469 408 2501 Horum
431 2469 536 2500 trium
561 2467 723 2500 codicum
747 2476 959 2500 consensum
984 2468 1250 2508 significavimus
1275 2470 1334 2501 G3.

165 2528 188 2559 ς
208 2530 245 2548 =
269 2519 364 2552 Vetus
392 2519 495 2550 codes>
526 2517 559 2550 C.
586 2518 759 2557 Stephani,
797 2519 871 2549 sine
903 2516 1009 2548 dubio
1041 2526 1083 2549 ex
1112 2527 1259 2550 numero
1282 2520 1546 2560 Parisiensium‚
1581 2523 1916 2562 praestantissimus.

273 2568 470 2602 Editionem
494 2568 530 2599 C.
557 2567 716 2598 STEPHANI
741 2566 1010 2607 significavimus
1033 2566 1080 2598 St.

165 2617 187 2650 λ
206 2630 245 2649 =
273 2619 368 2652 Vetus
389 2618 492 2650 codex
513 2616 679 2655 Lambini,
705 2617 789 2648 item
810 2617 1142 2658 praestantissimus,
1166 2617 1373 2660 plerumque
1399 2629 1480 2652 cum
1496 2631 1518 2659 ς
1534 2621 1748 2662 conspirans.
1783 2623 1914 2654 Horum

272 2668 424 2701 duorum
447 2667 609 2700 codicum
631 2668 744 2699 varias
767 2666 950 2705 lectiones,
980 2668 1150 2708 quotquot
1173 2669 1267 2710 apud
1290 2669 1505 2711 Stephanum
1529 2673 1563 2702 et
1585 2671 1792 2703 Lambinum
1815 2672 1916 2703 inve-

273 2719 409 2758 nimus,
436 2717 652 2749 enotavimus
676 2725 810 2749 omnes.

165 2769 193 2801 D
216 2781 253 2798 =
274 2768 465 2800 parisiensis
480 2776 531 2798 nr.
547 2766 656 2805 7823„
682 2766 725 2798 de
743 2775 813 2807 quo
830 2774 862 2797 v„
882 2766 1077 2806 Zumptium
1091 2775 1125 2807 p.
1139 2767 1209 2799 XII.
1235 2768 1379 2800 Videtur
1393 2778 1462 2801 non
1479 2769 1617 2802 differre
1634 2779 1653 2801 a
1670 2769 1913 2811 stephaniano.

164 2819 270 2860 Lg.29
291 2832 327 2848 =
350 2817 674 2858 Lagomarsinianus
708 2825 759 2847 nr.
792 2816 851 2853 29,
888 2815 1181 2849 membranaceus
1211 2819 1306 2850 Saec.
1338 2819 1423 2857 XV,
1461 2820 1519 2860 qui
1547 2819 1704 2852 medium
1739 2819 1915 2860 quendam

271 2867 391 2900 locum
413 2869 508 2899 tenet
529 2867 619 2898 inter
641 2865 804 2898 meliores
829 2867 863 2897 et
886 2866 1078 2899 deteriores
1102 2867 1262 2907 codices,
1288 2868 1352 2900 sed
1373 2869 1516 2910 propius
1540 2871 1657 2902 tamen
1681 2869 1726 2901 ad
1751 2868 1914 2901 meliores

272 2916 419 2950 accedit.

165 2967 190 2999 C
214 2978 252 2992 =
274 2967 497 3005 Cuiacianus,
523 2974 566 2997 ex
589 2975 657 3007 quo
680 2965 794 2997 varias
817 2964 982 2997 lectiones
1006 2963 1136 3006 aliquot
1159 2968 1310 3000 enotavit
1332 2967 1541 3009 Lambinus,
1566 2968 1656 3002 sicut
1675 2976 1716 3000 ex
1734 2966 1914 3000 codicibus

270 3016 504 3054 Memmianis,
530 3024 618 3056 quos
642 3014 910 3056 significavimus
936 3015 1029 3046 codd.
1051 3015 1121 3048 Lbi.

163 3067 192 3098 A
210 3081 252 3096 =
272 3065 625 3099 Pseudo—Asconius.

163 3116 185 3148 S
206 3127 244 3143 =
270 3114 460 3148 Scholiasta
484 3115 733 3148 Gronov-ianus.

336 3173 378 3204 11.
416 3171 558 3204 comens
580 3179 777 3203 DETl-:fllom-:s
802 3169 902 3211 (aa).

250 3221 325 3253 Huc
352 3222 433 3254 sunt
460 3220 633 3253 referendi
660 3219 949 3262 Laqomarsiniani
981 3221 1058 3252 octo
1087 3220 1211 3263 reliqui
1241 3223 1270 3254 4.
1302 3223 1333 3255 5.
1359 3223 1390 3255 6.
1417 3222 1468 3256 44.
1494 3224 1548 3256 27.
1573 3222 1626 3256 42.
1651 3223 1704 3256 45.
1729 3222 1804 3264 48„
1841 3223 1911 3257 duo

163 3269 305 3302 Palatini
327 3271 480 3311 Gruteri‚
513 3271 623 3303 codex
649 3271 772 3310 Ursini,
805 3270 915 3302 codex
946 3270 1138 3310 Hotomani,
1171 3271 1240 3303 duo
1273 3272 1454 3305 Franciani
1489 3274 1641 3313 Graevii,
1678 3273 1913 3306 Iannoctianus

162 3319 350 3363 Garatonii,
373 3321 604 3364 Meininyensis
625 3321 732 3362 Facii,
755 3320 1052 3361 Huydecoperanus
1075 3321 1145 3362 (H),
1172 3322 1364 3356 oxoniensis
1387 3324 1462 3366 (ψ),
1488 3324 1559 3356 tres
1581 3323 1778 3358 parisienses
1798 3323 1910 3358 Lane-
