2175 3718
253 196 332 238 ’180
746 196 800 235 IN
829 195 1049 235 VERREM
1077 193 1240 234 ACTIO
1273 192 1514 233 SECUNDA

252 308 383 348 simile
415 307 688 354 Graecorum,
728 306 841 346 nulla
872 305 1053 352 desidia,
1093 305 1208 344 nulla
1237 305 1444 350 luxuries;
1484 307 1627 342 contra
1667 315 1851 341 summus
1881 302 1998 342 labor

251 372 293 410 in
324 370 501 423 publicis
531 369 786 421 privatisque
819 368 962 414 rebus,
996 379 1155 406 summa
1185 367 1455 419 parsimonia,
1487 377 1648 404 summa
1668 363 1892 415 diligentia.
1930 365 1996 403 Sic

251 446 374 485 porro
416 436 582 471 nostros
622 430 812 470 homines
853 430 1050 481 diligunt,
1093 433 1137 467 ut
1175 428 1238 467 his
1277 428 1376 467 solis
1418 440 1555 479 neque
1587 424 1832 477 publicanus
1861 438 1997 478 neque

250 494 483 546 negotiator
513 492 610 532 odio
643 493 706 532 sit.
765 490 803 530 8.
835 491 1149 542 Magistratuum
1181 495 1317 529 autem
1340 496 1576 529 nostrorum
1608 487 1778 526 iniurias
1809 487 1866 525 ita
1896 487 2000 525 mul-

220 560 385 595 {storum
424 554 630 601 tulerunt,
672 560 714 593 ut
753 566 980 605 numquam
1020 556 1114 590 ante
1145 550 1224 589 hoc
1256 556 1418 602 tempus
1450 550 1500 589 ad
1532 563 1642 589 aram
1675 548 1814 599 legum
1845 547 2002 599 praesi-

250 618 450 671 diumque
479 622 662 656 vestrum
695 615 863 667 publico
895 614 1069 653 consilio
1102 612 1388 663 confugerint:
1433 612 1592 650 tametsi
1625 618 1663 650 et
1698 610 1816 649 illum
1847 622 1999 649 annum

250 679 528 732 pertulerant,
576 678 647 730 qui
687 678 744 716 sic
785 689 856 714 eos
897 675 1119 722 afflixerat,
1166 680 1209 712 ut
1241 674 1341 713 salvi
1375 687 1464 713 esse
1497 687 1579 712 non
1611 677 1801 725 possent,
1847 672 1925 711 nisi
1958 671 2000 710 C.

250 741 470 781 Marcellus
502 740 620 793 quasi
651 739 793 790 aliquo
826 736 910 775 fato
943 737 1142 783 venisset,
1186 741 1227 774 ut.
1259 736 1320 774 bis
1353 749 1403 775 ex
1434 736 1577 775 cadem
1610 734 1766 774 familia
1797 733 1907 773 salus
1940 733 2003 772 Si-

250 802 368 842 ciliae
399 802 740 845 constitueretur,
773 804 813 838 et
844 804 937 851 post
967 800 1021 837 M.
1043 798 1211 837 Antonii
1243 797 1447 836 infinitum
1480 797 1581 836 illud
1614 796 1832 849 imperinm
1864 809 2004 835 sense-

201 870 236 899 40
250 869 353 904 rant.
414 863 481 902 Sic
512 876 535 902 a
564 862 790 902 maioribus
822 860 907 899 suis
939 865 1205 912 acceperant,
1244 864 1355 898 tanta
1386 859 1531 910 populi
1563 859 1735 897 Romani
1767 859 1808 897 in
1842 857 2003 896 Siculos

251 939 342 965 esse
371 923 596 971 beneficia,
639 930 684 963 ut
715 923 837 962 etiam
870 923 1039 961 iniurias
1071 928 1309 961 nostrorum
1340 920 1556 960 bominum
1588 921 1855 973 perferendas
1886 925 2005 972 puta-

250 992 354 1026 rent.
413 985 451 1025 9.
483 987 529 1025 In
561 987 767 1026 neminem
800 984 984 1023 civitates
1016 990 1111 1023 ante
1142 984 1253 1022 hunc
1289 983 1567 1022 testimonium
1600 983 1764 1034 publice
1797 982 2004 1021 dixerunt.

250 1050 369 1088 Hunc
402 1048 582 1101 denique
613 1049 749 1100 ipsum
780 1047 1070 1099 pertulissent,
1103 1046 1135 1085 si
1168 1046 1351 1084 humano
1383 1044 1529 1091 modo,
1562 1045 1593 1083 si
1625 1045 1775 1084 usitato
1805 1057 1938 1091 more,
1971 1042 2004 1082 si

251 1110 432 1163 denique
463 1124 546 1148 uno
578 1110 720 1162 aliquo
753 1110 794 1148 in
826 1122 977 1161 genere
1008 1113 1234 1160 peccasset.
1279 1107 1359 1145 Sed
1391 1121 1485 1146 cum
1518 1106 1698 1158 perferre
1720 1120 1802 1145 non
1834 1110 2007 1159 possent

202 1172 481 1218 izluxuriem,
514 1171 821 1218 crudelitatem,
854 1170 1090 1217 avaritiam,
1114 1170 1373 1222 supe1·biam;
1406 1183 1496 1207 cum
1521 1169 1658 1207 omnia
1680 1181 1752 1207 sua
1775 1167 2005 1213 commoda,

249 1235 361 1281 iura,
391 1232 591 1273 beneficia
622 1239 789 1273 senatus
820 1232 1050 1285 populique
1087 1232 1261 1271 Romani
1292 1231 1415 1270 unius
1448 1230 1603 1269 scelere
1634 1243 1681 1269 ac
1712 1229 1884 1268 libidine
1914 1242 2007 1282 per-

251 1295 475 1335 didissent:
508 1295 587 1335 hoc
619 1300 872 1342 statuerunt,
904 1299 975 1333 aut
1005 1295 1125 1334 istius
1156 1294 1328 1333 iniurias
1360 1307 1434 1345 per
1464 1307 1537 1332 vos
1570 1293 1712 1331 ulcisci
1743 1305 1788 1331 ac
1810 1291 2006 1344 persequi

251 1363 342 1406 aut,
374 1359 407 1398 si
438 1358 555 1398 vobis
586 1358 742 1410 indigni
775 1362 913 1397 essent
943 1357 1019 1396 visi
1051 1357 1200 1409 quibus
1223 1369 1344 1408 opem
1366 1355 1652 1407 auxiliumque
1673 1354 1853 1401 ferretis,
1886 1354 2008 1393 nrbes

251 1434 297 1460 ac
337 1421 457 1461 sedes
496 1434 592 1460 suas
633 1421 890 1473 relinquere,
933 1419 1273 1472 quandoquidem
1307 1431 1427 1469 agros
1460 1417 1539 1455 iam
1572 1422 1665 1455 ante
1696 1416 1814 1455 istius
1846 1415 2008 1455 iniuriis

202 1491 238 1520 20
252 1483 449 1536 exagitati
480 1483 764 1536 reliquissent.
816 1483 882 1521 lv.
919 1478 980 1520 lt).
1013 1481 1100 1520 Hoc
1133 1481 1305 1520 consilio
1338 1493 1361 1519 a
1392 1481 1436 1518 L.
1460 1478 1626 1518 Metello
1658 1478 1885 1530 legationes
1916 1478 2009 1516 nni-

251 1559 394 1586 versae
416 1546 667 1598 petiverunt,
691 1550 735 1583 ut
758 1558 880 1597 quam
898 1544 1075 1596 primum
1105 1543 1172 1582 isti
1195 1543 1460 1581 succederet:
1492 1542 1569 1579 boc
1591 1541 1730 1579 animo
1754 1542 1874 1580 toties
1895 1539 2007 1592 apud

251 1613 452 1661 patronos
498 1607 548 1646 de
592 1608 677 1646 suis
724 1606 900 1645 miseriis
939 1606 1230 1658 deplorarunt:
1276 1604 1353 1643 hoc
1397 1603 1591 1643 commoti
1626 1602 1768 1640 dolore
1801 1602 2008 1654 postulata

254 1670 518 1717 consulibus,
563 1682 669 1722 quae
708 1682 789 1707 nou
832 1668 1060 1720 postulata,
1102 1667 1171 1706 sed
1209 1668 1249 1705 iu
1281 1667 1402 1705 istum
1436 1666 1605 1705 crimina
1636 1664 1874 1703 viderentur
1905 1678 2009 1711 esse,

254 1732 487 1772 ediderunt.
546 1732 746 1770 Fecerunt
782 1731 901 1769 ctiam
945 1736 987 1769 ut
1026 1743 1110 1775 me,
1152 1729 1268 1767 cuius
1302 1727 1423 1766 tidem
1447 1727 1830 1778 continentiamque
1858 1739 2010 1778 cogno-

204 1802 240 1832 25
255 1799 418 1841 verant,
461 1806 592 1845 prope
633 1792 683 1831 de
724 1793 832 1831 vitae
871 1805 987 1831 meae
1019 1797 1129 1831 statu
1162 1790 1305 1829 dolore
1338 1803 1383 1828 ac
1417 1789 1594 1827 lacrimis
1626 1788 1711 1826 suis
1744 1787 2009 1834 deducerent,

254 1861 299 1895 ut
329 1869 403 1908 ego
435 1856 559 1895 istum
591 1868 851 1901 accusarem,
884 1868 908 1893 a
939 1868 1021 1907 quo
1055 1866 1146 1892 mea
1175 1851 1413 1903 longissime
1436 1851 1539 1889 ratio
1560 1849 1840 1903 voluntasque
1862 1850 2012 1889 abhor-

255 1918 370 1957 rebat
391 1939 445 1946 —
477 1930 730 1970 quamquam
764 1917 805 1955 in
836 1917 914 1956 hac
954 1929 1079 1955 causa
1111 1914 1240 1954 multo
1282 1914 1423 1967 plures
1456 1919 1593 1965 partes
1625 1911 1724 1950 mihi
1757 1910 2011 1951 defensionis

256 1994 380 2033 quam
411 1979 688 2020 accusationis
721 1980 955 2031 suscepisse
985 1977 1130 2018 videor
1154 1991 1232 2016 —2
1264 1981 1474 2029 postremo
1506 1975 1695 2014 homines
1728 1986 1780 2013 ex
1810 1978 1897 2012 tota
1918 1986 2013 2026 pro-

255 2043 389 2082 vincia
429 2041 675 2081 nobilissimi
714 2041 922 2094 primique
961 2040 1129 2093 publice
1175 2039 1454 2091 privatimque
1496 2041 1722 2077 venerunt:
1772 2035 2013 2089 gravissima

207 2110 381 2157 30atque
420 2103 674 2156 amplissima
712 2116 905 2156 quaeque
943 2102 1089 2142 civitas
1128 2101 1494 2141 vehementissime
1534 2113 1630 2139 suas
1670 2099 1843 2139 iniurias
1874 2112 2014 2152 perse-

257 2171 351 2206 cuta
381 2171 455 2205 est.
1854 2166 1859 2170 “

379 2224 437 2267 ΙἸ.
469 2229 521 2267 At
551 2240 675 2281 quem
708 2227 758 2266 ad
782 2225 964 2273 modum,
995 2226 1175 2273 iudices,
1207 2228 1439 2266 venerunt?
1482 2224 1634 2264 Videor
1663 2224 1772 2263 enim
1804 2224 1904 2263 mihi
1934 2225 2013 2264 iam

259 2291 430 2331 liberius
469 2290 579 2343 apud
620 2303 693 2329 vos
734 2303 808 2341 pro
848 2289 996 2328 Siculis
1027 2289 1145 2342 loqui
1177 2289 1350 2335 debere,
1391 2300 1517 2340 quam
1548 2286 1723 2326 forsitan
1752 2286 1831 2339 ipsi
1861 2286 2013 2333 velint;

261 2353 383 2393 saluti
415 2353 524 2392 enirn
558 2353 695 2404 potius
727 2365 869 2391 eorum
903 2352 1115 2391 consulam
1149 2364 1273 2404 quam
1295 2350 1510 2390 voluntati.
1552 2350 1736 2402 Ecquem
1769 2349 2012 2388 existimatis

212 2424 248 2452 35
262 2428 458 2468 umquam
506 2415 587 2453 ulla
619 2414 661 2453 in
692 2413 907 2466 provincia
936 2427 1051 2452 reum
1082 2414 1294 2453 absentem
1327 2417 1469 2451 contra
1501 2412 1815 2465 inquisitionem
1846 2424 2014 2451 accusa-

264 2478 361 2517 toris
395 2478 518 2516 tantis
550 2476 723 2529 opibus,
757 2481 868 2515 tanta
899 2476 1126 2528 cupiditate
1158 2489 1248 2515 esse
1280 2474 1495 2514 defensum
1513 2476 1530 2512 ’ἲ
1577 2473 1830 2521 Quaestores
1859 2474 2013 2515 utrius-

264 2554 344 2593 que
382 2539 644 2592 provinciae,
692 2538 763 2592 qui
801 2539 879 2577 isto
919 2543 1107 2590 praetore
1147 2537 1332 2584 fuerant,
1378 2551 1470 2576 cum
1503 2536 1683 2575 fascibus
1715 2537 1815 2576 mihi
1846 2541 2014 2589 praesto

262 2602 443 2641 fuerunt.
510 2598 567 2640 12.
598 2601 672 2640 llis
704 2614 828 2653 porro
852 2601 923 2654 qui
946 2605 1257 2647 successerunt,
1288 2599 1555 2639 vehementer
1576 2598 1695 2638 istius
1718 2598 1883 2653 cupidi,
1914 2598 2016 2639 libe-

352 2806 380 2837 4.
407 2805 555 2836 lunarios
586 2806 620 2835 1
613 2804 674 2841 ’42
698 2814 731 2845 p
759 2814 804 2836 m.
831 2814 881 2843 cp:
920 2805 1058 2836 luno-ia
1089 2806 1147 2836 ctt.
1175 2805 1212 2836 Ο.
1241 2822 1275 2827 -—
1315 2804 1345 2835 6.
1370 2802 1579 2843 confuqercnt
1602 2803 1664 2835 ‹ltt.
1700 2821 1734 2826 —-
1771 2804 1899 2836 tametsi
1924 2803 2016 2835 illum

266 2854 354 2895 Lgffl
379 2865 411 2895 p.
439 2864 485 2886 m.
502 2854 589 2891 ;etsi
614 2855 703 2885 illum
721 2856 798 2886 Asc.
821 2873 855 2877 —
883 2855 913 2885 9.
939 2858 968 2885 σι’
990 2858 1060 2893 post
1085 2855 1173 2895 1⁴32ss
1191 2853 1230 2886 42
1249 2863 1282 2894 p.
1302 2861 1348 2884 111.
1375 2854 1398 2884 B
1417 2855 1494 2883 Asc.
1517 2852 1592 2892 (bis,
1612 2854 1653 2884 ct.
1672 2853 1828 2896 Baiter.):
1854 2857 1883 2885 et
1902 2856 2017 2893 postea

266 2907 342 2936 Asc.
369 2904 497 2935 lemma
515 2904 558 2941 Ο·.
584 2908 693 2943 postea
712 2906 756 2936 A:
779 2908 954 2944 postquam
978 2905 1038 2936 ‹ltt.
1061 2921 1095 2927 -
1124 2903 1175 2935 14.
1197 2903 1392 2943 peccavisset
1415 2903 1449 2933 1..
1472 2920 1506 2924 -
1533 2903 1584 2933 15.
1611 2903 1784 2934 luxuriam
1799 2904 1862 2934 ΑΒ
1889 2903 1932 2943 (in
1949 2902 2016 2934 hoc

267 2957 383 2986 tamen
418 2954 585 2984 luz-uriom
610 2954 862 2994 suprascript).
892 2971 926 2975 —
966 2954 1016 2985 16.
1040 2954 1152 2993 populi
1184 2954 1219 2983 It.
1247 2961 1329 2991 quae
1358 2951 1446 2991 1529
1459 2951 1502 2989 B;
1534 2952 1710 2991 populique
1740 2955 1775 2984 It.
1802 2961 1887 2991 quae
1909 2953 1948 2984 A.
1978 2970 2012 2974 —-

268 3006 319 3035 17.
346 3013 385 3035 ac
404 3012 491 3043 pers.
518 3003 607 3043 ng
623 3002 662 3034 4'2
680 3004 728 3034 A:
755 3006 784 3034 et
804 3012 890 3042 pers.
918 3004 975 3033 ctt.
996 3004 1032 3034 Ο.
1058 3022 1091 3025 —-
1120 3003 1171 3033 19.
1196 3003 1413 3041 relinquerent
1437 3001 1538 3032 codd.
1559 3003 1648 3040 noti,
1674 3003 1779 3034 etiam
1796 3003 1829 3034 F.
1856 3001 2017 3034 Defendit

268 3054 425 3085 Oudend.
452 3053 495 3084 ad
512 3050 610 3093 Apul.
636 3053 671 3082 T.
692 3053 713 3082 1.
742 3061 774 3092 p.
794 3052 845 3083 72.
873 3050 1015 3091 Vulgata
1040 3052 1192 3093 primum
1217 3053 1309 3083 extat
1332 3060 1387 3092 ap.
1407 3051 1495 3082 Man.
1514 3051 1607 3083 4540.
1627 3069 1663 3074 -
1689 3060 1788 3093 agros
1810 3051 1841 3091 4,
1868 3052 1917 3083 N:
1944 3059 2014 3083 om.

269 3105 329 3136 ‹ltt.
360 3122 393 3127 -—
420 3104 471 3134 30.
498 3102 699 3141 amplissima
723 3110 868 3141 quaeque
893 3101 980 3141 Lgxez
1004 3110 1037 3142 p.
1065 3110 1111 3133 m.
1137 3111 1178 3140 φ.
1206 3101 1248 3132 cf.
1274 3101 1312 3132 V.
1339 3100 1369 3140 ἓ.
1396 3100 1482 3131 122.;
1508 3100 1729 3132 honestissima
1752 3103 1812 3133 ctt.
1837 3101 1875 3132 Ο.
1904 3100 1947 3132 cf.
1973 3101 2012 3131 11.

271 3155 300 3194 g.
328 3154 459 3186 43.111.
486 3152 515 3192 ἓ.
542 3152 593 3182 67.
620 3152 672 3182 75.
700 3152 771 3182 122.
800 3151 873 3182 13.ss
900 3151 973 3182 170.
1002 3168 1038 3173 —
1065 3151 1442 3182 32.ze›1e›7›1tAsc—
1471 3150 1537 3180 iam
1560 3150 1691 3182 libanus
1713 3149 1801 3190 Lg4‘2.
1825 3159 1859 3191 p.
1879 3158 1926 3181 m.
1954 3149 2016 3181 Ce-

270 3204 333 3234 teri
358 3202 460 3235 codd.
485 3203 554 3233 iam
577 3200 667 3232 habe
672 3202 708 3231 nt
725 3203 802 3232 ante
815 3210 879 3240 pro
903 3200 1021 3232 Siculis
1045 3202 1079 3231 ct
1102 3201 1150 3232 sic
1167 3201 1205 3232 Ο.
1227 3218 1261 3222 -
1287 3199 1339 3231 34.
1359 3200 1470 3239 potius
1491 3208 1547 3230 σοι
1551 3209 1604 3231 um
1626 3199 1663 3232 4:
1691 3208 1803 3231 eorum
1820 3200 1932 3239 potius
1953 3200 2012 3230 ctt.

270 3253 311 3333 01.
326 3255 415 3332 —het
438 3260 532 3291 quem
548 3252 575 3283 N
601 3248 780 3331 e(t)1›lcr1q
808 3249 942 3282 codd.—
956 3250 1041 3281 35.
1067 3250 1136 3281 ulla
1159 3258 1305 3290 uuquam
1321 3248 1409 3289 Lg42
1433 3258 1466 3290 p
1485 3258 1580 3281 n1.-
1607 3250 1659 3282 38.
1684 3249 1733 3281 his
1749 3247 1960 3290 porroLg29
1973 3248 2015 3280 42

268 3310 286 3333 a
381 3310 390 3332 ι
408 3310 512 3341 porro
534 3302 595 3332 ctt.
