2143 3713
614 236 710 276 ομ».
741 235 1043 274 xvm-xx.
1082 233 1155 288 §§·
1186 231 1385 275 51—56.
1791 231 1870 274 497

121 349 239 389 Actio
272 353 334 388 est
372 349 415 388 in
454 353 659 388 auctorem
700 352 961 399 praesentem
999 347 1064 387 his
1105 346 1261 386 verbis:
1306 346 1563 394 QvAxnonE
1606 360 1657 387 TE
1697 361 1736 387 lx
1774 361 1869 387 IVRE

123 423 349 451 coxspicio.
393 410 479 449 Hac
510 409 671 449 actione
702 409 862 460 Appius
895 409 963 447 ille
997 410 1153 448 Caecus
1191 408 1248 448 uti
1280 421 1361 447 non
1395 415 1552 461 posset,
1596 409 1630 449 si
1661 415 1743 449 tam
1774 422 1870 449 vere

119 472 312 513 homines
342 472 465 512 verba
496 476 844 517 consectarentur,
879 477 921 510 ut
951 485 1050 517 rem,
1082 471 1198 510 cuius
1230 484 1353 510 causa
1384 471 1506 509 verba
1529 477 1638 517 sunt,
1669 484 1753 510 non
1775 486 1872 511 con-

120 535 361 574 siderarent.
412 535 673 572 Testamento
705 532 737 571 si
770 533 966 572 recitatus
996 533 1117 572 lieres
1150 538 1260 572 esset
1291 532 1473 585 pupillus
1506 533 1721 572 Cornelius
1753 534 1870 586 isque

120 597 199 637 iam
231 610 361 637 annos
392 609 448 635 xx
478 594 661 640 haberet,
693 594 810 633 vobis
834 595 1127 648 interpretibus
1149 595 1359 634 amitteret
1378 594 1663 634 hereditatem.
1695 594 1761 634 355.
1794 597 1904 636 Ve—5

120 660 239 698 uiunt
268 660 308 698 in
340 663 517 698 mentem
557 656 657 695 milii
702 657 928 708 permulta,
974 657 1090 696 vobis
1121 657 1261 709 plura,
1301 663 1413 696 certo
1446 657 1545 696 seio.
1604 658 1779 705 Verum,
1820 672 1871 697 ne

120 722 293 761 nimium
325 720 452 759 multa
482 718 806 771 complectamur
837 725 960 772 atque
993 720 1042 759 ab
1075 733 1136 765 eo,
1171 718 1282 772 quod
1315 720 1569 772 propositum
1603 726 1677 767 est,
1709 720 1872 773 longius

119 784 280 822 aberret
310 782 452 827 oratio,
482 781 559 819 hoc
590 782 724 833 ipsum
756 781 1035 827 interdictum,
1068 794 1151 833 quo
1186 781 1236 820 de
1268 782 1415 833 agitur,
1447 782 1778 822 consideremus:
1810 783 1874 821 in-

119 845 314 897 telligetis
345 844 455 883 enim
486 843 529 881 in
561 857 610 882 eo
640 843 744 895 ipso,
779 843 811 882 si
844 843 883 882 in
918 844 1053 883 verbis
1085 844 1149 883 ius
1182 844 1494 891 constituamus,
1526 857 1689 884 omnem
1719 844 1874 884 utilita-

118 912 198 945 tem
231 919 307 946 nos
336 905 460 946 huius
492 905 715 952 interdicti,
749 905 843 944 dum
876 906 1029 945 versuti
1061 911 1101 945 et
1132 905 1268 945 callidi
1300 906 1476 945 velimus
1499 920 1601 953 esse,
1632 907 1872 946 amissuros.
1889 918 1921 946 ιο

118 969 232 1007 VNDE
274 981 325 1006 Tv
364 981 443 1007 AVT
483 981 654 1007 FAMHJA
695 981 775 1007 AVT
814 981 1082 1008 ruocvnsson
1114 982 1226 1007 Tvvs.
1286 968 1327 1008 Si
1358 982 1423 1008 me
1454 968 1600 1008 vilicus
1632 973 1726 1008 tuus
1758 968 1872 1008 solus

117 1029 349 1076 deiecisset,
378 1042 463 1068 non
494 1029 650 1069 familia
673 1030 905 1076 deiecisset,
938 1035 981 1069 ut
1003 1031 1162 1082 opinor,
1195 1030 1267 1070 sed
1289 1031 1440 1084 aliquis
1463 1030 1512 1069 de
1534 1029 1701 1069 familia.
1746 1030 1872 1069 Recte

116 1091 242 1143 igitur
271 1091 427 1131 diceres
458 1098 497 1131 te
529 1092 788 1131 restituisse?
841 1092 1023 1145 Quippe:
1065 1092 1167 1145 quid
1198 1093 1308 1132 enim
1339 1092 1499 1132 facilius
1531 1098 1593 1132 est
1623 1106 1747 1145 quam
1778 1106 1872 1145 pro-

115 1153 203 1192 bari
245 1153 318 1201 iis,
359 1153 431 1206 qui
474 1154 597 1194 modo
637 1153 782 1193 Latine
814 1155 967 1200 sciant,
1014 1155 1055 1193 in
1085 1167 1168 1193 uno
1200 1155 1363 1194 servulo
1393 1154 1574 1194 familiae
1604 1168 1757 1194 nomen
1786 1168 1871 1194 non

115 1215 280 1255 valere?
341 1215 381 1254 Si
416 1229 512 1255 vero
544 1229 594 1255 ue
625 1215 779 1255 habeas
811 1216 980 1268 quidem
1012 1230 1178 1256 servum
1208 1223 1373 1269 praeter
1405 1230 1520 1263 eum,
1560 1219 1631 1269 qui
1662 1230 1726 1256 me
1759 1216 1872 1256 deie—
1889 1227 1920 1256 15

116 1278 229 1325 cerit,
261 1277 413 1317 clames
443 1278 662 1318 videlicet:
698 1278 766 1317 «Si
797 1278 931 1317 haheo
962 1278 1175 1326 familiam,
1207 1292 1231 1318 a
1260 1278 1418 1318 familia
1448 1291 1540 1318 mea
1568 1278 1698 1318 fateor
1718 1285 1758 1319 te
1780 1293 1871 1319 esse

120 1339 361 1379 deiectum.»
424 1341 568 1393 Neque
600 1341 709 1380 enim
741 1340 912 1379 dubium
945 1345 1007 1380 est
1037 1341 1161 1393 quin,
1193 1341 1227 1379 si
1259 1340 1310 1380 ad
1339 1354 1426 1380 rem
1456 1340 1717 1380 iudicandam
1745 1342 1871 1381 verbo

114 1401 326 1449 ducimur,
367 1415 448 1442 non
486 1415 550 1450 re,
591 1402 789 1443 familiam
829 1402 1131 1455 intelligamus,
1174 1417 1281 1456 quae
1312 1408 1473 1443 constet
1503 1416 1555 1442 ex
1585 1404 1715 1444 servis
1744 1403 1873 1457 pluri-

113 1464 212 1511 bus;
259 1464 360 1518 quin
398 1478 505 1504 unus
542 1465 665 1505 homo
705 1465 863 1505 familia
902 1479 986 1505 non
1027 1466 1092 1504 sit.
1150 1465 1334 1505 Verbum
1374 1471 1484 1505 certe
1523 1466 1603 1505 hoc
1634 1480 1717 1506 non
1746 1465 1870 1506 modo

113 1526 316 1580 postulat,
357 1527 431 1566 sed
473 1527 595 1567 etiam
635 1528 758 1580 cogit.
818 1526 884 1566 56.
924 1528 975 1567 At
1006 1541 1103 1567 vero
1134 1528 1240 1567 ratio
1271 1528 1371 1567 iuris
1407 1528 1700 1582 interdictique
1739 1529 1800 1568 vis
1831 1533 1919 1569 etro

113 1594 349 1640 praetorum
392 1589 584 1629 voluntas
632 1595 672 1629 et
715 1590 934 1629 hominum
980 1590 1251 1642 prudentium
1299 1590 1518 1630 consilium
1565 1596 1605 1630 et
1647 1591 1870 1630 auctoritas

114 1657 280 1704 respuat
315 1651 422 1690 hanc
460 1651 748 1691 defensionem
790 1657 830 1692 et
870 1665 945 1704 pro
986 1652 1116 1692 nihilo
1146 1657 1277 1706 putet.
1337 1652 1430 1691 XX.
1477 1652 1589 1700 Quid
1630 1655 1756 1706 ergo?
1801 1653 1870 1692 isti

113 1713 303 1752 homines
333 1713 478 1753 Latine
508 1728 591 1753 non
621 1714 876 1767 loquuntur?
922 1716 1052 1754 Immo
1083 1729 1181 1755 vero
1210 1720 1367 1754 tantum
1397 1715 1637 1768 loquuntur,
1669 1719 1870 1768 quantum

117 1782 179 1815 est
216 1777 312 1815 satis
351 1775 402 1815 ad
433 1776 745 1827 intelligendam
786 1777 1063 1824 voluntatem,
1105 1791 1198 1817 cum
1235 1777 1313 1817 sibi
1352 1778 1431 1817 hoc
1470 1778 1787 1831 proposuerint,
1824 1782 1871 1816 ut

118 1839 202 1877 sive
232 1851 297 1877 me
328 1842 372 1876 tu
404 1837 626 1885 deieceris,
658 1840 742 1878 sive
775 1844 941 1879 tuorum
973 1840 1194 1893 quispiam,
1225 1840 1312 1880 sive
1343 1853 1567 1887 servorum,
1599 1841 1685 1880 sive
1716 1840 1869 1879 amico—
1882 1851 1918 1880 25

115 1913 230 1946 rum,
260 1905 305 1939 ut
336 1913 474 1940 servos
505 1914 589 1940 non
620 1915 791 1941 numero
824 1902 1095 1954 distinguant,
1127 1902 1199 1941 sed
1231 1902 1442 1955 appellent
1472 1916 1553 1942 uno
1583 1902 1764 1942 familiae
1794 1915 1871 1942 no-

118 1962 243 2009 mine,
275 1961 325 2001 de
356 1961 497 2003 liberis
528 1969 666 2003 autem
699 1965 891 2018 quisquis
913 1970 987 2011 est,
1018 1965 1296 2017 procuratoris
1317 1966 1483 2006 nomine
1505 1966 1754 2019 appelletur:
1786 1979 1870 2006 non

201 2154 231 2184 4.
257 2156 400 2185 actorem
423 2163 503 2185 cum
526 2155 658 2186 Iuntina
682 2152 713 2187 Q.
735 2173 769 2178 —
797 2157 990 2195 quandoque
1013 2155 1041 2188 Ἦ
1068 2156 1121 2194 (de
1147 2157 1171 2187 T
1194 2159 1311 2188 tamen
1336 2156 1530 2189 Harlcssius
1555 2157 1640 2198 silet)
1666 2159 1710 2189 A:
1738 2158 1868 2197 quando

114 2202 264 2238 Iuntina:
290 2204 551 2242 quandoquidem
574 2212 654 2235 cum
678 2203 798 2236 Aldina
816 2206 838 2236 L
854 2204 893 2240 ἒς
920 2207 1050 2245 quaudo
1075 2204 1228 2245 [quidem]
1253 2206 1290 2245 Ο,
1317 2205 1393 2237 coll.
1415 2207 1484 2238 Cic.
1510 2215 1573 2248 pro
1598 2209 1740 2239 Murena
1766 2207 1796 2248 ἓ.
1812 2208 1865 2239 Ξθ.

115 2252 163 2284 Cf.
190 2252 288 2283 Verr.
313 2255 438 2284 Aecus.
466 2254 518 2284 111.
545 2252 574 2293 S.
597 2254 667 2284 487.
695 2254 763 2285 Liv.
789 2255 873 2285 VIII.
901 2255 930 2285 7.
958 2256 1011 2287 IX.
1039 2256 1090 2286 40.
1117 2256 1177 2287 Th.
1205 2257 1402 2287 Mommsen
1425 2257 1464 2287 de
1487 2258 1683 2288 auctoritate
1706 2266 1739 2298 p.
1760 2258 1811 2289 15.
1831 2275 1865 2279 —

112 2301 144 2333 2.
169 2301 253 2342 vere]
279 2300 340 2333 «al.
366 2311 491 2334 severe»
516 2311 584 2342 mg.
611 2300 642 2334 ³3.
671 2304 720 2335 Cf.
747 2302 776 2343 g.
802 2304 854 2335 50.
882 2304 933 2336 60.
964 2323 997 2327 ——
1025 2305 1055 2336 3.
1081 2309 1116 2337 ut
1139 2306 1163 2337 E
1181 2306 1263 2337 To:
1298 2315 1398 2345 quam
1421 2305 1569 2339 RALQ.
1598 2325 1647 2347 -,
1659 2317 1761 2339 causa
1784 2308 1818 2339 in
1844 2309 1868 2340 E

113 2359 288 2392 superscr.
315 2353 378 2383 est.
407 2369 442 2374 —-
475 2353 537 2384 sint
561 2361 650 2384 corr.
677 2354 710 2384 in
734 2357 806 2384 sunt
831 2354 871 2391 133
905 2362 975 2385 om.
1002 2355 1037 2385 T.
1067 2372 1100 2377 —
1141 2355 1172 2386 8.
1200 2355 1338 2397 aberret]
1369 2359 1453 2387 erret
1477 2357 1512 2387 T.
1540 2374 1575 2378 —
1609 2367 1671 2396 quo
1696 2358 1733 2389 de
1756 2359 1870 2398 agitur

113 2399 156 2430 E:
189 2400 274 2439 quod
301 2408 341 2431 ea
369 2401 480 2442 agitur
503 2402 527 2432 T
554 2401 605 2440 (es.
634 2401 664 2442 g.
691 2401 734 2442 7.)
753 2413 759 2439 2.
793 2404 830 2434 de
854 2412 915 2442 quo
939 2405 1052 2444 agitur
1074 2405 1098 2435 R
1113 2406 1139 2437 A
1154 2403 1210 2437 ΒΕ
1226 2406 1262 2436 Ο.
1290 2423 1324 2426 -
1356 2405 1534 2446 intelligitis
1557 2407 1580 2437 E
1595 2408 1618 2438 T
1633 2409 1656 2437 G
1671 2407 1724 2438 ab
1740 2417 1757 2439 e
1774 2411 1868 2449 mpt

113 2447 270 2487 αβθιΑ.
300 2467 334 2472 -
363 2451 392 2482 9.
418 2451 479 2491 ius]
505 2452 605 2490 ipsius
628 2452 664 2484 T.
697 2453 817 2484 Omisit
839 2453 929 2485 hanc
954 2453 1141 2486 lectionem
1164 2455 1344 2488 Iordanus.
1372 2474 1407 2478 —
1433 2456 1605 2487 utilitatem
1628 2466 1753 2488 omnem
1777 2459 1812 2489 T.
1830 2476 1865 2480 —

113 2499 165 2530 40.
188 2499 323 2531 velimus
344 2500 369 2531 E
387 2501 428 2532 T:
459 2501 606 2532 volumus
629 2502 692 2533 BA
707 2502 730 2533 L
745 2499 764 2534 Q
780 2503 816 2534 Ο.
847 2521 881 2524 -
917 2504 928 2534 sl
939 2504 967 2534 1.
993 2505 1077 2536 unde
1100 2507 1133 2535 tu
1150 2522 1197 2527 --
1213 2506 1298 2536 solus
1321 2505 1480 2536 deiecisset
1504 2505 1640 2543 Quintil.
1666 2507 1704 2537 V.
1734 2507 1784 2545 40,
1812 2507 1864 2539 98.

111 2546 216 2581 Iulius
246 2549 364 2581 VICtor
398 2559 431 2591 p.
457 2551 531 2583 225.
562 2560 595 2582 v,
622 2552 661 2583 ⁶27
686 2560 739 2593 sq.
768 2569 802 2574 —
838 2553 953 2583 vilicus
982 2554 1006 2585 T
1037 2556 1070 2585 et
1100 2553 1204 2586 lulius
1227 2555 1362 2587 Victor:
1399 2556 1526 2586 villicus
1555 2556 1625 2592 AL
1646 2552 1665 2587 Q
1687 2556 1723 2586 O.
1767 2556 1864 2587 Conf.

113 2597 144 2638 g.
164 2598 215 2630 63.
242 2608 275 2640 p.
294 2598 400 2631 Tullio
424 2600 454 2641 g.
474 2601 524 2632 ⁴7.
551 2601 749 2633 Lachmann
768 2611 896 2634 comm.
919 2602 961 2633 ad
979 2603 1116 2635 Lucret.
1136 2613 1169 2644 p.
1189 2603 1240 2635 33.
1264 2622 1298 2626 —
1327 2605 1378 2636 ΤΞ.
1402 2605 1450 2644 ut]
1473 2614 1538 2636 non
1554 2605 1596 2643 T;
1622 2614 1689 2636 oni.
1711 2606 1733 2636 t.
1751 2623 1785 2628 —-
1814 2607 1865 2638 43.

110 2648 262 2680 restitisse
284 2649 309 2680 E
335 2648 388 2688 (de
413 2650 437 2681 T
461 2648 539 2681 silet
562 2650 768 2691 Harlessius)
794 2653 850 2683 Ga
864 2651 886 2683 b
902 2661 919 2683 e
934 2653 1003 2684 km
1021 2661 1041 2693 q
1062 2654 1141 2693 (sec.
1163 2654 1223 2693 m.)
1243 2663 1267 2684 α
1282 2652 1309 2692 ,8
1329 2656 1362 2686 et
1384 2656 1429 2691 A;
1455 2655 1581 2686 restisse
1605 2663 1625 2695 p
1640 2664 1661 2695 q
1684 2656 1744 2696 (pr.
1760 2656 1821 2695 m.)
1842 2658 1865 2688 t.

112 2696 317 2729 Emendavit
338 2699 530 2739 Naugerius
555 2701 586 2731 in
611 2700 743 2732 Aldina.
785 2701 833 2732 Cf.
862 2702 892 2742 g.
921 2702 972 2733 60.
1000 2720 1035 2724 m
1058 2703 1195 2742 probari
1221 2704 1268 2743 iis]
1288 2704 1444 2743 probaris
1467 2704 1492 2735 Ε
1513 2705 1548 2735 T.
1589 2704 1704 2736 Malim
1724 2704 1868 2744 probare

112 2746 163 2778 iis.
190 2747 239 2779 Cs.
265 2756 299 2788 p.
325 2747 431 2780 Tullio
456 2749 487 2789 g.
514 2749 566 2781 45.
585 2767 619 2772 —
637 2750 687 2783 ¹14.
715 2751 769 2790 qul
792 2752 886 2782 modo
911 2752 1010 2783 latine
1025 2753 1071 2783 T:
1099 2754 1153 2793 qui
1170 2753 1270 2784 latine
1286 2755 1310 2785 R
1325 2755 1349 2785 A
1364 2753 1420 2785 1.ss
1435 2754 1472 2784 O.
1500 2753 1548 2785 Cf.
1569 2754 1667 2786 Hand
1690 2756 1787 2787 Turs.
1810 2756 1865 2787 111.

112 2804 146 2837 p.
173 2796 246 2829 63⁴.
276 2814 311 2819 -
343 2798 394 2829 45.
421 2798 456 2829 Si
478 2808 553 2831 vero
570 2809 685 2831 --me
709 2801 856 2832 deiecerit
882 2801 1018 2839 Quintil.
1044 2802 1083 2833 V.
1111 2803 1162 2840 40,
1189 2802 1242 2834 98.
1268 2802 1372 2835 Iulius
1395 2803 1514 2834 Victor
1536 2812 1569 2844 p.
1596 2804 1668 2836 225.
1695 2814 1729 2836 V.
1756 2805 1795 2836 28
1811 2813 1865 2845 sq.

115 2861 150 2867 —-
177 2845 289 2878 deierit
311 2847 347 2879 T.
387 2849 523 2887 (Deerat
554 2849 642 2881 haec
673 2849 774 2882 lectio
805 2851 838 2881 in
868 2851 927 2881 Th.
954 2852 1173 2884 Mommsenii
1203 2852 1368 2891 schedis.)
1409 2852 1458 2884 Cs.
1484 2852 1515 2892 ἓ.
1541 2853 1592 2884 83.
1622 2873 1656 2877 -
1684 2855 1735 2886 47.
1768 2864 1869 2894 neque

114 2895 198 2926 enim
220 2896 353 2928 dubium
376 2899 401 2930 E
415 2899 455 2929 T:
482 2908 584 2938 neque
607 2899 740 2931 dubium
765 2901 844 2940 (oin.
863 2901 961 2940 enim)
987 2902 1010 2932 R
1024 2903 1049 2932 A
1063 2902 1086 2932 L
1102 2899 1120 2932 {²
1136 2902 1172 2932 O.
1195 2920 1229 2924 -
1258 2902 1308 2934 48.
1334 2901 1445 2942 servis]
1470 2901 1576 2933 uerbis
1598 2904 1632 2934 T.
1650 2921 1684 2924 ——
1703 2904 1753 2935 -19,
1772 2905 1869 2935 unius

116 2951 183 2975 err.
208 2946 342 2987 typogr.
369 2948 405 2978 L.
434 2966 469 2970 —
500 2949 645 2990 lf'erbum]
669 2949 768 2981 uerbo
792 2959 868 2980 num
893 2950 916 2981 Ε
929 2950 953 2981 T
968 2949 988 2980 l)
1012 2959 1044 2981 m
1059 2959 1080 2991 p
1096 2959 1117 2990 q
1132 2953 1143 2982 t
1159 2950 1185 2988 ρ’
1212 2953 1246 2982 et
1267 2953 1311 2987 Α;
1343 2951 1441 2982 uerbo
1463 2961 1550 2983 nunc
1573 2953 1613 2989 G;
1646 2953 1744 2984 uerbo
1768 2963 1867 2984 unum

116 3001 134 3023 e
151 3003 194 3031 α;
220 2995 317 3027 uerbo
340 3007 513 3028 numerum
536 2998 569 3029 k.
596 3000 800 3031 Correctum
826 3002 879 3031 est
903 3000 971 3030 iani
996 3000 1028 3030 in
1051 3000 1195 3032 Iuntina.
1215 3019 1249 3023 -—
1264 3010 1329 3032 -ηοη
1346 3001 1452 3040 modo]
1476 3002 1571 3032 modo
1587 3012 1649 3033 non
1668 3004 1703 3034 T.
1731 3004 1868 3042 (Deerat

117 3042 203 3074 haec
224 3043 326 3077 lectio
350 3047 384 3078 in
407 3048 625 3079 Mommsenii
648 3049 813 3089 schedis.)
835 3068 869 3071 —
892 3050 943 3081 σ20.
967 3050 1154 3089 postulabat
1175 3051 1211 3081 T.
1233 3068 1267 3073 -—
1286 3050 1396 3091 cogit]
1420 3050 1528 3091 cogit?
1551 3052 1588 3083 E.
1606 3070 1640 3074 —
1660 3062 1738 3084 uero
1762 3054 1868 3085 oratio

116 3091 152 3122 T.
181 3109 215 3114 —-
238 3095 296 3136 vis]
320 3096 371 3127 ius
392 3098 431 3128 A.
461 3115 495 3119 —
522 3098 575 3129 22.
602 3098 689 3139 erqo]
716 3099 819 3139 iyitur
843 3108 865 3139 q
883 3101 915 3130 et
935 3100 971 3130 O.
1001 3117 1036 3121 —
1062 3099 1114 3131 ⁶23.
1141 3100 1293 3131 locuntur
1314 3101 1463 3140 utroque
1488 3099 1564 3132 loeo
1589 3102 1631 3139 E,
1661 3101 1767 3133 altero
1791 3101 1867 3134 loco

118 3142 221 3174 etiam
244 3144 280 3175 T.
308 3162 343 3166 —
368 3145 420 3178 24.
446 3150 482 3178 ut
504 3147 569 3178 sive
591 3156 642 3178 me
664 3151 699 3179 tu
721 3149 872 3180 deieceris
895 3149 919 3180 E
934 3149 957 3179 T
971 3149 999 3179 V
1013 3157 1030 3180 e
1044 3149 1064 3179 k
1080 3158 1105 3180 α
1131 3151 1164 3180 et
1180 3147 1219 3181 Q:
1245 3153 1280 3181 ut
1302 3150 1370 3181 siue
1392 3153 1478 3181 metu
1501 3151 1651 3184 deieceris
1675 3161 1714 3193 q:
1741 3155 1776 3183 uc
1800 3153 1868 3184 siue

116 3194 204 3222 meta
226 3193 375 3226 deieceris
398 3205 417 3227 a
437 3205 473 3228 m
493 3205 515 3237 p
539 3199 568 3235 t;
593 3200 630 3228 ut
651 3197 719 3229 sine
740 3202 827 3230 melu
849 3199 1000 3230 deieceris
1024 3200 1065 3233 G2
1091 3202 1126 3230 ut
1148 3199 1216 3231 siue
1239 3202 1338 3231 tumet
1361 3200 1511 3231 deieceris
1532 3200 1555 3232 b
1572 3200 1609 3239 β,
1636 3210 1704 3241 mg.
1729 3202 1740 3232 t
1764 3203 1797 3232 et
1819 3204 1865 3239 A;

118 3242 154 3270 ut
175 3249 225 3272 mc
246 3244 407 3285 restituas,
431 3246 500 3278 siue
522 3250 557 3278 tu
580 3247 730 3279 deieceris
754 3257 839 3289 «ope
863 3250 992 3280 veteris
1017 3249 1166 3281 codicis»
1192 3250 1232 3286 L;
1258 3253 1295 3281 ut
1316 3259 1367 3281 me
1382 3250 1545 3289 restituas,
1569 3251 1639 3282 sive
1660 3254 1758 3282 tumet
1774 3251 1868 3283 eiece-

118 3289 166 3320 ris
188 3290 224 3321 O.
251 3291 410 3327 Formam
433 3299 533 3328 tumet
556 3296 684 3329 diserte
709 3297 851 3330 damnat
874 3299 1069 3330 Priscianus
1092 3299 1160 3330 XII.
1188 3300 1219 3336 5,
1245 3299 1297 3331 ⁶23.
1325 3317 1362 3323 —
1387 3300 1441 3332 26.
1466 3309 1531 3332 non
1553 3301 1588 3332 in
1611 3309 1744 3333 numero
1767 3301 1803 3332 T.
1830 3317 1865 3322 —

116 3338 316 3380 distinguant
336 3352 470 3379 numero
493 3347 530 3379 L.
558 3365 593 3371 -
624 3347 676 3379 27.
703 3347 868 3388 quispiam
890 3355 935 3382 esc
951 3351 1187 3389 procuratores
1209 3349 1245 3381 T.

172 3399 287 3434 Cicero
309 3403 342 3434 T.
361 3404 397 3436 11.
1532 3411 1585 3455 32
