2143 3713
648 210 742 251 Cu.
773 209 1074 253 XVI—XVII.
1112 209 1186 265 §§.
1215 208 1270 250 44
1283 232 1338 242 -
1353 210 1418 252 50.
1829 212 1911 254 495

168 323 442 371 nominamus,
471 323 684 377 pertenuis
714 321 776 361 vis
807 321 982 375 intelligi
1006 323 1141 363 debet.
1184 323 1279 362 Vidi
1300 326 1493 370 armatos,
1524 325 1713 376 quamvis
1733 339 1910 379 paucos:

169 398 318 439 magna
347 386 409 425 vis
440 390 519 434 est3
551 383 707 424 decessi
728 383 853 423 unius
874 384 1055 424 hominis
1077 385 1159 424 telo
1187 384 1453 437 proterritus:
1486 384 1671 426 deiectus
1701 388 1913 430 detrusus-

170 462 251 502 que
273 461 376 488 sum.
413 448 502 488 Hoc
522 448 556 488 si
578 447 634 486 ita
654 446 857 493 statuetis,
874 460 956 485 non
979 447 1102 486 modo
1124 460 1205 486 non
1228 446 1318 494 erit,
1339 460 1411 486 cur
1432 447 1670 499 depugnare
1690 451 1911 504 quisquam

168 511 341 563 posthac
370 509 644 563 possessionis
674 520 797 547 causa
817 508 935 555 velit,
967 509 1039 548 sed
1060 522 1113 548 ne
1133 508 1237 549 illud
1259 509 1441 561 quidem,
1472 523 1545 549 cur
1563 522 1817 563 repugnare;
1849 516 1912 554 sin

168 578 305 613 autem
335 573 417 612 vim
448 572 535 612 sine
565 570 712 617 caede,
753 570 842 609 sine
874 571 1184 618 vulneratione,
1223 571 1313 610 sine
1343 571 1544 624 sanguine
1574 572 1732 613 nullam
1761 575 1943 619 intelli-5

169 637 286 688 getis,
318 633 504 674 statuetis
533 631 722 671 homines
752 633 1032 684 possessionis
1062 632 1297 686 cupidiores
1319 645 1443 686 quam
1464 633 1572 673 vitae
1594 648 1686 675 esse
1708 644 1913 690 oportere.

278 696 405 736 xvfl.
426 692 491 734 48.
510 694 597 747 Age
618 706 729 740 vero,
750 693 801 733 de
823 694 861 733 vi
883 700 920 734 te
943 695 1078 747 ipsum
1098 694 1260 734 habebo
1282 695 1476 743 iudicem,
1496 696 1660 736 Aebuti.
1680 698 1913 751 Responde,

168 761 201 800 si
232 760 306 800 tibi
336 758 508 798 videtur.
562 755 610 794 In
639 754 816 795 fundum
849 756 1026 796 Caecina
1055 761 1192 796 utrum
1222 756 1389 796 tandem
1419 758 1553 798 noluit
1582 772 1634 798 an
1666 773 1749 799 non
1779 763 1916 814 potuit

167 820 389 862 accedere?
448 818 550 858 Cum
581 823 621 857 te
661 817 870 857 obstitisse
910 824 950 859 et
990 818 1223 871 reppulisse
1264 818 1390 867 dicis,
1430 825 1540 860 certe
1580 821 1691 861 hunc
1730 822 1914 863 voluisse

166 882 372 923 concedis.
429 882 549 921 Potes
579 880 706 933 igitur
735 880 870 920 dicere
901 894 986 920 non
1017 881 1055 920 ei
1085 880 1168 920 vim
1199 880 1328 921 fuisse
1357 882 1678 935 impedimento,
1708 884 1789 932 cui,
1821 899 1964 930 cumw

165 949 334 998 cuperet
363 956 496 996 eoque
533 942 709 982 consilio
748 943 950 990 venisset,
989 956 1064 996 per
1099 942 1291 983 homines
1333 950 1498 984 coactos
1538 945 1695 985 licitum
1737 960 1822 987 non
1863 949 1917 990 sit

163 1005 390 1046 accedere?
448 1004 490 1044 Si
522 1004 632 1044 enim
663 1004 725 1051 id,
771 1004 884 1057 quod
925 1005 1105 1044 maxime
1136 1005 1289 1053 voluit,
1335 1006 1449 1046 nullo
1494 1006 1619 1047 modo
1658 1010 1810 1061 potuit,
1855 1011 1915 1050 vis

164 1068 347 1121 profecto
380 1065 587 1120 quaedam
619 1066 824 1106 obstiterit
854 1080 1025 1106 necesse
1058 1072 1133 1114 est,
1163 1072 1234 1107 aut
1264 1072 1307 1107 tu
1340 1068 1418 1115 dic,
1452 1082 1578 1122 quam
1609 1070 1662 1110 ob
1691 1085 1791 1120 rem,
1822 1087 1913 1114 cum

163 1130 287 1169 vellet
315 1128 538 1176 accedere,
568 1142 653 1169 non
684 1129 916 1169 accesserit.
976 1127 1041 1168 49.
1071 1130 1157 1170 Iam
1186 1130 1268 1170 vim
1299 1130 1448 1170 factam
1478 1145 1630 1185 negare
1660 1147 1745 1174 non
1773 1141 1914 1188 potes:

163 1191 349 1232 deiectus
381 1204 505 1244 quem
535 1191 587 1230 ad
607 1191 775 1231 modum
798 1192 862 1237 sit,
894 1191 965 1244 qui
987 1205 1070 1231 non
1091 1194 1325 1239 accesserit,
1356 1192 1397 1231 id
1419 1195 1646 1245 quaeritur.
1694 1197 1966 1241 Demoveriff,

163 1255 273 1295 enim
304 1259 345 1294 et
373 1253 527 1307 depelli
559 1253 609 1293 de
639 1253 731 1293 loco
763 1266 935 1293 necesse
966 1258 1029 1293 est
1059 1267 1167 1301 eum,
1199 1255 1271 1307 qui
1302 1254 1539 1303 deiiciatur;
1570 1256 1612 1296 id
1644 1264 1784 1299 autem
1807 1260 1915 1300 acci-

164 1317 260 1356 dere
291 1316 329 1356 ei
362 1316 434 1370 qui
466 1320 614 1368 potest,
645 1315 716 1369 qui
747 1316 917 1355 omnino
947 1316 990 1355 in
1021 1329 1070 1355 eo
1100 1315 1350 1371 loconunde
1381 1330 1425 1356 se
1457 1317 1665 1358 deiectum
1687 1334 1779 1361 esse
1801 1323 1914 1370 dicit,

162 1391 390 1432 numquam
418 1378 523 1418 fuit?
568 1377 710 1425 Quid?
741 1379 775 1417 si
803 1377 953 1418 fuisset
983 1383 1024 1418 et
1053 1392 1106 1418 ex
1138 1391 1186 1419 eo
1215 1378 1307 1419 loco
1338 1384 1453 1418 metu
1480 1386 1695 1432 permotus
1725 1382 1914 1436 fugisset,

160 1455 255 1481 cum
285 1446 464 1480 armatos
494 1440 686 1486 vidisset,
733 1440 948 1480 diceresne
979 1454 1070 1481 esse
1111 1440 1344 1481 deiectum?
1404 1441 1578 1495 Opinor.
1634 1446 1699 1484 An
1729 1449 1797 1494 tu,
1843 1446 1914 1500 qui

161 1508 243 1543 tam
273 1503 493 1555 diligenter
523 1507 563 1543 et
583 1508 665 1541 tam
684 1502 833 1542 callide
855 1503 991 1542 verbis
1012 1503 1330 1551 controversias,
1359 1517 1444 1544 non
1465 1505 1674 1557 aequitate
1695 1507 1914 1555 diiudicaS,
1928 1523 1965 1554 20

161 1570 201 1604 et
229 1565 318 1604 iura
357 1577 441 1605 non
483 1565 660 1604 utilitate
690 1565 922 1612 communi,
963 1566 1035 1605 sed
1072 1565 1219 1605 litteris
1259 1566 1480 1618 exprimis,
1522 1569 1735 1619 poterisne
1775 1569 1913 1610 dicere

161 1627 365 1668 deiectum
395 1640 485 1667 esse
517 1641 624 1675 eum,
655 1627 728 1681 qui
758 1632 888 1667 tactus
920 1640 1003 1667 non
1035 1628 1141 1667 erit?
1173 1627 1313 1676 Quid?
1346 1628 1557 1669 detrusum
1588 1630 1785 1671 dicesne?
1817 1645 1913 1672 nam

161 1702 210 1729 eo
241 1689 366 1730 verbo
398 1694 520 1729 antea
549 1694 759 1742 praetores
790 1689 834 1728 iu
862 1689 941 1728 hoc
971 1689 1190 1729 interdicto
1221 1690 1283 1730 uti
1314 1690 1516 1731 solebant.
1578 1691 1690 1739 Quid
1720 1693 1809 1733 ais?
1839 1707 1914 1748 po-

162 1757 294 1792 testne
325 1751 488 1791 detrudi
520 1751 763 1804 quisquam,
803 1752 874 1804 qui
905 1765 989 1791 non
1023 1752 1267 1804 attingitur?
1316 1765 1478 1801 nonne,
1520 1754 1555 1792 si
1592 1755 1765 1795 verbum
1795 1758 1913 1810 sequi

163 1814 365 1861 volumus,
393 1813 474 1853 hoc
495 1813 771 1865 intelligamus
792 1827 964 1853 necesse
986 1819 1061 1861 est,
1093 1828 1187 1853 eum
1208 1814 1384 1862 detrudi,
1404 1815 1469 1854 cui
1489 1828 1637 1856 manus
1658 1817 1914 1858 afferantur?
1928 1840 1965 1870 <25

162 1877 338 1915 Necesse
370 1880 454 1922 est,
500 1876 689 1927 inquam,
728 1875 762 1914 si
792 1876 843 1915 ad
875 1876 1045 1915 verbum
1075 1889 1162 1916 rem
1191 1876 1380 1916 volumus
1411 1876 1662 1931 adiungere,
1706 1880 1914 1920 neminem

164 1938 290 1978 statui
328 1938 561 1985 detrusum,
607 1937 679 1991 qui
718 1951 802 1978 non
840 1938 1024 1978 adhibita
1052 1939 1093 1978 vi
1124 1950 1248 1977 manu
1279 1938 1468 1979 demotus
1501 1944 1542 1979 et
1570 1945 1686 1980 actus
1715 1954 1913 1995 praeceps

163 2001 429 2053 intelligatur.
487 1998 553 2039 ὅθ.
596 2000 790 2039 Deiectus
820 2014 918 2040 vero
950 2001 1021 2053 qui
1051 2005 1188 2054 potest
1217 2015 1308 2041 esse
1341 2002 1584 2054 quisquam,
1625 2002 1705 2042 nisi
1736 2003 1779 2043 in
1809 2004 1915 2045 infe-

162 2064 312 2103 riorem
342 2063 477 2102 locum
510 2063 560 2102 de
591 2063 804 2114 superiore
835 2065 998 2103 motus?
1047 2065 1187 2103 Potest
1214 2063 1372 2116 pulsus,
1400 2063 1579 2116 fugatuS,
1610 2064 1765 2107 eiectus
1796 2067 1914 2107 deni-

163 2138 264 2178 que:
304 2124 407 2164 illud
436 2137 534 2164 vero
564 2125 680 2164 nullo
712 2125 835 2164 modo
867 2129 1024 2178 potest,
1055 2125 1241 2164 deiectus
1272 2138 1364 2164 esse
1395 2125 1641 2179 quisquam,
1671 2141 1757 2167 non
1786 2129 1912 2169 modo
1927 2151 1964 2181 30

162 2187 234 2239 qui
264 2191 400 2226 tactus
431 2199 516 2226 non
547 2186 621 2234 sit,
652 2187 726 2227 sed
755 2200 807 2226 ne
837 2187 881 2226 in
902 2200 1036 2240 aequo
1061 2186 1232 2241 quidem
1263 2192 1303 2227 et
1331 2187 1457 2241 plano
1487 2188 1595 2228 loco.
1643 2189 1755 2238 Quid
1785 2193 1913 2243 ergo?

246 2329 276 2360 4.
298 2328 465 2368 pertenuis
485 2327 544 2370 vis]
564 2328 732 2368 pertenuis
751 2329 794 2367 T;
815 2328 966 2368 pertenui
988 2328 1040 2359 uis
1061 2328 1086 2360 E
1100 2337 1119 2360 a
1134 2337 1152 2360 e
1166 2337 1201 2360 m
1213 2338 1235 2370 p
1249 2330 1270 2361 t.
1290 2347 1325 2351 —
1344 2329 1376 2360 2.
1395 2330 1596 2369 proterritus
1618 2338 1698 2362 nos:
1719 2332 1917 2370 perterritus

161 2378 279 2410 ceteri.
307 2378 355 2410 Cf.
383 2377 413 2419 g.
432 2376 484 2409 24.
500 2394 531 2401 -
560 2378 786 2417 dett-ussusque
808 2379 845 2409 T.
866 2395 901 2399 —
927 2379 958 2409 3.
984 2387 1049 2409 non
1070 2379 1166 2409 modo
1190 2379 1223 2410 in
1241 2379 1266 2410 E
1283 2379 1428 2419 margini
1451 2378 1668 2420 adscriptum
1691 2382 1745 2412 est
1767 2390 1786 2412 a
1810 2390 1916 2413 manu

160 2427 367 2459 recentiore.
395 2444 429 2448 —
455 2426 487 2459 4.
515 2451 523 2458 .
541 2451 548 2458 .
564 2450 570 2457 .
588 2453 594 2458 .
613 2428 674 2458 hac
694 2428 904 2467 possessionis
925 2436 1028 2459 causa
1049 2428 1124 2459 velit
1139 2445 1188 2450 --
1203 2428 1416 2468 compositum
1439 2429 1496 2466 qui
1517 2437 1549 2460 se
1567 2437 1655 2467 prae
1673 2454 1679 2460 .
1697 2454 1703 2461 .
1722 2453 1728 2461 .
1746 2455 1753 2462 .
1781 2430 1822 2471 (S.
1847 2430 1914 2469 50.)

161 2476 267 2508 habet
290 2478 325 2509 P.
354 2495 389 2499 -
414 2476 611 2518 repugnare]
636 2477 825 2518 depuqnare
847 2478 883 2509 T.
912 2495 948 2499 —
974 2478 1004 2509 5.
1029 2478 1099 2509 sine
1129 2479 1207 2509 ante
1231 2487 1263 2509 v.
1287 2478 1513 2509 vulneratione
1541 2486 1611 2509 om.
1637 2479 1673 2509 T.
1701 2497 1736 2501 —
1763 2480 1794 2510 6.
1819 2479 1917 2511 intel-

160 2525 264 2566 legitis
285 2527 426 2557 statuitis
448 2528 484 2558 P.
512 2544 547 2548 —
573 2527 604 2558 7.
630 2527 728 2559 habeo
752 2529 787 2559 T.
818 2545 851 2549 —
878 2527 908 2559 8.
941 2528 1076 2559 tandem
1098 2528 1202 2559 noluit
1224 2527 1341 2558 PET:
1377 2527 1482 2558 noluit
1510 2527 1640 2558 tandem
1662 2526 1798 2560 RALss
1812 2529 1849 2560 Ο.
1877 2546 1914 2551 -

161 2574 192 2606 9.
216 2575 393 2614 reppulisse
414 2576 438 2607 P
451 2575 476 2606 E
490 2576 526 2614 T,
551 2576 706 2614 repulisse
727 2577 755 2607 V
769 2576 812 2607 O:
838 2577 1026 2616 repudiasse
1051 2578 1078 2608 G
1090 2586 1108 2607 a
1122 2576 1144 2608 b
1159 2585 1177 2608 e
1190 2585 1225 2608 m
1238 2584 1260 2617 p
1274 2585 1296 2616 q
1314 2576 1376 2617 (pr.
1396 2577 1456 2615 111.)
1476 2578 1488 2608 t
1506 2576 1588 2616 (sec.
1600 2576 1659 2616 m.)
1672 2586 1698 2607 α
1709 2575 1736 2614 β
1749 2579 1784 2609 et
1797 2578 1822 2609 Α
1837 2578 1860 2608 L
1878 2576 1912 2616 ἰῇ

159 2639 358 2671 repugnasse
380 2630 402 2662 k
418 2639 441 2671 q
458 2631 541 2672 (sec.
559 2631 620 2671 m.)
640 2633 652 2663 t
675 2633 738 2673 (pr.
754 2632 828 2672 m.).
849 2650 884 2654 —
912 2633 963 2664 40.
990 2632 1372 2665 CONCEDISSIPOTES
1395 2633 1431 2663 P.
1460 2649 1495 2654 —-
1517 2631 1618 2672 potes]
1642 2635 1717 2672 post
1745 2633 1789 2671 T;
1811 2635 1916 2672 potest

161 2678 372 2721 ampqtss.
399 2699 434 2704 —
460 2681 513 2712 cui
536 2680 620 2722 cum]
645 2682 777 2720 quicum
799 2682 835 2713 P.
863 2682 912 2714 Cf.
940 2682 971 2723 ἓ.
999 2683 1050 2714 45.
1079 2699 1113 2704 -
1140 2683 1192 2714 Μ.
1219 2682 1343 2714 licitum
1365 2691 1431 2714 non
1452 2682 1493 2713 sit
1514 2681 1672 2714 PETO:
1697 2690 1763 2713 non
1784 2682 1827 2713 sit
1848 2681 1917 2713 lici-

161 2732 229 2760 tum
251 2727 400 2762 RALss.
429 2748 466 2753 —
491 2731 544 2762 42.
570 2730 689 2772 potuit]
721 2731 879 2763 DOLUIT
907 2740 1085 2772 superscr.
1116 2732 1196 2763 POT
1221 2733 1257 2763 P.
1286 2749 1322 2755 —
1348 2731 1400 2764 44.
1433 2732 1551 2773 negari
1580 2740 1645 2762 non
1669 2734 1775 2771 potest
1807 2732 1847 2763 A.
1874 2748 1912 2754 —

161 2785 213 2817 45.
239 2785 389 2824 queritur
411 2786 447 2817 T.
463 2802 498 2807 —
515 2786 674 2818 <timuere
697 2785 853 2825 kssetA.
870 2804 904 2808 -
921 2787 972 2818 46.
997 2776 1349 2820 DEPELLJDELOCO
1365 2789 1401 2820 Ρ.
1428 2787 1477 2820 Cf.
1497 2787 1529 2828 g.
1544 2787 1597 2820 42.
1618 2804 1654 2809 -
1672 2790 1716 2818 est
1731 2795 1800 2818 om.
1819 2787 1856 2818 T.
1876 2804 1912 2809 -

161 2834 321 2866 deiciatur
342 2835 367 2866 T
391 2836 437 2871 (et
460 2835 511 2867 sic
534 2836 699 2877 semper).
730 2853 765 2858 —
791 2836 942 2868 accedere
965 2836 989 2867 T
1003 2844 1049 2867 m.
1078 2853 1114 2859 —
1140 2836 1192 2868 48.
1218 2837 1296 2876 quid
1317 2837 1344 2868 si
1368 2838 1392 2868 P
1406 2836 1505 2868 ETL
1520 2836 1564 2868 O:
1590 2837 1676 2876 quod
1697 2837 1725 2867 si
1747 2838 1812 2869 RA
1827 2834 1858 2868 Q.
1877 2854 1912 2860 -

162 2887 192 2915 et
213 2892 281 2916 om.
315 2885 352 2916 T.
380 2902 416 2907 ——
436 2887 602 2924 permotos
630 2885 667 2916 T.
694 2901 728 2906 —
755 2884 809 2916 20.
842 2884 946 2916 calide
975 2884 1083 2916 uerbis
1112 2886 1370 2918 controuersiam
1398 2887 1434 2918 P.
1463 2903 1498 2907 —
1524 2886 1577 2917 22.
1607 2886 1763 2918 delectum
1785 2888 1822 2918 P.
1863 2885 1913 2918 Cf.

163 2938 194 2979 ἓ.
219 2940 272 2971 76.
298 2939 350 2972 79.
376 2940 429 2972 87.
458 2948 519 2981 pro
545 2940 702 2978 Quinctio
727 2940 758 2981 g.
776 2940 807 2972 8.
835 2941 886 2972 62.
912 2940 1011 2971 Verr.
1038 2942 1162 2972 Aecus.
1188 2942 1243 2972 111.
1271 2940 1302 2981 ἓ.
1321 2941 1395 2972 427.
1417 2958 1452 2964 -
1478 2930 1662 2973 TANCTVS
1684 2943 1719 2974 P.
1740 2959 1775 2964 —
1797 2941 1915 2984 Quid‘JJ

165 2989 249 3028 quod
270 2989 306 3021 T.
337 3007 372 3013 —
398 2990 522 3022 dicesne
544 2991 592 3022 P:
628 2990 712 3022 dices
742 2988 928 3023 RALQO.
957 3008 992 3013 —
1017 2990 1071 3022 23.
1096 2990 1130 3021 in
1154 2991 1213 3022 hoc
1236 2987 1465 3023 PETLssO:
1500 2990 1559 3022 hoc
1589 2991 1669 3031 (om.
1695 2990 1743 3031 in)
1772 2991 1849 3023 RA.
1878 3009 1913 3014 -—

164 3075 219 3107 25.
242 3079 392 3108 necessest
406 3078 442 3108 P.
460 3093 497 3100 —
512 3077 566 3108 cui
580 3077 647 3108 iam
662 3085 780 3108 manus
798 3075 975 3118 (particula
991 3077 1060 3107 iam
1076 3077 1322 3118 superscripta)
1339 3077 1376 3108 P.
1394 3094 1429 3100 —-
1441 3077 1639 3118 adferantur
1653 3078 1695 3115 T;
1720 3044 1917 3118 adferantur

166 3125 204 3164 E,
230 3127 284 3157 «et
306 3127 351 3158 ita
374 3126 537 3168 quidem,
568 3129 606 3158 ut
628 3128 648 3158 d
672 3136 713 3159 ex
735 3137 758 3159 u
781 3130 883 3159 antea
907 3128 1037 3168 scripto
1063 3129 1262 3159 correctum
1292 3135 1370 3158 esse
1394 3129 1593 3168 appareat.»
1629 3128 1771 3159 Fsssrxn.
1799 3145 1833 3149 —
1859 3128 1914 3161 26.

166 3179 316 3207 necessest
337 3177 379 3215 P;
403 3185 461 3208 nec
483 3180 527 3208 est
550 3177 576 3208 E
589 3177 613 3208 T
626 3176 686 3208 Gh
699 3186 737 3218 p3
762 3187 802 3210 ne
824 3181 868 3210 esl
892 3186 911 3209 a
926 3186 943 3209 e
959 3185 994 3208 m
1008 3186 1029 3217 q
1044 3178 1056 3207 t
1069 3177 1154 3208 etA.
1173 3194 1206 3200 —
1224 3176 1403 3217 adiungere
1424 3178 1449 3208 P
1463 3177 1506 3208 O:
1532 3177 1669 3209 attinere
1690 3177 1730 3214 k3
1757 3177 1918 3218 atlinqere

169 3222 315 3256 RALQ.
351 3225 400 3257 Cf.
427 3226 471 3258 de
495 3227 626 3258 Inveni.
652 3227 693 3258 ΙΙ.
720 3227 772 3266 47,
799 3227 851 3259 53.
878 3236 912 3269 p.
938 3226 1060 3259 Roscio
1083 3228 1161 3258 Am.
1188 3226 1219 3266 g.
1246 3226 1298 3258 86.
1327 3244 1363 3249 —
1388 3227 1442 3259 27.
1467 3227 1566 3258 statui
1588 3227 1744 3258 PTLO:
1779 3230 1867 3258 statu
1889 3228 1915 3259 R

169 3271 393 3356 ἓξῐῗῗὲΕὲΑ
412 3273 445 3310 2.
463 3293 501 3300 -
527 3276 580 3309 28.
603 3275 692 3317 vero]
721 3276 820 3310 uerbo
843 3278 879 3312 P.
902 3295 937 3301 —
962 3277 1025 3309 nisi
1049 3276 1105 3317 qui
1127 3277 1161 3308 in
1182 3274 1209 3316 β
1230 3276 1265 3308 et
1280 3276 1320 3308 A.
1341 3293 1374 3302 -
1403 3275 1456 3309 3⁴.
1479 3285 1520 3310 ne
1546 3277 1582 3308 in
1603 3284 1707 3316 aequo
1722 3277 1766 3309 P:
1792 3285 1861 3309 om.
1879 3277 1915 3308 in
