2127 3708
229 228 282 269 84
611 225 810 267 ORATIO
840 224 942 266 PRO
974 224 1024 274 Q.
1054 223 1248 266 ROSCIO
1282 222 1539 265 COMOEDO

229 355 342 388 rum,
382 339 453 393 qui
490 351 542 378 ex
581 338 725 379 Cluvio
767 338 1001 378 audierunt.
1059 335 1363 390 [Tizsrnioxlvn
1397 338 1442 375 T.
1474 337 1647 375 Mxximt
1678 346 1731 374 ΕΤ
1763 334 1804 374 C.
1834 335 1976 375 Lrscn

232 398 434 453 Omma]
485 401 627 441 Utrum
659 400 762 439 dicis
792 400 943 438 Luscio
975 404 1015 438 et
1044 400 1214 439 Manilio
1245 413 1297 438 an
1328 404 1367 438 et
1399 398 1543 437 Cluvio
1574 410 1657 436 non
1688 409 1778 435 esse
1809 397 1978 437 creden-

232 465 360 505 dum?
404 463 573 503 Planius
611 467 736 516 atque
776 461 958 514 apertius
1001 461 1146 500 dicam.
1205 462 1294 500 XV.
1335 461 1476 500 Utrum
1509 460 1682 499 Luscius
1715 464 1755 498 et
1783 460 1978 499 Mani-lius

230 527 335 567 nihil
365 525 416 565 de
448 525 524 565 HS
558 536 723 563 cccmoo
756 536 807 562 ex
840 522 985 562 Cluvio
1017 524 1260 570 audierunt,
1292 536 1344 562 an
1377 523 1547 562 Cluvius
1579 521 1728 561 salsum
1759 521 1908 560 Luscio
1941 526 1981 560 et

200 588 403 630 5Manilio
436 587 572 627 dixit?
618 587 707 626 Hoc
739 598 814 635 ego
846 584 938 623 loco
973 585 1110 624 soluto
1143 590 1183 624 et
1215 585 1357 637 quieto
1390 599 1478 624 sum
1511 585 1648 623 animo
1682 588 1742 631 et,
1779 597 1980 636 quorsum

230 651 389 692 recidat
426 663 673 702 responsum
714 654 853 693 tunm,
895 660 979 685 non
1015 661 1164 699 magno
1197 660 1323 699 opere
1354 647 1511 686 laboro.
1571 646 1838 686 Firmissimis
1871 645 1981 685 enim

232 719 273 754 et
302 711 572 753 sanctissimis
612 707 863 750 testimoniis
894 707 1078 747 virorum
1118 709 1371 761 optimorum
1403 721 1527 747 causa
1559 708 1696 747 Roscii
1730 707 1983 747 communita

233 781 308 817 est.
357 773 423 814 44.
456 773 497 812 Si
527 773 607 811 iam
641 771 713 810 tibi
747 769 1019 808 deliberatum
1052 775 1136 816 est,
1170 770 1320 822 quibus
1352 770 1526 821 abroges
1555 768 1675 809 tidem
1700 769 1982 816 iurisiurandi,

232 837 453 892 responde.
512 833 684 874 Manilio
717 838 758 872 ct
791 831 940 870 Luscio
973 844 1099 881 negas
1132 845 1222 871 esse
1255 832 1542 871 credendum?
1594 833 1690 879 Dic,
1733 833 1852 871 aude.
1910 832 1985 871 Est

184 904 219 933 ⁴0
232 907 327 942 tuae
359 897 665 942 contumaciae,
697 893 959 945 arrogantiae
981 894 1175 946 vitaeque
1198 894 1417 933 universae
1442 908 1534 933 vox.
1579 895 1720 942 Quid?
1752 898 1982 947 exspectas,

234 977 359 1018 quam
390 974 487 1001 mox
517 972 592 1011 ego
614 957 811 997 Luscium
843 960 884 994 et
905 956 1120 995 Manilium
1143 955 1276 994 dicam
1301 956 1448 996 ordine
1480 970 1570 996 esse
1595 962 1820 1003 senatores,
1847 960 1983 995 aetate

233 1024 411 1079 grandes
442 1027 555 1068 natu,
586 1025 732 1059 natura
754 1022 920 1057 sanctos
942 1022 982 1056 et
1006 1017 1248 1069 religiosos,
1281 1018 1414 1070 copiis
1435 1018 1493 1057 rei
1515 1018 1730 1058 familiaris
1752 1018 1983 1071 locupletes

234 1093 274 1128 et
302 1085 585 1140 pecuniosos?
628 1083 720 1121 Non
751 1080 920 1119 faciam:
952 1079 1056 1118 nihil
1086 1079 1187 1118 mihi
1219 1080 1454 1127 detraham,
1486 1094 1579 1120 cum
1610 1081 1692 1121 illis
1723 1086 1892 1121 exactae
1917 1093 1984 1120 ae-

234 1150 330 1190 tatis
364 1141 653 1202 [severissime]
677 1144 869 1189 fructum,
902 1155 1026 1194 quem
1047 1147 1308 1189 mernerunt,
1340 1143 1577 1182 retribuam.
1622 1144 1753 1196 Magis
1775 1158 1865 1184 mea
1885 1145 1985 1184 ado-

185 1210 434 1253 ¹¹5lescentia
477 1208 637 1261 indiget
673 1206 840 1245 illorum
871 1204 990 1243 ‘bona
1030 1203 1339 1243 existimatione
1371 1218 1494 1257 quam
1527 1205 1692 1244 illorum
1724 1206 1987 1246 severissima

235 1278 427 1316 senectus
458 1271 669 1310 desiderat
699 1282 833 1308 meam
863 1266 1041 1305 laudem.
1113 1264 1177 1305 14-55.
1210 1266 1300 1305 Tibi
1332 1280 1454 1314 vero,
1494 1267 1610 1314 Piso,
1653 1267 1725 1306 diu
1756 1267 1987 1307 deliberan-

236 1338 334 1377 dum
365 1340 406 1375 et
435 1332 785 1386 concoquendum
817 1334 899 1375 est,
938 1333 1077 1367 utrum
1114 1329 1254 1381 potius
1287 1328 1494 1368 Chaereae
1526 1329 1705 1368 iniurato
1737 1330 1779 1369 in
1811 1343 1886 1370 sua
1915 1329 1987 1369 lite

226 1413 289 1440 >an
327 1397 499 1439 Manilio
533 1399 573 1434 et
600 1393 751 1433 Luscio
784 1391 928 1431 iuratis
959 1391 1002 1429 in
1033 1391 1169 1430 alieno
1202 1390 1358 1429 iudicio
1391 1390 1546 1430 credas.
1592 1391 1797 1431 Relictum
1822 1397 1904 1440 est,
1943 1396 1990 1430 ut

238 1460 429 1501 Cluvium
458 1457 608 1497 falsum
639 1455 794 1494 dixisse
815 1453 967 1492 Luscio
1000 1457 1040 1492 et
1072 1453 1243 1493 Manilio
1273 1453 1517 1493 contendat:
1550 1454 1663 1506 quod
1694 1454 1727 1493 si
1756 1453 1875 1501 facit,
1907 1467 1990 1507 qua

188 1525 223 1555 20
237 1521 498 1577 impudentia
538 1523 621 1566 est,
663 1529 811 1556 eumne
842 1520 989 1555 testem
1021 1515 1295 1567 improbabit,
1328 1529 1451 1568 quem
1483 1515 1660 1554 iudicem
1691 1516 1908 1567 probarit?
1951 1516 1988 1555 ei

238 1586 406 1639 negabit
437 1582 548 1623 credi
580 1584 793 1633 oportere,
826 1577 892 1617 cui
923 1577 1010 1629 ipse
1042 1577 1295 1616 crediderit?
1329 1578 1417 1616 eins
1450 1577 1563 1616 testis
1593 1578 1643 1616 ad
1666 1577 1845 1617 iudicem
1866 1576 1989 1617 fidem

238 1646 484 1693 infirmabit,
524 1643 641 1683 cuius
673 1645 844 1694 propter
874 1637 995 1678 [idem
1027 1645 1066 1679 et
1096 1639 1343 1691 religionem
1374 1639 1524 1678 indicis
1557 1644 1680 1679 testes
1713 1641 1988 1693 compararit?

239 1724 364 1765 quem
395 1721 471 1761 ego
504 1707 537 1746 si
567 1705 716 1745 serrem
748 1702 948 1748 iudicem,
979 1702 1168 1753 refugere
1201 1715 1283 1741 non
1313 1702 1500 1749 deberet,
1533 1716 1625 1741 cum
1657 1706 1803 1741 testem
1834 1702 1990 1756 produ-

240 1788 351 1820 cam,
394 1768 700 1823 reprehendere
746 1764 941 1804 audebit'?
1008 1764 1115 1802 xvi.
1156 1761 1221 1801 4-6.
1267 1764 1377 1802 Dicit
1407 1764 1537 1810 enim,
1581 1764 1739 1817 inquit,
1785 1765 1989 1805 iniuratus

190 1838 227 1869 25
240 1834 390 1875 Luscio
428 1837 469 1871 et
498 1830 682 1871 Manilio.
744 1828 785 1867 Si
817 1826 975 1866 diceret
1004 1826 1176 1872 iuratus,
1207 1825 1428 1865 crederes?
1471 1827 1521 1865 At
1552 1826 1653 1878 quid
1683 1826 1856 1867 interest
1883 1828 1992 1867 inter

240 1897 454 1950 periurum
486 1898 527 1933 et
557 1890 831 1931 mendacem?
883 1887 965 1935 Qui
996 1888 1161 1927 mentiri
1194 1888 1317 1935 solet,
1349 1888 1535 1940 peierare
1567 1888 1797 1928 consuevit.
1856 1889 1990 1937 Quem

241 1972 343 2011 ego,
388 1961 434 1996 ut
462 1955 706 2001 mentiatur,
738 1952 933 1991 inducere
964 1964 1157 2003 possum,
1189 1955 1234 1989 ut
1256 1951 1436 2003 peieret,
1468 1962 1642 1989 exorare
1677 1949 1798 1989 facile
1828 1956 1990 2003 potero.

239 2021 366 2067 Nam,
410 2017 483 2072 qui
513 2016 641 2057 semel
671 2028 694 2055 a
724 2013 898 2054 veritate
933 2010 1122 2059 deflexit,
1153 2013 1221 2052 hic
1254 2013 1415 2052 minore
1446 2012 1650 2064 religione
1680 2012 1731 2051 ad
1761 2013 1991 2065 periurium

241 2097 367 2137 quam
406 2081 458 2120 ad
498 2078 759 2118 mendacium
792 2074 963 2128 perduci
996 2075 1226 2114 consuevit.
1289 2075 1392 2122 Quis
1424 2075 1535 2114 enim
1567 2074 1862 2127 deprecatione
1893 2076 1993 2116 deo-

191 2149 227 2179 30
240 2160 344 2193 rum,
375 2157 460 2183 non
491 2139 772 2181 conscientiae
803 2136 881 2176 lide
913 2140 1230 2177 commovetur?
1290 2139 1514 2189 Propterea
1545 2150 1651 2189 quae
1679 2150 1816 2189 poena
1846 2138 1897 2177 ab
1929 2137 1992 2177 dis

241 2204 544 2248 immortalibus
574 2201 765 2254 periuro,
796 2200 900 2238 haec
931 2200 1076 2238 eadem
1106 2198 1295 2238 mendaci
1327 2199 1551 2238 constituta
1582 2204 1655 2237 est.
1695 2200 1788 2238 Non
1809 2200 1919 2239 enim
1941 2212 1990 2238 ex

241 2269 435 2323 pactione
464 2265 708 2309 verborum,
740 2262 891 2315 quibus
922 2261 1210 2300 iusiurandum
1232 2261 1623 2313 comprehenditur,
1655 2260 1726 2299 sed
1748 2274 1801 2301 ex
1819 2260 1994 2314 perfidia

243 2336 284 2371 et
313 2329 493 2375 malitia,
524 2340 600 2380 per
630 2339 754 2379 quam
788 2324 964 2363 insidiae
990 2323 1218 2362 tenduntur
1238 2324 1383 2370 alicui,
1416 2323 1456 2362 di
1480 2323 1732 2362 immortales
1753 2323 1992 2363 hominibus

241 2393 363 2434 irasci
394 2396 434 2431 et
464 2402 704 2430 suscensere
736 2390 1002 2427 consuerunt.
1052 2383 1117 2424 4-7.
1148 2387 1200 2425 At
1230 2399 1305 2437 ego
1336 2386 1416 2424 hoc
1448 2399 1500 2424 ex
1528 2386 1735 2424 contrario
1761 2386 1992 2426 contendo:

193 2455 376 2495 35levior
413 2456 522 2493 esset
561 2450 785 2490 auctoritas
817 2448 973 2495 Cluvii,
1013 2448 1045 2487 si
1079 2449 1233 2488 diceret
1264 2448 1442 2495 iuratus,
1483 2461 1607 2500 quam
1638 2460 1748 2487 nunc
1779 2452 1861 2496 est,
1901 2462 1995 2489 cum

244 2517 346 2556 dicit
382 2516 599 2554 iniuratus.
659 2514 764 2551 Tum
804 2512 914 2551 enim
951 2510 1124 2550 forsitan
1166 2510 1365 2563 improbis
1403 2510 1525 2549 nimis
1563 2508 1739 2562 cupidus
1768 2510 1994 2559 videretur,

244 2578 338 2632 qui,
379 2589 462 2630 qua
492 2576 542 2615 de
572 2588 616 2614 re
647 2574 774 2613 iudex
804 2572 975 2620 fuisset,
1016 2574 1133 2613 testis
1175 2577 1306 2613 esset:
1348 2586 1458 2611 nunc
1491 2571 1683 2612 omnibus
1713 2571 1894 2613 inimicis
1923 2585 1996 2613 ne-

329 2696 358 2726 ι1.
387 2694 612 2725 Τεδῑυιωίνη
633 2708 685 2714 --
709 2692 840 2722 Geumi:
864 2698 932 2721 om.
960 2692 1021 2721 aG
1035 2691 1065 2721 M
1079 2691 1116 2721 A.
1154 2689 1293 2722 Addidit
1321 2689 1546 2720 Hotomanus.
1576 2706 1610 2710 —
1641 2688 1672 2719 ⁴2.
1699 2689 1821 2721 manlio
1844 2691 1928 2723 MA.
1957 2708 1992 2714 -—

242 2744 273 2776 3.
298 2744 442 2775 manlius
465 2743 546 2774 MA.
576 2760 610 2764 —
637 2741 667 2773 4.
692 2741 813 2781 falsum
836 2741 872 2771 L.
898 2741 1012 2771 Luscio
1036 2751 1071 2772 α.
1104 2758 1137 2761 —
1164 2742 1194 2772 5.
1220 2739 1341 2771 manlio
1365 2740 1483 2771 aMA.
1506 2757 1539 2760 —-
1567 2738 1596 2769 6.
1623 2738 1758 2778 recidat]
1783 2741 1898 2772 laudat
1922 2740 1994 2782 (sic)

242 2795 291 2833 M,
318 2793 427 2824 tendat
450 2793 493 2822 A‘.
511 2810 544 2813 —
570 2800 768 2831 magnopere
791 2792 852 2821 at}
868 2791 898 2821 M
913 2792 937 2821 A
952 2790 1021 2823 Lss.
1045 2809 1077 2811 —
1106 2791 1135 2821 9.
1162 2789 1286 2821 Manlio
1302 2790 1377 2819 αΛ.
1401 2806 1434 2810 -
1464 2788 1513 2819 «10.
1536 2788 1619 2826 Quid
1642 2789 1936 2828 easspectasALss.
1957 2809 1992 2814 —

243 2843 255 2873 1!
271 2843 295 2874 Ι.
320 2841 482 2873 Manlium
498 2842 535 2871 Α.
558 2858 591 2861 —
619 2840 670 2870 «¹2.
697 2840 807 2880 copiis]
831 2840 965 2879 soi-luna
982 2843 1011 2870 ct
1028 2840 1128 2878 capiis
1144 2841 1179 2870 1..
1202 2858 1234 2861 —
1261 2839 1313 2869 113.
1333 2838 1411 2868 nihil
1435 2838 1510 2868 mihi
1534 2838 1713 2879 detraham]
1737 2849 1803 2871 non
1825 2840 1998 2872 detraham

243 2901 287 2929 α,
313 2900 352 2922 ue
367 2890 445 2920 milii
463 2889 634 2920 dcli-aliam
650 2889 710 2920 Th.
728 2890 932 2920 Mommsen.
955 2907 988 2910 —
1017 2888 1112 2919 «sort.
1134 2889 1250 2920 aciatis
1265 2888 1461 2919 severissime
1477 2891 1630 2918 eraclae»
1651 2896 1718 2928 mg.
1735 2888 1775 2928 8;
1801 2890 1997 2922 severissime

243 2940 395 2979 glossam
413 2948 490 2970 csse
509 2939 731 2978 desumptam
751 2947 768 2969 e
786 2948 818 2968 v.
836 2938 886 2968 45.
906 2940 1079 2978 perspexit
1098 2939 1158 2969 Th.
1178 2939 1388 2975 Mommsen3
1416 2938 1530 2976 itaque
1548 2936 1767 2970 seclusimus.
1789 2957 1823 2961 —
1850 2940 1902 2971 45.
1926 2938 1999 2970 esti-

243 2990 385 3020 matione
401 2999 426 3018 α
438 2989 475 3026 G,
493 2988 705 3018 cxlimalioac
721 2988 767 3025 M,
794 2988 1016 3018 aeslimalione
1031 2990 1066 3019 A.
1084 2988 1336 3027 (e.t·isti›11ati011e
1353 2988 1420 3018 iam
1438 2987 1595 3025 Iuntina.)
1613 3005 1647 3009 ——
1671 2988 1722 3019 48.
1738 2989 1860 3020 manlio
1875 2988 1995 3020 αΜΑ.

248 3058 281 3061 -—
308 3039 455 3070 relictum
478 3048 503 3068 α
516 3037 602 3068 GM:
629 3037 789 3074 reliquum
806 3036 895 3069 AL&
908 3038 945 3067 O.
964 3054 998 3057 —
1027 3038 1077 3067 119.
1098 3037 1218 3067 munilia
1234 3037 1265 3068 M
1277 3039 1315 3068 A.
1338 3055 1371 3058 -
1399 3045 1464 3074 qua
1482 3037 1681 3075 impudentia
1696 3038 1768 3068 est?
1791 3039 1815 3069 L
1830 3037 1863 3072 ἓ.
1887 3055 1921 3060 —-
1940 3037 1993 3068 20.

244 3088 367 3130 eumne]
384 3097 457 3119 cum
474 3096 512 3118 vie
528 3096 563 3117 α.
586 3104 619 3107 -
640 3086 678 3127 ci]
697 3095 736 3118 ea
753 3096 787 3118 α.
803 3104 836 3108 -
858 3086 908 3117 21.
924 3087 1020 3126 fidem
1038 3095 1106 3116 om.
1125 3096 1202 3117 α.-
1222 3086 1274 3117 22.
1293 3086 1496 3125 comparari!
1515 3084 1684 3116 Halmius:
1703 3085 1907 3125 comparabit
1921 3085 1998 3117 Met

245 3138 351 3168 Oxon.
371 3146 413 3175 χ,
439 3136 654 3175 comparabat
677 3138 700 3167 A
718 3138 740 3167 L
756 3136 775 3169 ἓ
792 3136 827 3166 O.
850 3153 885 3156 —
912 3136 962 3167 ⁵23.
990 3135 1073 3176 cum]
1099 3145 1172 3167 eum
1195 3145 1268 3167 cum
1284 3137 1319 3167 L.
1343 3153 1376 3157 —
1403 3135 1455 3167 ei.
1475 3136 1562 3166 Dicit
1585 3136 1707 3167 aGM:
1734 3137 1830 3168 Diasit
1845 3133 1994 3168 ALsso.

246 3186 295 3217 cf.
314 3194 346 3216 v.
366 3187 418 3217 36.
438 3194 472 3227 p.
491 3186 543 3217 85.
562 3194 595 3216 V.
614 3186 643 3216 2.
668 3204 701 3207 —
721 3186 773 3216 25.
794 3185 914 3216 manlio
931 3186 962 3217 M
972 3188 1009 3216 A.
1032 3204 1066 3208 —
1087 3187 1216 3225 diceret]
1234 3187 1365 3217 dia-isset
1378 3187 1405 3217 A
1422 3194 1502 3216 cuin
1521 3185 1641 3217 codice
1660 3186 1781 3218 Ursini.
1803 3204 1837 3209 -
1855 3186 1997 3231 iuratus]

244 3235 408 3266 viniuratus
431 3245 456 3266 α
470 3238 493 3264 (ἰ
507 3236 549 3267 M.
572 3251 606 3256 -—
636 3234 685 3265 28.
712 3235 837 3265 minore
857 3235 916 3265 Th.
937 3236 1149 3266 Mommsen:
1177 3245 1239 3266 non
1254 3236 1379 3267 minore
1407 3245 1431 3266 α
1445 3236 1467 3265 G
1484 3236 1514 3267 M
1527 3237 1571 3274 A,
1599 3244 1663 3266 nau
1678 3236 1804 3267 maiore
1820 3244 1901 3267 cum
1917 3236 1999 3265 Iun-

246 3285 313 3315 tina
333 3284 431 3318 LssO.
454 3303 488 3307 —
514 3284 567 3315 29.
592 3284 835 3323 praedicatione
859 3294 894 3315 α.
916 3302 951 3306 -
978 3285 1028 3316 30.
1054 3286 1228 3317 l’raelerea
1252 3285 1444 3317 Turnebus.
1467 3304 1501 3308 —
1528 3284 1579 3326 ab]
1605 3294 1627 3317 α
1649 3295 1685 3318 α.
1703 3301 1738 3311 ·—
1761 3284 1812 3318 32.
1832 3284 1998 3326 pactione]

240 3335 432 3374 peractione
448 3333 529 3369 cod.
548 3333 711 3367 Ursini.-
731 3334 783 3367 34.
801 3343 983 3370 suscensere
999 3343 1067 3376 mg.
1085 3334 1124 3369 2:
1146 3343 1330 3370 succensere
1346 3336 1464 3367 ceteri.
