2143 3713
455 246 544 287 Lm.
575 245 643 286 Ν.
692 243 788 284 cst.
819 243 1150 284 an—wa.
1187 242 1261 296 §§.
1293 241 1551 286 138-113.
1791 245 1872 287 375

123 359 309 400 conditas
353 358 579 404 habebant,
618 355 856 410 proferunt:
902 356 943 395 in
985 357 1134 409 quibus
1176 355 1402 395 ostendunt
1440 359 1599 405 omnia,
1646 373 1752 412 quae
1784 360 1871 400 dixi

121 421 256 461 ablata
288 434 400 468 esse,
430 420 656 473 perscripta
687 423 727 456 et
758 417 873 470 plura
896 419 1037 464 etiam,
1070 430 1193 470 quam
1216 430 1291 469 ego
1317 418 1435 470 potui
1457 418 1616 459 dicere:
1647 423 1873 475 perscripta

119 488 254 522 autem
284 483 363 523 hoc
395 482 540 528 modo,
572 492 679 526 Qvon
710 492 764 517 1-:x
795 493 902 518 Anne
935 481 1156 519 Misenus:
1189 491 1269 518 noc
1301 490 1355 518 ΕΤ
1387 493 1510 519 111,νό
1531 494 1731 529 messer,
1763 496 1872 529 Qvon

118 558 174 584 Ex
204 558 311 584 Anne
343 545 463 590 lovis,
495 555 601 589 QVOD
631 554 688 581 Ex
719 553 826 580 AEDE
858 542 1018 580 Luserit.
1064 541 1111 580 Ut
1143 540 1321 594 quisque
1352 540 1402 580 iis
1424 541 1546 581 rebus
1569 543 1735 583 tuendis
1759 542 1873 598 [con-

119 603 430 660 servandisque]
464 603 722 657 praefuerat,
754 603 809 642 ita
841 605 1112 656 perscriptum
1144 607 1250 649 erat,
1285 616 1377 642 cum
1399 604 1599 644 rationem
1622 618 1643 644 e
1666 605 1757 658 lege
1778 608 1907 647 red-5

120 668 265 708 derent
304 673 344 707 et
384 679 490 721 quae
522 671 767 718 acceperant
798 666 958 705 tradere
991 665 1212 711 deberent,
1251 665 1405 717 petisse
1436 671 1483 705 ut
1513 666 1614 713 sibi,
1657 667 1767 720 quod
1800 682 1871 709 eae

118 745 183 770 res
223 730 438 776 abessent,
478 729 782 780 ignosceretur:
829 727 970 780 itaque
1010 740 1153 767 omnes
1194 726 1389 767 liberatos
1430 728 1672 769 discessisse
1711 734 1751 768 et
1781 743 1872 770 esse

117 793 303 845 ignotum
334 790 549 829 omnibus:
581 803 682 843 quas
716 803 791 841 ego
823 790 981 829 litteras
1013 789 1295 841 obsignandas
1321 789 1487 842 publico
1511 790 1630 843 signo
1653 791 1873 844 deportan-

118 855 273 906 dasque
314 852 466 891 curavi.
533 849 618 891 14-1.
659 852 719 891 De
762 851 998 891 laudatione
1037 857 1174 890 autem
1214 852 1318 890 ratio
1360 851 1418 891 sic
1459 852 1561 891 mihi
1597 853 1758 893 reddita
1788 859 1871 895 est:

116 916 294 970 primum
324 927 417 953 cum
448 928 470 954 a
503 914 545 953 C.
577 914 703 952 Verre
735 913 896 953 litterae
927 914 1142 966 aliquanto
1175 919 1270 953 ante
1301 914 1525 954 adventum
1548 928 1685 955 meum
1708 916 1758 957 de
1785 917 1872 957 lau·
1887 930 1922 958 ⁴0

118 978 280 1018 datione
322 977 552 1023 venissent,
593 976 695 1015 nihil
737 989 827 1015 esse
860 977 1092 1016 decretum:
1135 976 1306 1023 deinde,
1349 990 1442 1016 cum
1475 977 1645 1030 quidam
1679 991 1730 1017 ex
1760 979 1872 1019 illius

115 1039 256 1080 amicis
288 1043 600 1078 commonerent
631 1045 823 1091 oportere
856 1038 1047 1085 decerni,
1079 1038 1260 1078 maximo
1292 1039 1473 1079 clamore
1505 1052 1596 1079 esse
1622 1044 1663 1080 et
1683 1041 1872 1081 convicio

115 1100 376 1154 repudiatos:
418 1107 689 1155 posteaquam
721 1114 837 1140 meus
868 1100 1069 1140 adventus
1100 1101 1475 1154 appropinquaret,
1507 1101 1733 1155 imperasse
1765 1115 1872 1149 eum,

117 1162 189 1216 qui
220 1175 421 1202 summam
452 1169 697 1216 potestatem
727 1163 921 1210 haberet,
951 1169 997 1202 ut
1028 1163 1322 1202 decernerent:
1355 1163 1565 1203 decretum
1596 1169 1652 1204 1ta
1683 1177 1798 1212 esse,
1828 1169 1873 1204 ut

116 1225 246 1266 multo
276 1224 368 1278 plus
398 1225 458 1264 illi
489 1225 673 1264 laudatio
705 1225 800 1264 mali
835 1238 957 1278 quam
987 1225 1088 1264 boni
1117 1229 1260 1277 posset
1280 1225 1441 1264 afferre.
1471 1226 1517 1265 ld
1540 1226 1666 1274 adeo,
1696 1226 1871 1275 iudices,
1886 1240 1921 1270 45

115 1292 159 1328 ut
188 1287 288 1327 mihi
319 1287 369 1327 ab
402 1287 485 1326 illis
518 1288 845 1327 demonstratum
877 1292 958 1334 est,
990 1288 1045 1326 sic
1076 1300 1148 1326 vos
1180 1299 1233 1325 ex
1262 1299 1327 1325 me
1359 1288 1610 1339 cognoscite.

227 1351 372 1390 LXIV.
405 1346 497 1389 1142.
528 1351 619 1389 Mos
652 1356 714 1389 est
745 1350 981 1403 Syracusis,
1020 1354 1085 1397 ut,
1127 1349 1162 1388 si
1195 1362 1277 1402 qua
1308 1349 1358 1388 de
1389 1362 1433 1388 re
1463 1350 1514 1389 ad
1545 1355 1734 1391 senatum
1764 1350 1872 1391 refe-

116 1418 246 1460 ratur,
279 1413 386 1452 dicat
416 1413 684 1459 sententiam,
717 1412 789 1465 qui
820 1412 931 1451 velit.
990 1412 1243 1452 Nominatim
1274 1424 1396 1450 nemo
1426 1417 1618 1465 rogatur3
1650 1418 1691 1452 et
1721 1419 1872 1461 tamen,

116 1481 162 1517 ut
192 1474 371 1530 quisque
403 1480 537 1514 aetate
570 1481 609 1514 et
638 1474 797 1514 honore
818 1474 1046 1521 antecedit,
1079 1474 1136 1514 ita
1156 1473 1313 1527 primus
1336 1473 1440 1513 solet
1459 1488 1534 1515 sua
1554 1481 1700 1529 sponte
1721 1475 1871 1524 dicere,

116 1540 255 1593 itaque
286 1551 310 1578 a
340 1537 487 1577 ceteris
519 1537 558 1577 ei
589 1536 853 1584 conceditur:
892 1537 957 1576 sin
988 1537 1212 1590 aliquando
1244 1540 1382 1576 tacent
1413 1549 1579 1584 omnes,
1610 1543 1695 1578 tum
1725 1538 1922 1582 sortit020

117 1604 322 1653 coguntur
351 1599 500 1639 dicere.
562 1600 664 1639 Cum
693 1599 761 1638 hic
792 1613 881 1639 mos
913 1605 1040 1646 esset,
1072 1599 1248 1639 refertur
1277 1599 1328 1638 ad
1354 1605 1542 1639 senatum
1564 1599 1614 1640 de
1636 1600 1874 1641 laudatione

116 1663 270 1704 Verris.
331 1662 376 1700 In
409 1675 492 1715 quo
524 1663 719 1716 primum,
758 1667 801 1701 ut
832 1662 988 1715 aliquid
1021 1667 1128 1701 esset
1160 1674 1321 1708 morae,
1353 1661 1472 1700 multi
1502 1661 1786 1716 interpellant:
1822 1662 1873 1703 de

117 1727 213 1766 Sex.
260 1723 499 1771 Peducaeo,
545 1725 615 1777 qui
660 1724 710 1763 de
756 1724 826 1764 illa
867 1724 1029 1764 civitate
1069 1729 1237 1777 totaque
1268 1723 1483 1776 provincia
1514 1724 1669 1777 optime
1701 1726 1874 1766 meritus

118 1792 249 1834 esset,
289 1799 380 1826 sese
421 1792 560 1833 antea,
599 1799 691 1826 cum
729 1786 943 1826 audissent
983 1786 1020 1825 ei
1060 1786 1270 1838 negotium
1300 1785 1538 1825 facessitum
1570 1800 1748 1841 cumque
1780 1801 1873 1828 eum

117 1850 281 1904 publice
312 1860 387 1901 pro
419 1848 605 1902 plurimis
628 1849 715 1889 eius
739 1854 778 1888 et
798 1850 991 1889 maximis
1013 1849 1168 1888 meritis
1190 1846 1358 1887 laudare
1382 1854 1603 1901 cuperent,
1634 1862 1658 1889 a
1680 1848 1722 1889 C.
1744 1850 1872 1890 Verre
1888 1864 1925 1895 25

117 1911 352 1966 prohibitos
384 1923 499 1951 esse:
530 1911 721 1964 iniquum
753 1925 866 1958 esse,
898 1912 1059 1951 tametsi
1088 1910 1328 1950 Peducaeus
1360 1923 1502 1950 eorum
1523 1910 1763 1952 laudatione
1788 1912 1872 1952 iam

116 1988 199 2014 non
231 1978 436 2020 uteretur,
468 1977 604 2012 tamen
636 1986 718 2012 non
750 1974 792 2013 id
823 1974 937 2027 prius
970 1974 1210 2019 decernere,
1243 1972 1355 2026 quod
1386 1972 1610 2026 aliquando
1631 1973 1873 2022 voluissent,

119 2050 243 2091 quam
284 2035 398 2090 quod
437 2040 525 2075 tum
564 2042 818 2088 cogerentur.
882 2033 973 2075 143.
1016 2036 1285 2076 Conclamant
1315 2049 1458 2075 omnes
1489 2040 1530 2075 et
1559 2035 1790 2090 approbant
1816 2036 1875 2077 ita

116 2098 207 2139 fieri
239 2102 442 2151 oportere.
501 2096 695 2138 Refertur
725 2097 775 2137 de
806 2098 1039 2138 Peducaeo.
1094 2098 1144 2138 Ut
1174 2097 1350 2151 quisque
1382 2102 1515 2137 aetate
1546 2103 1586 2137 et
1613 2098 1772 2138 honore
1801 2111 1874 2139 an-

118 2161 358 2207 tecedebat,
387 2160 444 2199 ita
474 2160 721 2200 sententiam
754 2160 858 2200 dixit
889 2173 942 2200 ex
973 2160 1130 2200 ordine.
1172 2160 1218 2198 ld
1247 2159 1351 2199 adeo
1383 2173 1435 2199 ex
1465 2159 1555 2213 ipso
1587 2166 1753 2200 senatus
1774 2174 1922 2207 con-30

118 2223 226 2264 sulto
247 2222 507 2276 cognoscite:
538 2236 633 2262 nam
653 2223 888 2276 principum
909 2224 1137 2262 sententiae
1160 2222 1358 2276 perscribi
1380 2221 1527 2262 solent.
1558 2223 1710 2263 Recita.
1754 2222 1873 2272 Qvon

203 2365 233 2398 4.
262 2365 300 2396 iis
323 2365 372 2396 R:
399 2364 444 2395 eis
467 2364 503 2395 O.
532 2381 566 2386 -—-
593 2364 718 2395 tuendis
742 2364 807 2401 G3,
833 2363 870 2395 λς
897 2366 1084 2403 tuendisque
1107 2365 1152 2401 R;
1189 2364 1314 2395 tuendis
1336 2364 1630 2404 conservandisque
1653 2364 1757 2397 codd.
1782 2364 1871 2404 rell.,

117 2416 155 2447 Ο.
193 2413 306 2446 Habet
330 2413 417 2445 haec
441 2412 542 2444 lectio
567 2412 718 2453 aliquam
744 2413 983 2445 defensionem
1008 2423 1049 2445 ex
1074 2423 1153 2453 que,
1180 2413 1274 2454 quod
1294 2415 1327 2445 in
1346 2415 1370 2445 R
1387 2415 1554 2446 remansit
1571 2415 1746 2455 priorique
1763 2414 1872 2446 verbo

118 2473 238 2497 errore
263 2463 393 2495 librarii
417 2463 592 2494 adiectum
616 2462 726 2494 xideri
751 2465 875 2504 potest.
913 2465 1104 2503 Iunguntur
1126 2464 1214 2495 haec
1237 2463 1346 2495 verba
1370 2463 1450 2495 alibi
1474 2472 1632 2504 quoque,
1658 2466 1696 2495 ut
1719 2464 1762 2496 de
1787 2465 1871 2505 imp.

119 2515 181 2547 Cn.
208 2515 327 2555 Pomp.
365 2513 396 2554 5.
424 2514 475 2545 12.
525 2514 644 2544 Tuendi
677 2515 794 2544 autem
823 2513 971 2545 verbum
1004 2515 1035 2545 in
1067 2514 1131 2545 hac
1162 2522 1199 2545 re
1231 2514 1410 2554 proprium
1445 2516 1509 2546 est.
1546 2514 1595 2546 Cf.
1622 2515 1645 2545 1.
1672 2513 1702 2554 S.
1730 2513 1802 2546 130.
1829 2514 1873 2546 de

118 2565 221 2605 Legg.
249 2564 302 2595 lll.
331 2563 361 2604 S.
388 2564 418 2595 7.
447 2562 508 2604 [Cf.
537 2563 580 2594 ad
605 2563 658 2594 IV.
686 2563 716 2603 ἓ.
743 2562 809 2603 ’23]
838 2581 871 2585 -
899 2564 929 2595 5.
956 2572 972 2594 e
995 2563 1061 2603 Iege
1083 2564 1195 2594 RGl:
1222 2564 1289 2604 [eye
1313 2563 1378 2602 G‘z,
1404 2563 1487 2600 Ld.;
1513 2571 1555 2594 ez·
1578 2564 1645 2604 leye
1668 2562 1741 2595 rell.
1768 2564 1804 2596 O.
1834 2580 1869 2587 ··-

116 2614 266 2645 redderet
289 2612 374 2644 dett.
395 2614 431 2645 O.
453 2630 487 2635 —
516 2614 545 2644 6.
572 2618 765 2652 acceperant
790 2613 854 2644 G3:
882 2616 1053 2652 acceperat
1075 2614 1120 2649 R,
1147 2612 1232 2644 dett.
1252 2613 1288 2644 Ο.
1309 2630 1344 2635 -
1370 2614 1496 2645 deberet
1519 2614 1649 2645 tradere
1672 2613 1756 2645 dett.
1776 2615 1813 2646 Ο.
1834 2630 1870 2637 —-

117 2672 176 2695 eae
209 2672 261 2694 res
285 2663 374 2694 coni.
401 2662 503 2694 Orelli
528 2664 567 2702 (¹2)
595 2662 694 2702 prob.
723 2663 826 2694 Klotz,
853 2664 887 2693 et
916 2662 1067 2694 Halmio:
1104 2671 1138 2693 ce
1162 2664 1214 2700 (ex
1237 2664 1281 2702 ee)
1305 2671 1357 2694 res
1380 2664 1486 2703 Lg29:
1513 2664 1573 2695 hae
1594 2672 1647 2694 res
1668 2662 1742 2695 rell.
1769 2664 1805 2696 O.
1834 2682 1870 2687 —

118 2713 150 2744 7.
177 2713 280 2743 omnis
303 2712 328 2743 R
353 2721 404 2752 pr.
430 2721 477 2744 m.
506 2731 541 2735 —‹
579 2713 607 2743 9.
640 2713 718 2743 >mihi
747 2721 814 2744 om.
843 2711 925 2743 dett.
953 2714 989 2743 Ο,
1018 2729 1053 2733 -
1091 2712 1142 2743 10.
1169 2712 1206 2743 G.
1234 2713 1275 2749 R3
1313 2712 1346 2744 C..
1374 2721 1443 2744 om.
1471 2712 1554 2744 dett.
1590 2729 1624 2735 —
1663 2713 1714 2744 11.
1745 2721 1788 2745 ea:
1810 2713 1874 2746 illis

119 2762 219 2801 Lagg.
247 2762 387 2802 praeter
410 2760 462 2793 42.
483 2780 517 2784 —
548 2764 598 2793 12.
624 2771 689 2793 esse
711 2762 852 2794 clamore
877 2761 960 2793 dett.
980 2763 1022 2799 0:
1048 2765 1205 2793 concentu
1227 2770 1291 2792 esse
1314 2762 1416 2802 Lgea.
1437 2780 1472 2784 —-
1501 2763 1551 2794 13.
1574 2765 1790 2802 posteaquam
1806 2763 1870 2795 1³3:

118 2815 147 2844 et
177 2815 392 2851 posteaquam
425 2811 509 2843 dett.
557 2813 643 2843 Fort.
672 2814 722 2844 est
747 2811 990 2845 scribendum.
1028 2813 1065 2842 ut
1087 2809 1242 2842 Halmius
1265 2812 1298 2842 in
1323 2811 1440 2843 adnot.
1469 2811 1524 2843 ed.
1551 2813 1640 2852 Lips.
1668 2813 1869 2853 proposuit:

113 2864 228 2901 postea
250 2869 341 2897 cum⁷
376 2862 413 2892 ut
436 2863 471 2892 et
493 2861 688 2901 asyndeton
712 2863 840 2893 vitetur
863 2864 896 2893 et
921 2861 1160 2892 coniunctivus
1185 2861 1378 2902 imperfecti
1402 2864 1499 2894 recte
1524 2871 1561 2894 se
1587 2861 1725 2893 habeat.
1749 2880 1783 2885 -
1809 2871 1873 2902 ap-

114 2911 350 2951 propinquarit
373 2910 457 2941 dett.
483 2911 601 2951 Lagg„
629 2912 653 2943 O
680 2912 786 2952 (adpr.
806 2912 852 2950 R).
884 2929 918 2934 —
947 2912 997 2942 15.
1024 2911 1070 2941 illi
1093 2910 1156 2948 R3,
1182 2909 1225 2941 λ;
1261 2911 1319 2942 illa
1343 2911 1428 2943 dett.
1457 2929 1492 2933 —
1529 2912 1618 2943 laud.
1646 2913 1772 2952 aliquid
1792 2912 1873 2945 mali

118 2961 220 3001 Lagg.
249 2978 285 2983 —
318 2961 419 3000 possit
443 2960 461 2992 6
485 2961 585 3001 Lagg.
613 2961 696 2993 dett.
734 2978 769 2982 —
807 2962 937 3001 adferre
960 2962 996 2992 R.
1034 2977 1068 2983 -
1109 2961 1160 2992 17.
1185 2961 1346 3001 referetur
1367 2962 1393 2993 R
1418 2971 1470 3003 pr.
1497 2970 1543 2993 m.
1570 2964 1658 2994 teste
1682 2961 1870 3000 Bursiano;

118 3011 262 3050 referunt
292 3010 311 3041 Ξ
337 3010 439 3042 codd.
466 3011 600 3049 Lamb„
629 3013 669 3043 61
692 3012 722 3043 2.
763 3009 864 3051 [Leve
890 3012 1025 3048 xitium,
1059 3010 1154 3050 quod
1178 3013 1231 3043 est
1255 3012 1290 3043 itr
1313 3012 1337 3043 R
1361 3020 1413 3052 pr.
1439 3021 1485 3043 m.
1511 3012 1689 3052 referetur,
1723 3020 1795 3044 sec.
1821 3020 1868 3044 m.

119 3069 304 3101 perperam
328 3061 362 3091 in
385 3060 550 3100 reseratur
574 3063 771 3093 correctum
795 3060 949 3096 ridetur,
976 3061 1158 3100 potiusque
1183 3060 1410 3092 scribendum
1435 3063 1510 3092 erat
1529 3062 1688 3102 refertur,
1713 3063 1750 3092 ut
1768 3062 1873 3094 estin

121 3111 201 3149 Lag.
219 3108 270 3141 42.
297 3110 417 3149 HALM]
454 3127 489 3131 —
528 3110 579 3142 19.
604 3111 723 3142 honore
747 3114 775 3142 et
807 3114 912 3141 aetale
939 3111 1038 3150 Lagg.
1066 3109 1148 3140 dett.
1177 3110 1214 3141 O.
1246 3128 1279 3132 —
1312 3111 1407 3150 prius
1430 3110 1514 3142 dett.
1542 3129 1577 3133 —
1613 3112 1665 3143 ΞΟ.
1691 3111 1802 3150 itaque
1824 3111 1870 3143 R3

123 3158 246 3197 (Madv,
270 3168 304 3200 p.
331 3159 422 3199 84.):
450 3160 546 3198 idque
569 3160 653 3191 dett.
679 3161 716 3192 O.
745 3176 778 3182 -
817 3161 843 3191 si
868 3161 997 3199 quando
1023 3163 1151 3191 taceant
1174 3159 1258 3190 dett.
1284 3160 1321 3191 O.
1350 3178 1385 3183 —-
1411 3163 1479 3191 tum
1502 3161 1542 3192 R:
1569 3164 1644 3192 tunc
1667 3158 1740 3191 rell.
1767 3159 1804 3191 Ο.
1833 3177 1869 3181 -

121 3207 173 3239 23.
201 3216 243 3239 ex
264 3209 322 3240 illa
345 3210 446 3249 Lagg.
473 3226 509 3231 —
536 3208 588 3240 24.
614 3218 678 3241 sese
693 3227 740 3232 --
757 3218 830 3240 eum
855 3218 921 3241 om.
950 3209 1013 3246 R33
1040 3209 1073 3240 in
1097 3210 1122 3241 R
1147 3210 1297 3250 spatium
1321 3209 1425 3241 trium
1447 3219 1615 3242 versuum
1638 3217 1791 3241 vacuum
1813 3218 1872 3242 re-

122 3256 242 3288 lictum
266 3259 330 3290 est.
350 3275 385 3281 —
411 3259 464 3290 ς26.
483 3262 562 3290 esset
584 3260 711 3290 tametsi
732 3260 939 3290 Paedncaeus
954 3259 991 3289 R.
1012 3275 1046 3280 —
1074 3259 1125 3289 27.
1144 3267 1207 3289 non
1227 3259 1322 3297 prius
1337 3259 1365 3290 ei
1385 3260 1554 3291 decernere
1569 3261 1648 3300 ng.
1669 3275 1705 3281 -·
1730 3258 1784 3290 28.
1803 3261 1872 3291 lum

123 3307 149 3337 R
166 3305 225 3337 Ld.
244 3307 360 3348 Lagg.:
385 3312 460 3340 tunc
476 3308 496 3340 λ
513 3309 554 3340 61
576 3309 606 3340 2.
628 3327 661 3331 -—
689 3309 873 3349 adprobant
889 3309 969 3339 R.—-
996 3307 1048 3338 31.
1071 3308 1259 3347 principum
1275 3309 1312 3346 R,
1330 3309 1348 3339 ‘A
1366 3309 1468 3341 codd.
1487 3309 1656 3346 Lambini,
1674 3307 1750 3340 Ld.:
1771 3309 1871 3349 prin-

124 3355 244 3396 cipium
267 3358 307 3389 61
330 3358 362 3398 2,
379 3359 530 3401 Lagg.—
557 3360 714 3392 sententia
736 3358 890 3400 1319.-
915 3357 1015 3390 solent
1031 3357 1089 3397 G3,
1107 3357 1127 3389 2
1141 3357 1242 3390 codd.
1260 3357 1439 3390 Lambini:
1464 3359 1542 3392 solet
1558 3360 1584 3391 R
1601 3360 1746 3400 Lagg.—
1771 3358 1868 3402 quod]
