2143 3713
240 211 321 253 ‘234-
393 213 449 254 IN
477 213 698 254 VERREM
726 213 886 254 ACTIO
920 213 1159 253 SECUNDA
1190 214 1278 253 Lm.
1300 214 1350 254 11.
1384 213 1480 254 CAP.
1500 214 1726 256 LXXVIII.
1755 214 1797 268 §.
1818 213 1911 256 49⁶2.

242 325 364 371 tonii,
405 325 520 378 quod
560 325 734 365 crimina
763 325 922 364 diluere
954 324 1157 379 dilucide,
1197 326 1311 378 quod
1348 326 1518 379 copiose
1550 339 1716 366 reorum
1746 340 1891 368 causas
1923 328 1994 368 de-

239 387 409 426 fendere
439 387 635 426 solerent.
679 387 881 426 Nimirum
913 386 972 425 illi
1003 399 1088 425 non
1118 386 1286 438 ingenio
1318 388 1452 427 solum
1475 387 1539 426 his
1571 389 1778 440 patronis,
1810 391 1883 429 sed
1910 390 1993 430 for-

240 453 341 488 tuna
370 448 494 488 etiam
524 449 831 502 praestiterunt.
891 449 1021 487 Nemo
1063 447 1172 486 enim
1204 454 1291 488 tum
1328 450 1385 489 ita
1424 449 1641 501 peccabat,
1683 455 1730 488 ut
1759 450 1993 491 defensioni

240 510 378 549 locum
399 524 484 550 non
505 511 781 564 relinqueret:
813 522 934 548 nemo
957 509 1014 548 ita
1034 509 1219 557 vivebat,
1252 516 1298 550 ut
1319 512 1432 550 nulla
1453 511 1543 551 eius
1566 511 1672 550 vitae
1693 524 1788 564 pars
1810 526 1994 552 summae

208 579 226 608 5
240 571 511 624 turpitudinis
542 578 653 612 esset
682 584 853 624 expers:
885 583 1007 610 nemo
1038 571 1095 610 ita
1126 570 1169 609 in
1200 573 1419 613 manifesto
1450 578 1624 626 peccatu
1655 573 1886 621 tenebatur,
1926 580 1993 622 ut,

239 647 332 674 cum
364 634 587 687 impudens
627 634 775 673 fuisset
805 634 846 672 in
878 632 1011 679 facto,
1048 637 1135 672 tum
1167 634 1450 686 impudentior
1479 634 1713 682 videretur,
1745 635 1776 674 si
1811 641 1994 688 negaret.

352 693 444 736 492.
475 697 592 736 Nunc
623 710 720 735 vero
753 694 854 749 quid
884 694 1009 734 faciat
1038 695 1320 735 Hortensius?
1363 697 1625 736 Avaritiaene
1657 697 1830 737 crimina
1859 697 1997 750 fruga-

238 758 366 798 litatis
397 758 589 798 laudibus
623 758 901 810 deprecetur?
950 757 1004 795 At
1031 755 1244 796 hominem
1275 758 1672 810 flagitiosissimum,
1703 758 1997 800 libidinosissi-

240 834 352 860 mum
383 821 772 873 nequissimumque
805 818 1006 858 defendit.
1065 819 1128 857 An
1160 819 1210 857 ab
1241 819 1318 858 hae
1347 819 1461 860 illius
1493 820 1685 868 infamia,
1717 822 1906 875 nequitia
1926 834 1996 860 ve-

187 892 222 921 1ο
239 887 346 922 stros
377 882 538 922 animos
570 882 611 921 in
642 881 765 921 aliam
796 885 955 933 partem
986 879 1246 919 fortitudinis
1278 883 1673 923 commemoratione
1697 883 1915 922 traducat?
1945 884 1999 922 At

237 945 362 985 homo
394 946 589 990 inertior,
629 942 839 995 ignavior,
880 942 1010 995 magis
1049 943 1113 982 vir
1151 942 1259 982 inter
1290 943 1511 991 mulieres,
1553 945 1716 997 impura
1745 945 1855 985 inter
1885 945 1997 984 viros

238 1006 481 1047 muliercula
512 1005 687 1059 proferri
719 1018 801 1044 non
834 1009 987 1057 potest.
1012 1027 1058 1033 —
1083 1005 1135 1044 At
1166 1018 1302 1044 mores
1325 1006 1545 1045 commodi.
1567 1029 1619 1034 —
1653 1007 1755 1054 Quis
1786 1011 1999 1046 contuma-

239 1070 358 1109 cior?
403 1069 496 1121 quis
536 1068 836 1107 inhumanior?
878 1067 971 1120 quis
1012 1067 1260 1120 superbior?
1300 1090 1352 1097 -—-
1388 1068 1440 1107 At
1478 1068 1580 1108 haec
1619 1069 1709 1109 sine
1749 1069 1998 1122 cuiusquam

238 1131 359 1171 malo.
390 1152 443 1160 —
481 1130 585 1178 Quis
617 1129 834 1170 acerbior?
866 1129 959 1183 quis
990 1129 1263 1169 insidiosior?
1296 1131 1390 1183 quis
1421 1130 1631 1169 crudelior
1659 1145 1859 1184 umquam
1891 1131 1997 1170 fuit?

188 1195 284 1233 15111
315 1193 393 1232 hoc
424 1192 594 1232 homine
626 1196 752 1245 atque
776 1191 819 1231 in
842 1191 931 1231 eius
960 1191 1071 1231 modi
1104 1204 1228 1230 causa
1261 1192 1361 1243 quid
1393 1191 1579 1231 facerent
1608 1205 1753 1231 omnes
1789 1192 1924 1232 Crassi
1959 1197 2000 1232 et

238 1255 447 1296 Antonii?
495 1256 692 1302 Tantum,
725 1254 894 1307 opinor,
926 1254 1147 1293 Hortensi:
1187 1253 1240 1292 ad
1272 1268 1438 1293 eausam
1471 1268 1553 1293 non
1583 1254 1832 1294 accederent
1861 1267 1999 1307 neque

240 1318 282 1358 in
330 1317 501 1358 alterius
547 1317 809 1370 impudentia
853 1316 917 1356 sui
957 1315 1130 1369 pudoris
1171 1315 1524 1355 existimationem
1555 1316 1804 1356 amitterent.
1860 1316 2000 1356 Liberi

241 1381 351 1421 enim
382 1381 433 1420 ad
466 1393 611 1420 causas
643 1379 857 1432 solutique
888 1378 1112 1418 veniebant
1140 1391 1279 1430 neque
1312 1378 1649 1425 committebant,
1691 1383 1754 1426 ut,
1796 1379 1829 1419 si
1865 1379 2001 1432 impu-

241 1442 387 1482 dentes
409 1444 452 1485 in
475 1440 738 1482 defendendo
762 1454 852 1480 esse
874 1441 1127 1487 noluissent,
1159 1440 1309 1492 ingrati
1332 1440 1373 1479 in
1396 1440 1627 1479 deserendo
1649 1440 2001 1480 existimarentur.

324 1619 354 1649 ⁶2.
382 1618 518 1648 solerent
542 1615 631 1656 [ξς-12
648 1616 679 1647 M
693 1624 741 1654 cp:
778 1615 921 1646 solebant
946 1616 1003 1646 ett.
1034 1633 1067 1636 —
1106 1614 1136 1645 3.
1164 1617 1231 1644 lum
1255 1614 1302 1643 ila
1327 1612 1472 1652 ngssz
1510 1612 1556 1642 ita
1582 1615 1691 1643 lamen
1715 1612 1826 1652 Lgffl:
1864 1613 1911 1643 ila
1935 1616 2003 1644 lum

239 1667 332 1701 Klotz
357 1667 480 1708 [recte;
507 1676 539 1698 v.
566 1664 739 1706 supplem.
767 1665 882 1696 adnot.
903 1664 946 1695 1111
972 1674 1003 1704 p.
1025 1663 1097 1702 209,
1117 1662 1197 1703 324:
1224 1666 1299 1693 lunc
1322 1663 1370 1692 rila
1395 1663 1452 1692 cti.
1473 1662 1509 1692 O.
1533 1680 1566 1682 —
1594 1662 1624 1692 5
1648 1666 1784 1700 peccatu
1810 1662 1999 1702 [3126011.

238 1718 412 1750 X111.⁵.>0.:
435 1719 572 1756 peccato
596 1714 638 1746 al.
667 1733 701 1736 —
728 1715 758 1745 7.
784 1715 974 1745 Hortensius
993 1716 1157 1753 patronus
1180 1711 1268 1751 Lglffi
1294 1721 1326 1751 p.
1349 1720 1395 1742 m.
1434 1711 1636 1751 interpretis
1662 1719 1805 1742 manum
1830 1712 2004 1743 convincit

239 1767 344 1798 etiam
369 1765 451 1797 Gell.
482 1766 536 1796 VI.
557 1765 608 1796 16.
630 1782 665 1786 —
692 1764 722 1796 8.
749 1773 858 1795 ans-
875 1762 1053 1803 defendat?
1077 1761 1159 1792 Gell.
1186 1762 1240 1792 Vl.
1269 1762 1334 1800 46„
1361 1760 1420 1791 ulii
1446 1762 1563 1791 tamen
1590 1759 1698 1791 Guelf.
1725 1763 1770 1791 ac.
1800 1777 1834 1782 —-
1860 1761 1891 1792 9.
1917 1761 2004 1792 illius

238 1816 327 1854 Lei-02
354 1824 385 1856 p.
412 1824 479 1846 m.:
505 1815 574 1846 eius
597 1815 655 1845 ott.
682 1814 719 1844 Ο.
749 1831 782 1835 —-
809 1813 950 1852 iufamia
974 1812 1171 1851 nequissima
1195 1813 1238 1847 Λ;
1274 1811 1412 1850 infamia
1435 1810 1599 1849 nequitiae
1623 1810 1779 1841 Hotom:
1806 1810 1924 1850 infami
1946 1820 2004 1842 ne-

239 1866 344 1906 quitia
367 1863 585 1895 Gulielmius:
623 1864 657 1894 at
680 1872 712 1894 v,
742 1864 876 1903 Zumpt.
904 1861 948 1893 ad
973 1862 1005 1893 11.
1033 1861 1054 1892 l.
1084 1879 1119 1883 -
1151 1863 1278 1891 nostros
1313 1859 1413 1899 Lg'rss.
1443 1877 1477 1882 -—
1517 1860 1570 1891 11.
1607 1859 1740 1898 impura
1774 1860 1853 1900 ng.
1881 1869 2003 1893 omnes

240 1920 263 1948 Α
279 1917 302 1947 Β
318 1917 341 1947 C
356 1916 387 1947 M
412 1913 492 1946 Pall.
522 1914 660 1944 Franc.:
695 1921 794 1951 quam
818 1913 866 1947 N;
903 1920 1064 1950 nequam,
1097 1911 1229 1949 impura
1253 1911 1287 1941 1..
1316 1909 1410 1941 1581.
1449 1910 1582 1949 «Legoz
1619 1910 1726 1949 mayis
1747 1910 1800 1940 vir
1821 1911 1906 1941 inter
1928 1920 2004 1942 mw

240 1967 351 2004 lieres,
385 1966 470 1996 inter
499 1964 588 1995 viros
617 1962 832 2000 muliercula3
868 1964 985 1993 cetera
1010 1962 1084 1993 sine
1113 1960 1328 1992 dubitatione
1359 1959 1508 1990 librariis
1531 1958 1707 1990 adscribo.
1745 1960 1850 1991 Miror
1874 1962 2003 1993 etenim

240 2018 332 2048 viros
362 2016 484 2047 doctos
514 2014 670 2045 nondum
700 2012 842 2050 vidisse,
884 2011 1016 2043 nullum
1048 2020 1126 2043 esse
1156 2011 1211 2041 1110
1243 2011 1417 2050 nequitiae
1448 2011 1552 2049 atque
1577 2009 1767 2049 impuritati
1792 2008 1921 2048 locum,
1960 2010 2003 2041 dc

242 2065 369 2106 quibus
395 2066 461 2096 iam
487 2064 807 2095 commemoratum
832 2063 960 2099 fuerat,
988 2061 1049 2093 sed
1075 2062 1104 2093 ei
1131 2063 1280 2097 tautum,
1309 2068 1398 2100 quae
1424 2058 1611 2091 fortitudini
1632 2059 1833 2099 opponitur,
1860 2060 2003 2091 inertiae

242 2120 346 2158 atque
373 2116 540 2156 ignaviae.
578 2115 626 2145 lta
658 2113 701 2145 de
727 2113 845 2145 Clodio
874 2122 904 2153 p.
932 2111 1054 2144 Milone
1080 2122 1110 2142 0.
1137 2112 1189 2142 21.
1218 2111 1360 2141 «mulier
1393 2109 1551 2140 inciderat
1582 2110 1612 2139 in
1637 2109 1758 2139 viros.»
1794 2109 1922 2140 Ennius
1946 2118 2002 2150 up.

245 2167 315 2198 Cic.
342 2166 403 2197 Off.
431 2167 454 2196 1.
484 2165 534 2196 18.
563 2163 671 2195 Plaut.
698 2163 825 2194 Bacch.
856 2163 906 2193 lV.
933 2162 964 2200 8,
990 2160 1021 2192 li.
1048 2170 1081 2201 p.
1109 2162 1240 2192 Muren.
1268 2170 1298 2191 c.
1327 2159 1377 2190 ll.
1419 2158 1504 2189 lllud
1536 2159 1639 2189 etiam
1670 2160 1721 2188 vir·
1747 2158 1833 2189 inler-
1854 2159 2005 2189 mulieres

244 2215 370 2246 eodem
394 2214 546 2255 pertinet
568 2215 713 2252 tamque
739 2213 902 2250 ignavum
927 2212 962 2242 et
986 2209 1126 2241 mollem
1151 2209 1320 2249 significat
1345 2217 1422 2239 esse
1441 2208 1602 2244 Verrem,
1630 2208 1667 2237 ut
1682 2207 1743 2237 xii-i
1762 2215 1890 2238 nomen
1915 2208 2004 2239 inter

245 2263 409 2295 mulieres
434 2263 676 2295 tantummodo
702 2264 854 2298 tucatur,
886 2270 965 2292 cum
991 2261 1080 2291 inter
1103 2261 1195 2290 viros
1220 2257 1421 2290 muliercula
1446 2257 1652 2298 reperiatur.
1689 2258 1809 2297 Neque
1834 2258 1925 2288 euim
1950 2259 2004 2289 te-

245 2322 341 2345 mere
365 2313 472 2353 11111913
495 2312 605 2344 semel
631 2314 684 2344 cst
706 2312 870 2353 positum.
908 2309 1007 2351 Apud
1032 2311 1073 2341 M.
1101 2311 1271 2340 Senecam
1297 2309 1327 2339 111
1353 2316 1510 2349 prooem.
1538 2306 1614 2337 libri
1640 2307 1663 2337 I.
1693 2308 1856 2337 Gonu-ov.
1883 2305 2004 2338 adole-

245 2363 418 2394 scentium
443 2361 603 2393 mollities
628 2361 848 2400 obiurgatur,
876 2368 965 2401 quos
990 2359 1072 2391 dicit
1094 2368 1256 2398 nusquam
1279 2358 1341 2388 nisi
1364 2358 1397 2388 in
1418 2357 1548 2387 libidine
1562 2357 1660 2386 viros.
1687 2355 1784 2387 Adde
1809 2365 1841 2397 p.
1863 2357 2000 2387 Caecin.

245 2421 275 2444 c.
301 2414 355 2444 5.»
382 2413 504 2443 GAnsr.
531 2413 569 2443 ll.
618 2412 686 2443 Etsi
712 2410 820 2442 omitti
847 2411 981 2451 poterat
1005 2410 1153 2448 impura,
1185 2411 1300 2439 tamen
1325 2407 1483 2448 speciosa
1509 2406 1596 2436 liuee
1621 2405 1806 2446 disputatio
1831 2406 2003 2437 Garatonii

246 2470 314 2493 non
350 2461 433 2492 tanti
465 2463 532 2499 est,
569 2464 606 2493 ut
637 2462 704 2492 1100
728 2461 956 2497 adieetivum,
993 2459 1087 2499 quod
1111 2459 1180 2490 11111
1205 2456 1436 2490 contumeliae
1462 2458 1581 2495 auget,
1618 2455 1807 2487 delendum
1830 2455 2001 2487 videatur.

244 2512 354 2551 Magis
377 2512 494 2542 autern
519 2512 622 2543 etiam
648 2511 691 2542 ad
715 2511 848 2550 impura
872 2509 1097 2540 referendum
1119 2517 1198 2539 esse
1223 2508 1290 2539 iam
1316 2507 1435 2538 docuit
1451 2507 1638 2546 Zumptius.
1662 2523 1696 2527 —
1723 2506 1775 2536 46.
1802 2507 1845 2537 ad
1867 2514 2003 2536 causam

244 2561 333 2601 Lgli’z
359 2571 390 2602 p.
411 2570 457 2593 m.
478 2563 527 2594 M:
564 2562 608 2592 ad
629 2561 714 2592 hanc
737 2569 872 2592 causam
896 2561 954 2590 ctt.
981 2559 1018 2590 O.
1047 2577 1081 2582 »-
1108 2567 1210 2597 nequo
1237 2556 1339 2589 codd.
1366 2557 1437 2588 sere
1463 2564 1599 2595 omnes,
1625 2555 1729 2587 etiam
1755 2556 1798 2586 F:
1834 2563 1874 2587 ne
1898 2555 1936 2586 O.
1964 2573 1999 2578 —

248 2611 297 2643 19.
322 2612 496 2643 voluissent
520 2612 609 2651 Lg29
626 2609 667 2642 42
685 2621 714 2651 φ
730 2616 777 2651 ψ.
