<?xml version="1.0" encoding="UTF-8"?>
<!DOCTYPE html PUBLIC "-//W3C//DTD XHTML 1.0 Transitional//EN"
    "http://www.w3.org/TR/xhtml1/DTD/xhtml1-transitional.dtd">
<html xmlns="http://www.w3.org/1999/xhtml" xml:lang="en" lang="en">
 <head>
  <title>
</title>
<meta http-equiv="Content-Type" content="text/html;charset=utf-8" />
  <meta name='ocr-system' content='tesseract 3.04.00' />
  <meta name='ocr-capabilities' content='ocr_page ocr_carea ocr_par ocr_line ocrx_word'/>
</head>
<body>
  <div class='ocr_page' id='page_1' title='image "./p1operaquaesupersu02ciceuoft_0157.png"; bbox 0 0 2175 3718; ppageno 0'>
   <div class='ocr_carea' id='block_1_1' title="bbox 564 229 1914 285">
    <p class='ocr_par' dir='ltr' id='par_1_1' title="bbox 564 229 1914 285">
     <span class='ocr_line' id='line_1_1' title="bbox 564 229 1914 285; baseline 0.001 -12"><span class='ocrx_word' id='word_1_1' title='bbox 564 234 652 273; x_wconf 81' lang='lat' dir='ltr'><strong>Lm.</strong></span> <span class='ocrx_word' id='word_1_2' title='bbox 682 233 713 272; x_wconf 90' lang='lat'><strong>1.</strong></span> <span class='ocrx_word' id='word_1_3' title='bbox 757 230 854 272; x_wconf 69' lang='lat' dir='ltr'><strong>CAP.</strong></span> <span class='ocrx_word' id='word_1_4' title='bbox 885 231 1150 274; x_wconf 86' lang='lat' dir='ltr'><strong>XIV—XV.</strong></span> <span class='ocrx_word' id='word_1_5' title='bbox 1190 230 1264 285; x_wconf 78' lang='lat'><strong>§§.</strong></span> <span class='ocrx_word' id='word_1_6' title='bbox 1295 229 1491 274; x_wconf 59' lang='lat' dir='ltr'><strong>35-4sl,</strong></span> <span class='ocrx_word' id='word_1_7' title='bbox 1833 231 1914 274; x_wconf 71' lang='lat'><strong>1143</strong></span> 
     </span>
    </p>
   </div>
   <div class='ocr_carea' id='block_1_2' title="bbox 150 343 1966 2450">
    <p class='ocr_par' dir='ltr' id='par_1_2' title="bbox 150 343 1966 2450">
     <span class='ocr_line' id='line_1_2' title="bbox 158 343 1913 400; baseline 0.001 -16"><span class='ocrx_word' id='word_1_8' title='bbox 158 343 289 384; x_wconf 83' lang='lat' dir='ltr'>Carbo</span> <span class='ocrx_word' id='word_1_9' title='bbox 321 343 411 384; x_wconf 86' lang='lat' dir='ltr'><strong>fuit.</strong></span> <span class='ocrx_word' id='word_1_10' title='bbox 442 365 496 374; x_wconf 92' lang='lat'><strong>-—</strong></span> <span class='ocrx_word' id='word_1_11' title='bbox 534 344 677 384; x_wconf 85' lang='lat' dir='ltr'><strong>Fuerit</strong></span> <span class='ocrx_word' id='word_1_12' title='bbox 715 343 832 384; x_wconf 89' lang='lat' dir='ltr'><strong>aliis:</strong></span> <span class='ocrx_word' id='word_1_13' title='bbox 874 344 947 384; x_wconf 88' lang='lat' dir='ltr'><strong>tibi</strong></span> <span class='ocrx_word' id='word_1_14' title='bbox 991 344 1160 398; x_wconf 89' lang='lat' dir='ltr'><strong>quando</strong></span> <span class='ocrx_word' id='word_1_15' title='bbox 1193 357 1285 384; x_wconf 88' lang='lat' dir='ltr'><strong>esse</strong></span> <span class='ocrx_word' id='word_1_16' title='bbox 1317 345 1484 397; x_wconf 77' lang='lat' dir='ltr'><strong>coepit?</strong></span> <span class='ocrx_word' id='word_1_17' title='bbox 1531 346 1807 400; x_wconf 83' lang='lat' dir='ltr'><strong>Posteaquam</strong></span> <span class='ocrx_word' id='word_1_18' title='bbox 1838 346 1913 387; x_wconf 90' lang='lat' dir='ltr'><strong>tibi</strong></span> 
     </span>
     <span class='ocr_line' id='line_1_3' title="bbox 156 406 1915 461; baseline 0.002 -15"><span class='ocrx_word' id='word_1_19' title='bbox 156 408 399 459; x_wconf 88' lang='lat' dir='ltr'><strong>pecuniam,</strong></span> <span class='ocrx_word' id='word_1_20' title='bbox 437 420 523 447; x_wconf 88' lang='lat' dir='ltr'><strong>rem</strong></span> <span class='ocrx_word' id='word_1_21' title='bbox 554 406 890 453; x_wconf 79' lang='lat' dir='ltr'><strong>frumentariam,</strong></span> <span class='ocrx_word' id='word_1_22' title='bbox 933 408 1118 447; x_wconf 88' lang='lat' dir='ltr'><strong>rationes</strong></span> <span class='ocrx_word' id='word_1_23' title='bbox 1150 420 1295 446; x_wconf 90' lang='lat' dir='ltr'><strong>omnes</strong></span> <span class='ocrx_word' id='word_1_24' title='bbox 1326 419 1424 446; x_wconf 90' lang='lat' dir='ltr'><strong>suas</strong></span> <span class='ocrx_word' id='word_1_25' title='bbox 1456 408 1772 461; x_wconf 87' lang='lat' dir='ltr'><strong>exercitumque</strong></span> <span class='ocrx_word' id='word_1_26' title='bbox 1803 422 1915 449; x_wconf 90' lang='lat' dir='ltr'><strong>com-</strong></span> 
     </span>
     <span class='ocr_line' id='line_1_4' title="bbox 155 467 1915 523; baseline 0.002 -15"><span class='ocrx_word' id='word_1_27' title='bbox 155 469 281 509; x_wconf 86' lang='lat' dir='ltr'><strong>misit.</strong></span> <span class='ocrx_word' id='word_1_28' title='bbox 340 471 442 509; x_wconf 90' lang='lat' dir='ltr'><strong>Nam</strong></span> <span class='ocrx_word' id='word_1_29' title='bbox 483 469 516 509; x_wconf 91' lang='lat' dir='ltr'><strong>si</strong></span> <span class='ocrx_word' id='word_1_30' title='bbox 556 469 630 508; x_wconf 88' lang='lat' dir='ltr'><strong>tibi</strong></span> <span class='ocrx_word' id='word_1_31' title='bbox 662 474 785 508; x_wconf 89' lang='lat' dir='ltr'><strong>antea</strong></span> <span class='ocrx_word' id='word_1_32' title='bbox 817 469 1125 522; x_wconf 80' lang='lat' dir='ltr'><strong>displicuisset,</strong></span> <span class='ocrx_word' id='word_1_33' title='bbox 1165 468 1275 507; x_wconf 91' lang='lat' dir='ltr'><strong>idem</strong></span> <span class='ocrx_word' id='word_1_34' title='bbox 1306 467 1497 516; x_wconf 82' lang='lat' dir='ltr'><strong>fecisses,</strong></span> <span class='ocrx_word' id='word_1_35' title='bbox 1535 469 1648 521; x_wconf 92' lang='lat' dir='ltr'><strong>quod</strong></span> <span class='ocrx_word' id='word_1_36' title='bbox 1679 483 1788 510; x_wconf 88' lang='lat' dir='ltr'><strong>anno</strong></span> <span class='ocrx_word' id='word_1_37' title='bbox 1820 476 1915 523; x_wconf 93' lang='lat' dir='ltr'><strong>post</strong></span> 
     </span>
     <span class='ocr_line' id='line_1_5' title="bbox 155 530 1914 585; baseline 0.002 -15"><span class='ocrx_word' id='word_1_38' title='bbox 155 532 208 570; x_wconf 87' lang='lat' dir='ltr'><strong>M.</strong></span> <span class='ocrx_word' id='word_1_39' title='bbox 239 531 347 571; x_wconf 90' lang='lat' dir='ltr'><strong>Piso.</strong></span> <span class='ocrx_word' id='word_1_40' title='bbox 407 531 616 579; x_wconf 84' lang='lat' dir='ltr'><strong>Quaestor</strong></span> <span class='ocrx_word' id='word_1_41' title='bbox 645 544 739 569; x_wconf 91' lang='lat' dir='ltr'><strong>cum</strong></span> <span class='ocrx_word' id='word_1_42' title='bbox 771 530 816 569; x_wconf 92' lang='lat' dir='ltr'><strong>L.</strong></span> <span class='ocrx_word' id='word_1_43' title='bbox 848 531 1035 583; x_wconf 84' lang='lat' dir='ltr'><strong>Scipioni</strong></span> <span class='ocrx_word' id='word_1_44' title='bbox 1067 530 1232 570; x_wconf 89' lang='lat' dir='ltr'><strong>consuli</strong></span> <span class='ocrx_word' id='word_1_45' title='bbox 1255 530 1493 582; x_wconf 84' lang='lat' dir='ltr'><strong>obtigisset,</strong></span> <span class='ocrx_word' id='word_1_46' title='bbox 1524 543 1609 570; x_wconf 93' lang='lat' dir='ltr'><strong>non</strong></span> <span class='ocrx_word' id='word_1_47' title='bbox 1632 532 1769 584; x_wconf 82' lang='lat' dir='ltr'><strong>attigit</strong></span> <span class='ocrx_word' id='word_1_48' title='bbox 1790 547 1914 585; x_wconf 91' lang='lat' dir='ltr'><strong>pecu-</strong></span> 
     </span>
     <span class='ocr_line' id='line_1_6' title="bbox 156 591 1963 645; baseline 0.001 -14"><span class='ocrx_word' id='word_1_49' title='bbox 156 593 289 639; x_wconf 85' lang='lat' dir='ltr'><strong>niam,</strong></span> <span class='ocrx_word' id='word_1_50' title='bbox 334 606 417 632; x_wconf 89' lang='lat' dir='ltr'><strong>non</strong></span> <span class='ocrx_word' id='word_1_51' title='bbox 459 591 509 632; x_wconf 92' lang='lat' dir='ltr'><strong>ad</strong></span> <span class='ocrx_word' id='word_1_52' title='bbox 541 593 771 632; x_wconf 88' lang='lat' dir='ltr'><strong>exercitum</strong></span> <span class='ocrx_word' id='word_1_53' title='bbox 802 592 1016 645; x_wconf 85' lang='lat' dir='ltr'><strong>profectus</strong></span> <span class='ocrx_word' id='word_1_54' title='bbox 1048 597 1132 631; x_wconf 87' lang='lat' dir='ltr'><strong>cst:</strong></span> <span class='ocrx_word' id='word_1_55' title='bbox 1174 592 1287 645; x_wconf 90' lang='lat' dir='ltr'><strong>quod</strong></span> <span class='ocrx_word' id='word_1_56' title='bbox 1320 593 1371 632; x_wconf 91' lang='lat' dir='ltr'><strong>de</strong></span> <span class='ocrx_word' id='word_1_57' title='bbox 1402 606 1445 632; x_wconf 92' lang='lat' dir='ltr'><strong>re</strong></span> <span class='ocrx_word' id='word_1_58' title='bbox 1476 593 1645 645; x_wconf 86' lang='lat' dir='ltr'><strong>publica</strong></span> <span class='ocrx_word' id='word_1_59' title='bbox 1676 595 1825 642; x_wconf 88' lang='lat' dir='ltr'><strong>sensit,</strong></span> <span class='ocrx_word' id='word_1_60' title='bbox 1858 596 1913 635; x_wconf 86' lang='lat' dir='ltr'><strong>ita</strong></span> <span class='ocrx_word' id='word_1_61' title='bbox 1945 606 1963 633; x_wconf 82' lang='lat'>5</span> 
     </span>
     <span class='ocr_line' id='line_1_7' title="bbox 154 652 1914 701; baseline 0.002 -7"><span class='ocrx_word' id='word_1_62' title='bbox 154 656 304 701; x_wconf 89' lang='lat' dir='ltr'><strong>sensit,</strong></span> <span class='ocrx_word' id='word_1_63' title='bbox 339 660 383 694; x_wconf 93' lang='lat' dir='ltr'><strong>ut</strong></span> <span class='ocrx_word' id='word_1_64' title='bbox 412 668 488 693; x_wconf 92' lang='lat' dir='ltr'><strong>nec</strong></span> <span class='ocrx_word' id='word_1_65' title='bbox 519 652 640 693; x_wconf 81' lang='lat' dir='ltr'><strong>fidem</strong></span> <span class='ocrx_word' id='word_1_66' title='bbox 672 668 788 693; x_wconf 86' lang='lat' dir='ltr'><strong>suam</strong></span> <span class='ocrx_word' id='word_1_67' title='bbox 816 667 890 692; x_wconf 83' lang='lat' dir='ltr'><strong>nec</strong></span> <span class='ocrx_word' id='word_1_68' title='bbox 915 667 1070 693; x_wconf 90' lang='lat' dir='ltr'><strong>morem</strong></span> <span class='ocrx_word' id='word_1_69' title='bbox 1094 654 1297 693; x_wconf 90' lang='lat' dir='ltr'><strong>maiorum</strong></span> <span class='ocrx_word' id='word_1_70' title='bbox 1321 668 1397 694; x_wconf 90' lang='lat' dir='ltr'><strong>nec</strong></span> <span class='ocrx_word' id='word_1_71' title='bbox 1418 654 1769 696; x_wconf 81' lang='lat' dir='ltr'><strong>necessitudinem</strong></span> <span class='ocrx_word' id='word_1_72' title='bbox 1792 659 1914 698; x_wconf 89' lang='lat' dir='ltr'><strong>sortis</strong></span> 
     </span>
     <span class='ocr_line' id='line_1_8' title="bbox 154 715 1916 768; baseline 0.002 -13"><span class='ocrx_word' id='word_1_73' title='bbox 154 717 350 756; x_wconf 85' lang='lat' dir='ltr'><strong>laederet.</strong></span> <span class='ocrx_word' id='word_1_74' title='bbox 408 717 497 756; x_wconf 88' lang='lat' dir='ltr'><strong>XV.</strong></span> <span class='ocrx_word' id='word_1_75' title='bbox 538 715 603 755; x_wconf 74' lang='lat'><strong>38.</strong></span> <span class='ocrx_word' id='word_1_76' title='bbox 643 716 806 755; x_wconf 83' lang='lat' dir='ltr'><strong>Etenim</strong></span> <span class='ocrx_word' id='word_1_77' title='bbox 840 717 873 756; x_wconf 91' lang='lat' dir='ltr'><strong>si</strong></span> <span class='ocrx_word' id='word_1_78' title='bbox 904 716 1007 754; x_wconf 84' lang='lat' dir='ltr'><strong>haec</strong></span> <span class='ocrx_word' id='word_1_79' title='bbox 1038 716 1282 768; x_wconf 89' lang='lat' dir='ltr'><strong>perturbare</strong></span> <span class='ocrx_word' id='word_1_80' title='bbox 1314 716 1453 755; x_wconf 90' lang='lat' dir='ltr'><strong>omnia</strong></span> <span class='ocrx_word' id='word_1_81' title='bbox 1484 729 1530 755; x_wconf 88' lang='lat' dir='ltr'><strong>ac</strong></span> <span class='ocrx_word' id='word_1_82' title='bbox 1562 717 1812 768; x_wconf 83' lang='lat' dir='ltr'><strong>permiscere</strong></span> <span class='ocrx_word' id='word_1_83' title='bbox 1846 733 1916 759; x_wconf 86' lang='lat' dir='ltr'><strong>vo-</strong></span> 
     </span>
     <span class='ocr_line' id='line_1_9' title="bbox 154 778 1914 832; baseline 0.002 -15"><span class='ocrx_word' id='word_1_84' title='bbox 154 779 312 827; x_wconf 87' lang='lat' dir='ltr'><strong>lumus,</strong></span> <span class='ocrx_word' id='word_1_85' title='bbox 344 784 472 818; x_wconf 87' lang='lat' dir='ltr'><strong>totam</strong></span> <span class='ocrx_word' id='word_1_86' title='bbox 503 780 629 819; x_wconf 88' lang='lat' dir='ltr'><strong>vitam</strong></span> <span class='ocrx_word' id='word_1_87' title='bbox 662 779 961 831; x_wconf 82' lang='lat' dir='ltr'><strong>periculosam,</strong></span> <span class='ocrx_word' id='word_1_88' title='bbox 1006 778 1252 817; x_wconf 85' lang='lat' dir='ltr'><strong>insidiosam</strong></span> <span class='ocrx_word' id='word_1_89' title='bbox 1286 778 1564 832; x_wconf 85' lang='lat' dir='ltr'><strong>infestamque</strong></span> <span class='ocrx_word' id='word_1_90' title='bbox 1595 778 1840 828; x_wconf 87' lang='lat' dir='ltr'><strong>reddemus,</strong></span> <span class='ocrx_word' id='word_1_91' title='bbox 1883 782 1914 820; x_wconf 88' lang='lat' dir='ltr'><strong>si</strong></span> 
     </span>
     <span class='ocr_line' id='line_1_10' title="bbox 153 840 1917 893; baseline 0.002 -13"><span class='ocrx_word' id='word_1_92' title='bbox 153 842 309 881; x_wconf 88' lang='lat' dir='ltr'><strong>nullam</strong></span> <span class='ocrx_word' id='word_1_93' title='bbox 342 842 589 893; x_wconf 81' lang='lat' dir='ltr'><strong>religionem</strong></span> <span class='ocrx_word' id='word_1_94' title='bbox 622 855 711 881; x_wconf 87' lang='lat' dir='ltr'><strong>sors</strong></span> <span class='ocrx_word' id='word_1_95' title='bbox 742 841 937 888; x_wconf 86' lang='lat' dir='ltr'><strong>habebit,</strong></span> <span class='ocrx_word' id='word_1_96' title='bbox 969 840 1125 879; x_wconf 89' lang='lat' dir='ltr'><strong>nullam</strong></span> <span class='ocrx_word' id='word_1_97' title='bbox 1159 841 1401 880; x_wconf 84' lang='lat' dir='ltr'><strong>societatem</strong></span> <span class='ocrx_word' id='word_1_98' title='bbox 1433 841 1676 881; x_wconf 88' lang='lat' dir='ltr'><strong>coniunctio</strong></span> <span class='ocrx_word' id='word_1_99' title='bbox 1708 844 1917 883; x_wconf 89' lang='lat' dir='ltr'><strong>secundae</strong></span> 
     </span>
     <span class='ocr_line' id='line_1_11' title="bbox 153 902 1966 957; baseline 0.002 -14"><span class='ocrx_word' id='word_1_100' title='bbox 153 904 386 957; x_wconf 88' lang='lat' dir='ltr'><strong>dubiaeque</strong></span> <span class='ocrx_word' id='word_1_101' title='bbox 418 903 634 950; x_wconf 81' lang='lat' dir='ltr'><strong>fortunae,</strong></span> <span class='ocrx_word' id='word_1_102' title='bbox 667 903 823 942; x_wconf 92' lang='lat' dir='ltr'><strong>nullam</strong></span> <span class='ocrx_word' id='word_1_103' title='bbox 855 902 1145 941; x_wconf 85' lang='lat' dir='ltr'><strong>auctoritatem</strong></span> <span class='ocrx_word' id='word_1_104' title='bbox 1169 916 1305 942; x_wconf 88' lang='lat' dir='ltr'><strong>mores</strong></span> <span class='ocrx_word' id='word_1_105' title='bbox 1337 908 1463 956; x_wconf 89' lang='lat' dir='ltr'><strong>atque</strong></span> <span class='ocrx_word' id='word_1_106' title='bbox 1486 903 1679 944; x_wconf 86' lang='lat' dir='ltr'><strong>instituta</strong></span> <span class='ocrx_word' id='word_1_107' title='bbox 1699 906 1966 946; x_wconf 64' lang='lat' dir='ltr'><strong>n1aiorum.=10</strong></span> 
     </span>
     <span class='ocr_line' id='line_1_12' title="bbox 153 964 1917 1022; baseline 0.002 -16"><span class='ocrx_word' id='word_1_108' title='bbox 153 965 348 1006; x_wconf 91' lang='lat' dir='ltr'><strong>Omnium</strong></span> <span class='ocrx_word' id='word_1_109' title='bbox 381 970 444 1005; x_wconf 91' lang='lat' dir='ltr'><strong>est</strong></span> <span class='ocrx_word' id='word_1_110' title='bbox 473 965 706 1005; x_wconf 88' lang='lat' dir='ltr'><strong>communis</strong></span> <span class='ocrx_word' id='word_1_111' title='bbox 734 964 953 1010; x_wconf 89' lang='lat' dir='ltr'><strong>inimicus,</strong></span> <span class='ocrx_word' id='word_1_112' title='bbox 986 964 1058 1017; x_wconf 91' lang='lat' dir='ltr'><strong>qui</strong></span> <span class='ocrx_word' id='word_1_113' title='bbox 1080 964 1160 1003; x_wconf 86' lang='lat' dir='ltr'><strong>fuit</strong></span> <span class='ocrx_word' id='word_1_114' title='bbox 1182 965 1315 1004; x_wconf 88' lang='lat' dir='ltr'><strong>hostis</strong></span> <span class='ocrx_word' id='word_1_115' title='bbox 1338 979 1523 1004; x_wconf 89' lang='lat' dir='ltr'><strong>suorum.</strong></span> <span class='ocrx_word' id='word_1_116' title='bbox 1565 967 1695 1007; x_wconf 88' lang='lat' dir='ltr'><strong>Nemo</strong></span> <span class='ocrx_word' id='word_1_117' title='bbox 1719 982 1917 1022; x_wconf 90' lang='lat' dir='ltr'><strong>umquam</strong></span> 
     </span>
     <span class='ocr_line' id='line_1_13' title="bbox 152 1026 1917 1081; baseline 0.002 -14"><span class='ocrx_word' id='word_1_118' title='bbox 152 1028 318 1081; x_wconf 87' lang='lat' dir='ltr'><strong>sapiens</strong></span> <span class='ocrx_word' id='word_1_119' title='bbox 360 1027 565 1081; x_wconf 87' lang='lat' dir='ltr'><strong>proditori</strong></span> <span class='ocrx_word' id='word_1_120' title='bbox 609 1027 863 1067; x_wconf 84' lang='lat' dir='ltr'><strong>credendum</strong></span> <span class='ocrx_word' id='word_1_121' title='bbox 903 1026 1078 1078; x_wconf 85' lang='lat' dir='ltr'><strong>putavit.</strong></span> <span class='ocrx_word' id='word_1_122' title='bbox 1141 1027 1235 1079; x_wconf 89' lang='lat' dir='ltr'><strong>Ipse</strong></span> <span class='ocrx_word' id='word_1_123' title='bbox 1279 1027 1416 1075; x_wconf 88' lang='lat' dir='ltr'><strong>Sulla,</strong></span> <span class='ocrx_word' id='word_1_124' title='bbox 1459 1028 1524 1067; x_wconf 83' lang='lat' dir='ltr'><strong>cui</strong></span> <span class='ocrx_word' id='word_1_125' title='bbox 1560 1028 1765 1069; x_wconf 82' lang='lat' dir='ltr'><strong>adventus</strong></span> <span class='ocrx_word' id='word_1_126' title='bbox 1797 1031 1917 1070; x_wconf 87' lang='lat' dir='ltr'><strong>istius</strong></span> 
     </span>
     <span class='ocr_line' id='line_1_14' title="bbox 152 1088 1916 1143; baseline 0.001 -13"><span class='ocrx_word' id='word_1_127' title='bbox 152 1090 413 1143; x_wconf 83' lang='lat' dir='ltr'><strong>gratissimus</strong></span> <span class='ocrx_word' id='word_1_128' title='bbox 445 1103 537 1130; x_wconf 88' lang='lat' dir='ltr'><strong>esse</strong></span> <span class='ocrx_word' id='word_1_129' title='bbox 569 1089 734 1137; x_wconf 90' lang='lat' dir='ltr'><strong>debuit,</strong></span> <span class='ocrx_word' id='word_1_130' title='bbox 765 1089 815 1128; x_wconf 91' lang='lat' dir='ltr'><strong>ab</strong></span> <span class='ocrx_word' id='word_1_131' title='bbox 847 1102 891 1128; x_wconf 92' lang='lat' dir='ltr'><strong>sc</strong></span> <span class='ocrx_word' id='word_1_132' title='bbox 922 1088 1134 1127; x_wconf 89' lang='lat' dir='ltr'><strong>hominem</strong></span> <span class='ocrx_word' id='word_1_133' title='bbox 1167 1093 1294 1142; x_wconf 89' lang='lat' dir='ltr'><strong>atque</strong></span> <span class='ocrx_word' id='word_1_134' title='bbox 1325 1088 1375 1127; x_wconf 89' lang='lat' dir='ltr'><strong>ab</strong></span> <span class='ocrx_word' id='word_1_135' title='bbox 1408 1089 1595 1129; x_wconf 83' lang='lat' dir='ltr'><strong>exercitu</strong></span> <span class='ocrx_word' id='word_1_136' title='bbox 1618 1104 1694 1130; x_wconf 91' lang='lat' dir='ltr'><strong>suo</strong></span> <span class='ocrx_word' id='word_1_137' title='bbox 1720 1093 1916 1132; x_wconf 89' lang='lat' dir='ltr'><strong>removit:</strong></span> 
     </span>
     <span class='ocr_line' id='line_1_15' title="bbox 151 1153 1918 1205; baseline 0.001 -13"><span class='ocrx_word' id='word_1_138' title='bbox 151 1153 378 1193; x_wconf 88' lang='lat' dir='ltr'><strong>Beneventi</strong></span> <span class='ocrx_word' id='word_1_139' title='bbox 411 1166 501 1193; x_wconf 88' lang='lat' dir='ltr'><strong>esse</strong></span> <span class='ocrx_word' id='word_1_140' title='bbox 533 1153 656 1192; x_wconf 87' lang='lat' dir='ltr'><strong>iussit</strong></span> <span class='ocrx_word' id='word_1_141' title='bbox 686 1153 799 1205; x_wconf 90' lang='lat' dir='ltr'><strong>apud</strong></span> <span class='ocrx_word' id='word_1_142' title='bbox 831 1166 926 1200; x_wconf 90' lang='lat' dir='ltr'><strong>eos,</strong></span> <span class='ocrx_word' id='word_1_143' title='bbox 960 1166 1066 1205; x_wconf 86' lang='lat' dir='ltr'><strong>quos</strong></span> <span class='ocrx_word' id='word_1_144' title='bbox 1099 1153 1187 1192; x_wconf 88' lang='lat' dir='ltr'><strong>suis</strong></span> <span class='ocrx_word' id='word_1_145' title='bbox 1219 1153 1406 1205; x_wconf 85' lang='lat' dir='ltr'><strong>partibus</strong></span> <span class='ocrx_word' id='word_1_146' title='bbox 1434 1153 1711 1193; x_wconf 86' lang='lat' dir='ltr'><strong>amicissimos</strong></span> <span class='ocrx_word' id='word_1_147' title='bbox 1734 1168 1824 1194; x_wconf 86' lang='lat' dir='ltr'><strong>esse</strong></span> <span class='ocrx_word' id='word_1_148' title='bbox 1856 1155 1918 1194; x_wconf 90' lang='lat' dir='ltr'><strong>in-</strong></span> 
     </span>
     <span class='ocr_line' id='line_1_16' title="bbox 153 1214 1966 1269; baseline 0.001 -15"><span class='ocrx_word' id='word_1_149' title='bbox 153 1214 389 1268; x_wconf 88' lang='lat' dir='ltr'><strong>telligebat,</strong></span> <span class='ocrx_word' id='word_1_150' title='bbox 421 1215 491 1255; x_wconf 93' lang='lat' dir='ltr'><strong>ubi</strong></span> <span class='ocrx_word' id='word_1_151' title='bbox 523 1215 600 1254; x_wconf 90' lang='lat' dir='ltr'><strong>iste</strong></span> <span class='ocrx_word' id='word_1_152' title='bbox 632 1228 818 1254; x_wconf 86' lang='lat' dir='ltr'><strong>summae</strong></span> <span class='ocrx_word' id='word_1_153' title='bbox 850 1214 910 1254; x_wconf 90' lang='lat' dir='ltr'><strong>rei</strong></span> <span class='ocrx_word' id='word_1_154' title='bbox 937 1227 1173 1268; x_wconf 79' lang='lat' dir='ltr'><strong>causaeque</strong></span> <span class='ocrx_word' id='word_1_155' title='bbox 1195 1228 1347 1253; x_wconf 87' lang='lat' dir='ltr'><strong>nocere</strong></span> <span class='ocrx_word' id='word_1_156' title='bbox 1370 1214 1476 1254; x_wconf 84' lang='lat' dir='ltr'><strong>nihil</strong></span> <span class='ocrx_word' id='word_1_157' title='bbox 1497 1220 1651 1267; x_wconf 87' lang='lat' dir='ltr'><strong>posset.</strong></span> <span class='ocrx_word' id='word_1_158' title='bbox 1695 1216 1745 1255; x_wconf 85' lang='lat' dir='ltr'><strong>Ei</strong></span> <span class='ocrx_word' id='word_1_159' title='bbox 1772 1222 1917 1269; x_wconf 83' lang='lat' dir='ltr'><strong>postea</strong></span> <span class='ocrx_word' id='word_1_160' title='bbox 1932 1227 1966 1256; x_wconf 53' lang='lat'><strong>«15</strong></span> 
     </span>
     <span class='ocr_line' id='line_1_17' title="bbox 152 1276 1916 1332; baseline 0.001 -15"><span class='ocrx_word' id='word_1_161' title='bbox 152 1277 337 1329; x_wconf 89' lang='lat' dir='ltr'><strong>praemia</strong></span> <span class='ocrx_word' id='word_1_162' title='bbox 368 1283 507 1317; x_wconf 91' lang='lat' dir='ltr'><strong>tamen</strong></span> <span class='ocrx_word' id='word_1_163' title='bbox 537 1276 768 1316; x_wconf 85' lang='lat' dir='ltr'><strong>liberaliter</strong></span> <span class='ocrx_word' id='word_1_164' title='bbox 797 1276 965 1323; x_wconf 86' lang='lat' dir='ltr'><strong>tribuit,</strong></span> <span class='ocrx_word' id='word_1_165' title='bbox 1000 1276 1112 1315; x_wconf 88' lang='lat' dir='ltr'><strong>bona</strong></span> <span class='ocrx_word' id='word_1_166' title='bbox 1143 1276 1349 1329; x_wconf 87' lang='lat' dir='ltr'><strong>quaedam</strong></span> <span class='ocrx_word' id='word_1_167' title='bbox 1380 1277 1713 1330; x_wconf 88' lang='lat' dir='ltr'><strong>proscriptorum</strong></span> <span class='ocrx_word' id='word_1_168' title='bbox 1743 1278 1785 1317; x_wconf 94' lang='lat' dir='ltr'><strong>in</strong></span> <span class='ocrx_word' id='word_1_169' title='bbox 1816 1292 1916 1332; x_wconf 86' lang='lat' dir='ltr'><strong>agro</strong></span> 
     </span>
     <span class='ocr_line' id='line_1_18' title="bbox 151 1338 1918 1392; baseline 0.002 -14"><span class='ocrx_word' id='word_1_170' title='bbox 151 1339 445 1379; x_wconf 89' lang='lat' dir='ltr'><strong>Beneventano</strong></span> <span class='ocrx_word' id='word_1_171' title='bbox 479 1339 716 1391; x_wconf 89' lang='lat' dir='ltr'><strong>diripienda</strong></span> <span class='ocrx_word' id='word_1_172' title='bbox 747 1339 978 1386; x_wconf 86' lang='lat' dir='ltr'><strong>concessit,</strong></span> <span class='ocrx_word' id='word_1_173' title='bbox 1009 1338 1156 1378; x_wconf 91' lang='lat' dir='ltr'><strong>habuit</strong></span> <span class='ocrx_word' id='word_1_174' title='bbox 1184 1339 1390 1378; x_wconf 89' lang='lat' dir='ltr'><strong>honorem</strong></span> <span class='ocrx_word' id='word_1_175' title='bbox 1421 1344 1467 1378; x_wconf 87' lang='lat' dir='ltr'><strong>ut</strong></span> <span class='ocrx_word' id='word_1_176' title='bbox 1496 1340 1723 1392; x_wconf 91' lang='lat' dir='ltr'><strong>proditori,</strong></span> <span class='ocrx_word' id='word_1_177' title='bbox 1755 1355 1839 1381; x_wconf 92' lang='lat' dir='ltr'><strong>non</strong></span> <span class='ocrx_word' id='word_1_178' title='bbox 1871 1347 1918 1382; x_wconf 86' lang='lat' dir='ltr'><strong>ut</strong></span> 
     </span>
     <span class='ocr_line' id='line_1_19' title="bbox 152 1398 1917 1454; baseline 0.003 -16"><span class='ocrx_word' id='word_1_179' title='bbox 152 1400 286 1440; x_wconf 86' lang='lat' dir='ltr'><strong>amico</strong></span> <span class='ocrx_word' id='word_1_180' title='bbox 318 1398 454 1441; x_wconf 82' lang='lat' dir='ltr'><strong>fidem.</strong></span> <span class='ocrx_word' id='word_1_181' title='bbox 515 1399 581 1440; x_wconf 83' lang='lat'><strong>39.</strong></span> <span class='ocrx_word' id='word_1_182' title='bbox 621 1402 741 1440; x_wconf 87' lang='lat' dir='ltr'><strong>Nunc</strong></span> <span class='ocrx_word' id='word_1_183' title='bbox 774 1401 963 1454; x_wconf 89' lang='lat' dir='ltr'><strong>quamvis</strong></span> <span class='ocrx_word' id='word_1_184' title='bbox 1004 1401 1088 1440; x_wconf 91' lang='lat' dir='ltr'><strong>sint</strong></span> <span class='ocrx_word' id='word_1_185' title='bbox 1116 1400 1331 1448; x_wconf 88' lang='lat' dir='ltr'><strong>homines,</strong></span> <span class='ocrx_word' id='word_1_186' title='bbox 1370 1402 1443 1454; x_wconf 92' lang='lat' dir='ltr'><strong>qui</strong></span> <span class='ocrx_word' id='word_1_187' title='bbox 1474 1406 1685 1441; x_wconf 89' lang='lat' dir='ltr'><strong>mortuum</strong></span> <span class='ocrx_word' id='word_1_188' title='bbox 1717 1403 1790 1443; x_wconf 93' lang='lat' dir='ltr'><strong>Cn.</strong></span> <span class='ocrx_word' id='word_1_189' title='bbox 1820 1404 1917 1444; x_wconf 88' lang='lat' dir='ltr'><strong>Car-</strong></span> 
     </span>
     <span class='ocr_line' id='line_1_20' title="bbox 151 1462 1914 1516; baseline 0.004 -16"><span class='ocrx_word' id='word_1_190' title='bbox 151 1462 303 1502; x_wconf 88' lang='lat' dir='ltr'><strong>bonem</strong></span> <span class='ocrx_word' id='word_1_191' title='bbox 334 1462 520 1511; x_wconf 88' lang='lat' dir='ltr'><strong>oderint,</strong></span> <span class='ocrx_word' id='word_1_192' title='bbox 552 1467 692 1502; x_wconf 79' lang='lat' dir='ltr'><strong>tamen</strong></span> <span class='ocrx_word' id='word_1_193' title='bbox 722 1462 765 1501; x_wconf 93' lang='lat' dir='ltr'><strong>hi</strong></span> <span class='ocrx_word' id='word_1_194' title='bbox 799 1463 954 1502; x_wconf 80' lang='lat' dir='ltr'><strong>debent</strong></span> <span class='ocrx_word' id='word_1_195' title='bbox 984 1476 1091 1510; x_wconf 91' lang='lat' dir='ltr'><strong>non,</strong></span> <span class='ocrx_word' id='word_1_196' title='bbox 1128 1463 1231 1516; x_wconf 89' lang='lat' dir='ltr'><strong>quid</strong></span> <span class='ocrx_word' id='word_1_197' title='bbox 1262 1462 1324 1502; x_wconf 91' lang='lat' dir='ltr'><strong>illi</strong></span> <span class='ocrx_word' id='word_1_198' title='bbox 1355 1463 1545 1503; x_wconf 89' lang='lat' dir='ltr'><strong>accidere</strong></span> <span class='ocrx_word' id='word_1_199' title='bbox 1576 1465 1809 1515; x_wconf 88' lang='lat' dir='ltr'><strong>voluerint,</strong></span> <span class='ocrx_word' id='word_1_200' title='bbox 1841 1468 1914 1507; x_wconf 89' lang='lat' dir='ltr'><strong>sed</strong></span> 
     </span>
     <span class='ocr_line' id='line_1_21' title="bbox 153 1523 1964 1578; baseline 0.003 -14"><span class='ocrx_word' id='word_1_201' title='bbox 153 1523 254 1576; x_wconf 91' lang='lat' dir='ltr'><strong>quid</strong></span> <span class='ocrx_word' id='word_1_202' title='bbox 295 1525 397 1578; x_wconf 91' lang='lat' dir='ltr'><strong>ipsis</strong></span> <span class='ocrx_word' id='word_1_203' title='bbox 431 1525 473 1564; x_wconf 91' lang='lat' dir='ltr'><strong>in</strong></span> <span class='ocrx_word' id='word_1_204' title='bbox 505 1525 575 1565; x_wconf 87' lang='lat' dir='ltr'><strong>tali</strong></span> <span class='ocrx_word' id='word_1_205' title='bbox 607 1539 650 1565; x_wconf 88' lang='lat' dir='ltr'><strong>re</strong></span> <span class='ocrx_word' id='word_1_206' title='bbox 682 1525 954 1565; x_wconf 88' lang='lat' dir='ltr'><strong>metuendum</strong></span> <span class='ocrx_word' id='word_1_207' title='bbox 990 1525 1065 1572; x_wconf 88' lang='lat' dir='ltr'><strong>sit,</strong></span> <span class='ocrx_word' id='word_1_208' title='bbox 1108 1526 1304 1578; x_wconf 87' lang='lat' dir='ltr'><strong>cogitare.</strong></span> <span class='ocrx_word' id='word_1_209' title='bbox 1367 1525 1595 1566; x_wconf 87' lang='lat' dir='ltr'><strong>Commune</strong></span> <span class='ocrx_word' id='word_1_210' title='bbox 1626 1533 1690 1567; x_wconf 90' lang='lat' dir='ltr'><strong>est</strong></span> <span class='ocrx_word' id='word_1_211' title='bbox 1718 1528 1798 1568; x_wconf 94' lang='lat' dir='ltr'><strong>hoc</strong></span> <span class='ocrx_word' id='word_1_212' title='bbox 1830 1541 1964 1569; x_wconf 64' lang='lat' dir='ltr'><strong>ma-ao</strong></span> 
     </span>
     <span class='ocr_line' id='line_1_22' title="bbox 151 1585 1915 1640; baseline 0.004 -15"><span class='ocrx_word' id='word_1_213' title='bbox 151 1585 259 1633; x_wconf 87' lang='lat' dir='ltr'><strong>lum,</strong></span> <span class='ocrx_word' id='word_1_214' title='bbox 301 1588 535 1627; x_wconf 87' lang='lat' dir='ltr'><strong>communis</strong></span> <span class='ocrx_word' id='word_1_215' title='bbox 575 1593 732 1636; x_wconf 87' lang='lat' dir='ltr'><strong>metus,</strong></span> <span class='ocrx_word' id='word_1_216' title='bbox 774 1601 995 1627; x_wconf 85' lang='lat' dir='ltr'><strong>commune</strong></span> <span class='ocrx_word' id='word_1_217' title='bbox 1038 1587 1287 1640; x_wconf 87' lang='lat' dir='ltr'><strong>periculum.</strong></span> <span class='ocrx_word' id='word_1_218' title='bbox 1347 1588 1496 1628; x_wconf 86' lang='lat' dir='ltr'><strong>Nullae</strong></span> <span class='ocrx_word' id='word_1_219' title='bbox 1535 1594 1633 1628; x_wconf 90' lang='lat' dir='ltr'><strong>sunt</strong></span> <span class='ocrx_word' id='word_1_220' title='bbox 1663 1591 1915 1632; x_wconf 89' lang='lat' dir='ltr'><strong>occultiores</strong></span> 
     </span>
     <span class='ocr_line' id='line_1_23' title="bbox 152 1648 1916 1706; baseline 0.003 -19"><span class='ocrx_word' id='word_1_221' title='bbox 152 1648 354 1696; x_wconf 91' lang='lat' dir='ltr'><strong>insidiae,</strong></span> <span class='ocrx_word' id='word_1_222' title='bbox 386 1663 510 1703; x_wconf 88' lang='lat' dir='ltr'><strong>quam</strong></span> <span class='ocrx_word' id='word_1_223' title='bbox 542 1663 634 1698; x_wconf 89' lang='lat' dir='ltr'><strong>cae,</strong></span> <span class='ocrx_word' id='word_1_224' title='bbox 666 1664 773 1703; x_wconf 92' lang='lat' dir='ltr'><strong>quae</strong></span> <span class='ocrx_word' id='word_1_225' title='bbox 806 1651 936 1690; x_wconf 88' lang='lat' dir='ltr'><strong>latent</strong></span> <span class='ocrx_word' id='word_1_226' title='bbox 966 1650 1010 1689; x_wconf 89' lang='lat' dir='ltr'><strong>in</strong></span> <span class='ocrx_word' id='word_1_227' title='bbox 1042 1650 1311 1690; x_wconf 87' lang='lat' dir='ltr'><strong>simulatione</strong></span> <span class='ocrx_word' id='word_1_228' title='bbox 1343 1648 1470 1690; x_wconf 84' lang='lat' dir='ltr'><strong>oflicii</strong></span> <span class='ocrx_word' id='word_1_229' title='bbox 1500 1656 1573 1690; x_wconf 91' lang='lat' dir='ltr'><strong>aut</strong></span> <span class='ocrx_word' id='word_1_230' title='bbox 1602 1652 1645 1691; x_wconf 93' lang='lat' dir='ltr'><strong>in</strong></span> <span class='ocrx_word' id='word_1_231' title='bbox 1666 1652 1811 1706; x_wconf 90' lang='lat' dir='ltr'><strong>aliquo</strong></span> <span class='ocrx_word' id='word_1_232' title='bbox 1844 1667 1916 1693; x_wconf 88' lang='lat' dir='ltr'><strong>ne-</strong></span> 
     </span>
     <span class='ocr_line' id='line_1_24' title="bbox 154 1711 1914 1765; baseline 0.003 -15"><span class='ocrx_word' id='word_1_233' title='bbox 154 1711 420 1752; x_wconf 88' lang='lat' dir='ltr'><strong>cessitudinis</strong></span> <span class='ocrx_word' id='word_1_234' title='bbox 452 1713 633 1751; x_wconf 90' lang='lat' dir='ltr'><strong>nomine.</strong></span> <span class='ocrx_word' id='word_1_235' title='bbox 665 1714 768 1752; x_wconf 91' lang='lat' dir='ltr'><strong>Nam</strong></span> <span class='ocrx_word' id='word_1_236' title='bbox 791 1726 898 1759; x_wconf 90' lang='lat' dir='ltr'><strong>eum,</strong></span> <span class='ocrx_word' id='word_1_237' title='bbox 931 1712 1001 1765; x_wconf 84' lang='lat' dir='ltr'><strong>qui</strong></span> <span class='ocrx_word' id='word_1_238' title='bbox 1025 1712 1163 1765; x_wconf 88' lang='lat' dir='ltr'><strong>palam</strong></span> <span class='ocrx_word' id='word_1_239' title='bbox 1187 1718 1248 1752; x_wconf 87' lang='lat' dir='ltr'><strong>est</strong></span> <span class='ocrx_word' id='word_1_240' title='bbox 1268 1713 1553 1761; x_wconf 83' lang='lat' dir='ltr'><strong>adversarius,</strong></span> <span class='ocrx_word' id='word_1_241' title='bbox 1584 1712 1705 1754; x_wconf 87' lang='lat' dir='ltr'><strong>facile</strong></span> <span class='ocrx_word' id='word_1_242' title='bbox 1729 1716 1914 1755; x_wconf 86' lang='lat' dir='ltr'><strong>cavendo</strong></span> 
     </span>
     <span class='ocr_line' id='line_1_25' title="bbox 154 1772 1914 1825; baseline 0.003 -14"><span class='ocrx_word' id='word_1_243' title='bbox 154 1772 283 1812; x_wconf 83' lang='lat' dir='ltr'><strong>vitare</strong></span> <span class='ocrx_word' id='word_1_244' title='bbox 314 1774 472 1825; x_wconf 89' lang='lat' dir='ltr'><strong>possis;</strong></span> <span class='ocrx_word' id='word_1_245' title='bbox 503 1774 583 1814; x_wconf 91' lang='lat' dir='ltr'><strong>hoc</strong></span> <span class='ocrx_word' id='word_1_246' title='bbox 614 1788 712 1815; x_wconf 87' lang='lat' dir='ltr'><strong>vero</strong></span> <span class='ocrx_word' id='word_1_247' title='bbox 745 1775 977 1821; x_wconf 91' lang='lat' dir='ltr'><strong>occultum,</strong></span> <span class='ocrx_word' id='word_1_248' title='bbox 1009 1774 1254 1814; x_wconf 89' lang='lat' dir='ltr'><strong>intestinum</strong></span> <span class='ocrx_word' id='word_1_249' title='bbox 1285 1788 1332 1814; x_wconf 89' lang='lat' dir='ltr'><strong>ac</strong></span> <span class='ocrx_word' id='word_1_250' title='bbox 1355 1775 1631 1816; x_wconf 89' lang='lat' dir='ltr'><strong>domesticum</strong></span> <span class='ocrx_word' id='word_1_251' title='bbox 1653 1777 1808 1817; x_wconf 87' lang='lat' dir='ltr'><strong>malum</strong></span> <span class='ocrx_word' id='word_1_252' title='bbox 1829 1791 1914 1817; x_wconf 92' lang='lat' dir='ltr'><strong>non</strong></span> 
     </span>
     <span class='ocr_line' id='line_1_26' title="bbox 155 1834 1964 1893; baseline 0.005 -21"><span class='ocrx_word' id='word_1_253' title='bbox 155 1834 279 1874; x_wconf 88' lang='lat' dir='ltr'><strong>modo</strong></span> <span class='ocrx_word' id='word_1_254' title='bbox 312 1835 499 1883; x_wconf 88' lang='lat' dir='ltr'><strong>exsistit,</strong></span> <span class='ocrx_word' id='word_1_255' title='bbox 546 1849 691 1875; x_wconf 79' lang='lat' dir='ltr'><strong>verum</strong></span> <span class='ocrx_word' id='word_1_256' title='bbox 733 1837 856 1875; x_wconf 90' lang='lat' dir='ltr'><strong>etiam</strong></span> <span class='ocrx_word' id='word_1_257' title='bbox 888 1837 1111 1889; x_wconf 87' lang='lat' dir='ltr'><strong>opprimit,</strong></span> <span class='ocrx_word' id='word_1_258' title='bbox 1154 1843 1380 1891; x_wconf 87' lang='lat' dir='ltr'><strong>antequam</strong></span> <span class='ocrx_word' id='word_1_259' title='bbox 1410 1839 1652 1892; x_wconf 85' lang='lat' dir='ltr'><strong>prospicere</strong></span> <span class='ocrx_word' id='word_1_260' title='bbox 1683 1844 1811 1893; x_wconf 88' lang='lat' dir='ltr'><strong>atque</strong></span> <span class='ocrx_word' id='word_1_261' title='bbox 1843 1854 1915 1881; x_wconf 72' lang='lat' dir='ltr'><strong>ex·</strong></span> <span class='ocrx_word' id='word_1_262' title='bbox 1928 1852 1964 1880; x_wconf 76' lang='lat'><strong>25</strong></span> 
     </span>
     <span class='ocr_line' id='line_1_27' title="bbox 155 1895 1913 1952; baseline 0.005 -17"><span class='ocrx_word' id='word_1_263' title='bbox 155 1896 319 1948; x_wconf 89' lang='lat' dir='ltr'><strong>plorare</strong></span> <span class='ocrx_word' id='word_1_264' title='bbox 351 1897 552 1950; x_wconf 90' lang='lat' dir='ltr'><strong>potueris.</strong></span> <span class='ocrx_word' id='word_1_265' title='bbox 598 1895 664 1936; x_wconf 69' lang='lat'><strong>40.</strong></span> <span class='ocrx_word' id='word_1_266' title='bbox 696 1898 811 1937; x_wconf 88' lang='lat' dir='ltr'><strong>Itane</strong></span> <span class='ocrx_word' id='word_1_267' title='bbox 832 1900 961 1938; x_wconf 75' lang='lat' dir='ltr'><strong>vero?</strong></span> <span class='ocrx_word' id='word_1_268' title='bbox 1005 1899 1067 1937; x_wconf 92' lang='lat' dir='ltr'><strong>Tu</strong></span> <span class='ocrx_word' id='word_1_269' title='bbox 1094 1912 1188 1938; x_wconf 89' lang='lat' dir='ltr'><strong>cum</strong></span> <span class='ocrx_word' id='word_1_270' title='bbox 1211 1905 1411 1952; x_wconf 89' lang='lat' dir='ltr'><strong>quaestor</strong></span> <span class='ocrx_word' id='word_1_271' title='bbox 1432 1900 1484 1939; x_wconf 92' lang='lat' dir='ltr'><strong>ad</strong></span> <span class='ocrx_word' id='word_1_272' title='bbox 1506 1901 1738 1941; x_wconf 85' lang='lat' dir='ltr'><strong>exercitum</strong></span> <span class='ocrx_word' id='word_1_273' title='bbox 1760 1903 1913 1943; x_wconf 88' lang='lat' dir='ltr'><strong>missus</strong></span> 
     </span>
     <span class='ocr_line' id='line_1_28' title="bbox 156 1959 1913 2016; baseline 0.005 -19"><span class='ocrx_word' id='word_1_274' title='bbox 156 1959 236 2006; x_wconf 86' lang='lat' dir='ltr'><strong>sis,</strong></span> <span class='ocrx_word' id='word_1_275' title='bbox 267 1964 406 1999; x_wconf 90' lang='lat' dir='ltr'><strong>custos</strong></span> <span class='ocrx_word' id='word_1_276' title='bbox 438 1972 521 1998; x_wconf 91' lang='lat' dir='ltr'><strong>non</strong></span> <span class='ocrx_word' id='word_1_277' title='bbox 552 1959 687 1998; x_wconf 87' lang='lat' dir='ltr'><strong>solum</strong></span> <span class='ocrx_word' id='word_1_278' title='bbox 718 1960 944 2012; x_wconf 88' lang='lat' dir='ltr'><strong>pecuniae,</strong></span> <span class='ocrx_word' id='word_1_279' title='bbox 983 1960 1056 2000; x_wconf 90' lang='lat' dir='ltr'><strong>sed</strong></span> <span class='ocrx_word' id='word_1_280' title='bbox 1088 1960 1213 2000; x_wconf 87' lang='lat' dir='ltr'><strong>etiam</strong></span> <span class='ocrx_word' id='word_1_281' title='bbox 1244 1962 1454 2010; x_wconf 90' lang='lat' dir='ltr'><strong>consulis,</strong></span> <span class='ocrx_word' id='word_1_282' title='bbox 1484 1963 1694 2016; x_wconf 87' lang='lat' dir='ltr'><strong>particeps</strong></span> <span class='ocrx_word' id='word_1_283' title='bbox 1726 1965 1913 2005; x_wconf 90' lang='lat' dir='ltr'><strong>omnium</strong></span> 
     </span>
     <span class='ocr_line' id='line_1_29' title="bbox 159 2020 1912 2074; baseline 0.005 -15"><span class='ocrx_word' id='word_1_284' title='bbox 159 2033 296 2060; x_wconf 88' lang='lat' dir='ltr'><strong>rerum</strong></span> <span class='ocrx_word' id='word_1_285' title='bbox 343 2020 701 2074; x_wconf 90' lang='lat' dir='ltr'><strong>consiliorumque</strong></span> <span class='ocrx_word' id='word_1_286' title='bbox 747 2021 898 2069; x_wconf 83' lang='lat' dir='ltr'><strong>fueris,</strong></span> <span class='ocrx_word' id='word_1_287' title='bbox 943 2022 1111 2062; x_wconf 89' lang='lat' dir='ltr'><strong>habitus</strong></span> <span class='ocrx_word' id='word_1_288' title='bbox 1152 2024 1208 2062; x_wconf 91' lang='lat' dir='ltr'><strong>sis</strong></span> <span class='ocrx_word' id='word_1_289' title='bbox 1240 2022 1283 2062; x_wconf 87' lang='lat' dir='ltr'><strong>in</strong></span> <span class='ocrx_word' id='word_1_290' title='bbox 1313 2023 1492 2064; x_wconf 92' lang='lat' dir='ltr'><strong>liberum</strong></span> <span class='ocrx_word' id='word_1_291' title='bbox 1522 2025 1639 2073; x_wconf 92' lang='lat' dir='ltr'><strong>loco,</strong></span> <span class='ocrx_word' id='word_1_292' title='bbox 1684 2026 1793 2066; x_wconf 87' lang='lat' dir='ltr'><strong>sicut</strong></span> <span class='ocrx_word' id='word_1_293' title='bbox 1822 2041 1912 2067; x_wconf 90' lang='lat' dir='ltr'><strong>mos</strong></span> 
     </span>
     <span class='ocr_line' id='line_1_30' title="bbox 154 2082 1912 2137; baseline 0.005 -16"><span class='ocrx_word' id='word_1_294' title='bbox 154 2082 358 2122; x_wconf 87' lang='lat' dir='ltr'><strong>maiorum</strong></span> <span class='ocrx_word' id='word_1_295' title='bbox 389 2082 567 2129; x_wconf 84' lang='lat' dir='ltr'><strong>ferebat,</strong></span> <span class='ocrx_word' id='word_1_296' title='bbox 608 2088 779 2135; x_wconf 87' lang='lat' dir='ltr'><strong>repente</strong></span> <span class='ocrx_word' id='word_1_297' title='bbox 810 2084 1048 2137; x_wconf 88' lang='lat' dir='ltr'><strong>relinquas,</strong></span> <span class='ocrx_word' id='word_1_298' title='bbox 1089 2084 1278 2131; x_wconf 88' lang='lat' dir='ltr'><strong>deseras,</strong></span> <span class='ocrx_word' id='word_1_299' title='bbox 1319 2085 1371 2124; x_wconf 87' lang='lat' dir='ltr'><strong>ad</strong></span> <span class='ocrx_word' id='word_1_300' title='bbox 1403 2086 1665 2127; x_wconf 91' lang='lat' dir='ltr'><strong>adversarios</strong></span> <span class='ocrx_word' id='word_1_301' title='bbox 1696 2091 1912 2129; x_wconf 74' lang='lat' dir='ltr'><strong>transeas?</strong></span> 
     </span>
     <span class='ocr_line' id='line_1_31' title="bbox 154 2143 1962 2203; baseline 0.005 -21"><span class='ocrx_word' id='word_1_302' title='bbox 154 2143 188 2183; x_wconf 92' lang='grc' dir='ltr'><strong>Ο</strong></span> <span class='ocrx_word' id='word_1_303' title='bbox 223 2143 380 2183; x_wconf 84' lang='lat' dir='ltr'><strong>scelus1</strong></span> <span class='ocrx_word' id='word_1_304' title='bbox 412 2157 436 2183; x_wconf 94' lang='lat' dir='ltr'><strong>o</strong></span> <span class='ocrx_word' id='word_1_305' title='bbox 468 2149 707 2197; x_wconf 89' lang='lat' dir='ltr'><strong>portentum</strong></span> <span class='ocrx_word' id='word_1_306' title='bbox 737 2146 781 2184; x_wconf 92' lang='lat' dir='ltr'><strong>in</strong></span> <span class='ocrx_word' id='word_1_307' title='bbox 811 2146 980 2185; x_wconf 88' lang='lat' dir='ltr'><strong>ultimas</strong></span> <span class='ocrx_word' id='word_1_308' title='bbox 1011 2150 1141 2185; x_wconf 90' lang='lat' dir='ltr'><strong>terras</strong></span> <span class='ocrx_word' id='word_1_309' title='bbox 1165 2145 1497 2198; x_wconf 78' lang='lat' dir='ltr'><strong>exportandum!</strong></span> <span class='ocrx_word' id='word_1_310' title='bbox 1529 2149 1622 2187; x_wconf 91' lang='lat' dir='ltr'><strong>Non</strong></span> <span class='ocrx_word' id='word_1_311' title='bbox 1643 2150 1753 2189; x_wconf 90' lang='lat' dir='ltr'><strong>enim</strong></span> <span class='ocrx_word' id='word_1_312' title='bbox 1774 2155 1962 2203; x_wconf 90' lang='lat' dir='ltr'><strong>potest30</strong></span> 
     </span>
     <span class='ocr_line' id='line_1_32' title="bbox 153 2207 1913 2259; baseline 0.005 -14"><span class='ocrx_word' id='word_1_313' title='bbox 153 2218 200 2245; x_wconf 91' lang='lat' dir='ltr'><strong>ea</strong></span> <span class='ocrx_word' id='word_1_314' title='bbox 230 2210 397 2253; x_wconf 87' lang='lat' dir='ltr'><strong>natura,</strong></span> <span class='ocrx_word' id='word_1_315' title='bbox 431 2219 538 2259; x_wconf 87' lang='lat' dir='ltr'><strong>quae</strong></span> <span class='ocrx_word' id='word_1_316' title='bbox 570 2211 731 2247; x_wconf 89' lang='lat' dir='ltr'><strong>tantum</strong></span> <span class='ocrx_word' id='word_1_317' title='bbox 761 2207 924 2247; x_wconf 87' lang='lat' dir='ltr'><strong>facinus</strong></span> <span class='ocrx_word' id='word_1_318' title='bbox 955 2208 1233 2256; x_wconf 90' lang='lat' dir='ltr'><strong>commiserit,</strong></span> <span class='ocrx_word' id='word_1_319' title='bbox 1273 2208 1355 2248; x_wconf 88' lang='lat' dir='ltr'><strong>hoc</strong></span> <span class='ocrx_word' id='word_1_320' title='bbox 1385 2222 1470 2249; x_wconf 91' lang='lat' dir='ltr'><strong>uno</strong></span> <span class='ocrx_word' id='word_1_321' title='bbox 1502 2209 1661 2251; x_wconf 90' lang='lat' dir='ltr'><strong>scelere</strong></span> <span class='ocrx_word' id='word_1_322' title='bbox 1691 2225 1783 2252; x_wconf 91' lang='lat' dir='ltr'><strong>esse</strong></span> <span class='ocrx_word' id='word_1_323' title='bbox 1814 2225 1913 2253; x_wconf 91' lang='lat' dir='ltr'><strong>con-</strong></span> 
     </span>
     <span class='ocr_line' id='line_1_33' title="bbox 151 2269 1913 2323; baseline 0.005 -16"><span class='ocrx_word' id='word_1_324' title='bbox 151 2272 285 2308; x_wconf 86' lang='lat' dir='ltr'><strong>tenta:</strong></span> <span class='ocrx_word' id='word_1_325' title='bbox 316 2281 489 2308; x_wconf 90' lang='lat' dir='ltr'><strong>necesse</strong></span> <span class='ocrx_word' id='word_1_326' title='bbox 521 2273 585 2308; x_wconf 92' lang='lat' dir='ltr'><strong>est</strong></span> <span class='ocrx_word' id='word_1_327' title='bbox 616 2282 780 2322; x_wconf 88' lang='lat' dir='ltr'><strong>semper</strong></span> <span class='ocrx_word' id='word_1_328' title='bbox 810 2269 971 2323; x_wconf 90' lang='lat' dir='ltr'><strong>aliquid</strong></span> <span class='ocrx_word' id='word_1_329' title='bbox 1002 2270 1209 2310; x_wconf 91' lang='lat' dir='ltr'><strong>eiusmodi</strong></span> <span class='ocrx_word' id='word_1_330' title='bbox 1242 2270 1456 2320; x_wconf 87' lang='lat' dir='ltr'><strong>moliatur,</strong></span> <span class='ocrx_word' id='word_1_331' title='bbox 1488 2285 1661 2313; x_wconf 89' lang='lat' dir='ltr'><strong>necesse</strong></span> <span class='ocrx_word' id='word_1_332' title='bbox 1692 2279 1755 2314; x_wconf 90' lang='lat' dir='ltr'><strong>est</strong></span> <span class='ocrx_word' id='word_1_333' title='bbox 1783 2274 1827 2315; x_wconf 90' lang='lat' dir='ltr'><strong>in</strong></span> <span class='ocrx_word' id='word_1_334' title='bbox 1858 2275 1913 2315; x_wconf 91' lang='lat' dir='ltr'><strong>si-</strong></span> 
     </span>
     <span class='ocr_line' id='line_1_34' title="bbox 150 2328 1913 2388; baseline 0.005 -19"><span class='ocrx_word' id='word_1_335' title='bbox 150 2330 237 2369; x_wconf 89' lang='lat' dir='ltr'><strong>mili</strong></span> <span class='ocrx_word' id='word_1_336' title='bbox 270 2329 445 2370; x_wconf 87' lang='lat' dir='ltr'><strong>audacia</strong></span> <span class='ocrx_word' id='word_1_337' title='bbox 474 2328 734 2385; x_wconf 87' lang='lat' dir='ltr'><strong>perfidiaque</strong></span> <span class='ocrx_word' id='word_1_338' title='bbox 765 2337 966 2372; x_wconf 90' lang='lat' dir='ltr'><strong>versetur.</strong></span> <span class='ocrx_word' id='word_1_339' title='bbox 1026 2329 1093 2371; x_wconf 71' lang='grc'><strong>41.</strong></span> <span class='ocrx_word' id='word_1_340' title='bbox 1123 2333 1271 2386; x_wconf 89' lang='lat' dir='ltr'><strong>Itaque</strong></span> <span class='ocrx_word' id='word_1_341' title='bbox 1302 2333 1414 2373; x_wconf 87' lang='lat' dir='ltr'><strong>idem</strong></span> <span class='ocrx_word' id='word_1_342' title='bbox 1444 2334 1546 2381; x_wconf 86' lang='lat' dir='ltr'><strong>iste,</strong></span> <span class='ocrx_word' id='word_1_343' title='bbox 1578 2348 1704 2388; x_wconf 91' lang='lat' dir='ltr'><strong>quem</strong></span> <span class='ocrx_word' id='word_1_344' title='bbox 1736 2337 1809 2377; x_wconf 89' lang='lat' dir='ltr'><strong>Cn.</strong></span> <span class='ocrx_word' id='word_1_345' title='bbox 1830 2338 1913 2377; x_wconf 90' lang='lat' dir='ltr'><strong>Do-</strong></span> 
     </span>
     <span class='ocr_line' id='line_1_35' title="bbox 150 2391 1913 2450; baseline 0.005 -20"><span class='ocrx_word' id='word_1_346' title='bbox 150 2391 299 2432; x_wconf 89' lang='lat' dir='ltr'><strong>labella</strong></span> <span class='ocrx_word' id='word_1_347' title='bbox 335 2397 481 2445; x_wconf 88' lang='lat' dir='ltr'><strong>postea</strong></span> <span class='ocrx_word' id='word_1_348' title='bbox 523 2393 565 2433; x_wconf 93' lang='lat' dir='ltr'><strong>C.</strong></span> <span class='ocrx_word' id='word_1_349' title='bbox 594 2394 792 2435; x_wconf 90' lang='lat' dir='ltr'><strong>Malleolo</strong></span> <span class='ocrx_word' id='word_1_350' title='bbox 836 2395 976 2435; x_wconf 85' lang='lat' dir='ltr'><strong>occiso</strong></span> <span class='ocrx_word' id='word_1_351' title='bbox 1007 2408 1084 2448; x_wconf 90' lang='lat' dir='ltr'><strong>pro</strong></span> <span class='ocrx_word' id='word_1_352' title='bbox 1127 2400 1351 2449; x_wconf 90' lang='lat' dir='ltr'><strong>quaestore</strong></span> <span class='ocrx_word' id='word_1_353' title='bbox 1391 2396 1539 2437; x_wconf 84' lang='lat' dir='ltr'><strong>habuit</strong></span> <span class='ocrx_word' id='word_1_354' title='bbox 1584 2396 1709 2450; x_wconf 89' lang='lat' dir='ltr'><strong>(haud</strong></span> <span class='ocrx_word' id='word_1_355' title='bbox 1741 2399 1828 2439; x_wconf 91' lang='lat' dir='ltr'><strong>scio</strong></span> <span class='ocrx_word' id='word_1_356' title='bbox 1859 2412 1913 2439; x_wconf 90' lang='lat' dir='ltr'><strong>an</strong></span> 
     </span>
    </p>
   </div>
   <div class='ocr_carea' id='block_1_3' title="bbox 147 2597 1912 2737">
    <p class='ocr_par' dir='ltr' id='par_1_3' title="bbox 147 2597 1912 2737">
     <span class='ocr_line' id='line_1_36' title="bbox 233 2597 1908 2642; baseline 0.004 -13"><span class='ocrx_word' id='word_1_357' title='bbox 233 2597 265 2629; x_wconf 72' lang='lat'><strong>2.</strong></span> <span class='ocrx_word' id='word_1_358' title='bbox 289 2605 366 2627; x_wconf 83' lang='lat' dir='ltr'><strong>suas</strong></span> <span class='ocrx_word' id='word_1_359' title='bbox 389 2605 497 2628; x_wconf 87' lang='lat' dir='ltr'><strong>omnes</strong></span> <span class='ocrx_word' id='word_1_360' title='bbox 519 2607 551 2636; x_wconf 78' lang='grc' dir='ltr'><strong>ς.</strong></span> <span class='ocrx_word' id='word_1_361' title='bbox 581 2615 616 2620; x_wconf 88' lang='lat'><strong>—-</strong></span> <span class='ocrx_word' id='word_1_362' title='bbox 642 2597 673 2630; x_wconf 89' lang='lat'><strong>3.</strong></span> <span class='ocrx_word' id='word_1_363' title='bbox 697 2598 834 2640; x_wconf 78' lang='lat' dir='ltr'><strong>fecisses]</strong></span> <span class='ocrx_word' id='word_1_364' title='bbox 859 2598 988 2639; x_wconf 70' lang='lat' dir='ltr'><strong>tegyisses</strong></span> <span class='ocrx_word' id='word_1_365' title='bbox 1011 2599 1113 2640; x_wconf 71' lang='lat' dir='ltr'><strong>G3g,</strong></span> <span class='ocrx_word' id='word_1_366' title='bbox 1147 2601 1198 2632; x_wconf 90' lang='lat' dir='ltr'><strong>sic</strong></span> <span class='ocrx_word' id='word_1_367' title='bbox 1229 2600 1409 2633; x_wconf 86' lang='lat' dir='ltr'><strong>turbatum</strong></span> <span class='ocrx_word' id='word_1_368' title='bbox 1433 2601 1464 2642; x_wconf 67' lang='grc' dir='ltr'><strong>ἓ.</strong></span> <span class='ocrx_word' id='word_1_369' title='bbox 1491 2602 1543 2634; x_wconf 92' lang='grc'><strong>60.</strong></span> <span class='ocrx_word' id='word_1_370' title='bbox 1572 2619 1607 2625; x_wconf 86' lang='grc'>-</span> <span class='ocrx_word' id='word_1_371' title='bbox 1633 2600 1665 2634; x_wconf 81' lang='lat'><strong>4.</strong></span> <span class='ocrx_word' id='word_1_372' title='bbox 1691 2602 1815 2634; x_wconf 82' lang='lat' dir='ltr'><strong>consuli</strong></span> <span class='ocrx_word' id='word_1_373' title='bbox 1838 2611 1908 2635; x_wconf 88' lang='lat' dir='ltr'><strong>om.</strong></span> 
     </span>
     <span class='ocr_line' id='line_1_37' title="bbox 149 2645 1908 2690; baseline 0.005 -14"><span class='ocrx_word' id='word_1_374' title='bbox 149 2646 189 2678; x_wconf 71' lang='lat' dir='ltr'><strong>Gt</strong></span> <span class='ocrx_word' id='word_1_375' title='bbox 209 2645 239 2677; x_wconf 72' lang='lat'><strong>2.</strong></span> <span class='ocrx_word' id='word_1_376' title='bbox 269 2663 304 2668; x_wconf 87' lang='lat'>—</span> <span class='ocrx_word' id='word_1_377' title='bbox 331 2646 362 2677; x_wconf 84' lang='lat'><strong>6.</strong></span> <span class='ocrx_word' id='word_1_378' title='bbox 388 2655 444 2677; x_wconf 87' lang='lat' dir='ltr'><strong>nec</strong></span> <span class='ocrx_word' id='word_1_379' title='bbox 460 2663 508 2669; x_wconf 92' lang='lat'><strong>--</strong></span> <span class='ocrx_word' id='word_1_380' title='bbox 524 2655 644 2678; x_wconf 82' lang='lat' dir='ltr'><strong>nec—-</strong></span> <span class='ocrx_word' id='word_1_381' title='bbox 664 2648 731 2689; x_wconf 84' lang='lat' dir='ltr'><strong>nec]</strong></span> <span class='ocrx_word' id='word_1_382' title='bbox 758 2648 818 2680; x_wconf 90' lang='lat' dir='ltr'><strong>Ld.</strong></span> <span class='ocrx_word' id='word_1_383' title='bbox 844 2648 910 2687; x_wconf 72' lang='lat' dir='ltr'><strong>bis,</strong></span> <span class='ocrx_word' id='word_1_384' title='bbox 939 2650 984 2680; x_wconf 64' lang='lat' dir='ltr'><strong>Ga</strong></span> <span class='ocrx_word' id='word_1_385' title='bbox 1010 2651 1063 2681; x_wconf 87' lang='lat' dir='ltr'><strong>ter</strong></span> <span class='ocrx_word' id='word_1_386' title='bbox 1085 2658 1199 2688; x_wconf 78' lang='lat' dir='ltr'><strong>neque.</strong></span> <span class='ocrx_word' id='word_1_387' title='bbox 1221 2669 1255 2672; x_wconf 97' lang='lat'><strong>—</strong></span> <span class='ocrx_word' id='word_1_388' title='bbox 1283 2651 1313 2682; x_wconf 77' lang='lat'><strong>7.</strong></span> <span class='ocrx_word' id='word_1_389' title='bbox 1340 2659 1380 2681; x_wconf 84' lang='lat' dir='ltr'><strong>ac</strong></span> <span class='ocrx_word' id='word_1_390' title='bbox 1398 2652 1499 2690; x_wconf 63' lang='lat' dir='ltr'><strong>G25:</strong></span> <span class='ocrx_word' id='word_1_391' title='bbox 1526 2654 1561 2682; x_wconf 82' lang='lat' dir='ltr'><strong>at</strong></span> <span class='ocrx_word' id='word_1_392' title='bbox 1585 2652 1626 2682; x_wconf 82' lang='lat' dir='ltr'><strong>Gl</strong></span> <span class='ocrx_word' id='word_1_393' title='bbox 1648 2661 1654 2685; x_wconf 86' lang='lat'>;</span> <span class='ocrx_word' id='word_1_394' title='bbox 1681 2654 1711 2682; x_wconf 84' lang='lat' dir='ltr'><strong>et</strong></span> <span class='ocrx_word' id='word_1_395' title='bbox 1734 2651 1795 2683; x_wconf 88' lang='lat' dir='ltr'><strong>dtt.</strong></span> <span class='ocrx_word' id='word_1_396' title='bbox 1816 2653 1853 2684; x_wconf 91' lang='lat' dir='ltr'><strong>O.</strong></span> <span class='ocrx_word' id='word_1_397' title='bbox 1873 2669 1908 2673; x_wconf 81' lang='lat'>—</span> 
     </span>
     <span class='ocr_line' id='line_1_38' title="bbox 147 2695 1912 2737; baseline 0.005 -12"><span class='ocrx_word' id='word_1_398' title='bbox 147 2695 177 2726; x_wconf 92' lang='lat'><strong>8.</strong></span> <span class='ocrx_word' id='word_1_399' title='bbox 203 2695 393 2726; x_wconf 80' lang='lat' dir='ltr'><strong>insidiosam</strong></span> <span class='ocrx_word' id='word_1_400' title='bbox 417 2696 506 2727; x_wconf 86' lang='lat' dir='ltr'><strong>coni.</strong></span> <span class='ocrx_word' id='word_1_401' title='bbox 526 2696 662 2728; x_wconf 58' lang='lat' dir='ltr'><strong>Lama:</strong></span> <span class='ocrx_word' id='word_1_402' title='bbox 688 2697 883 2729; x_wconf 78' lang='lat' dir='ltr'><strong>invidiosam</strong></span> <span class='ocrx_word' id='word_1_403' title='bbox 908 2699 1025 2737; x_wconf 80' lang='lat' dir='ltr'><strong>codd.;</strong></span> <span class='ocrx_word' id='word_1_404' title='bbox 1052 2708 1121 2731; x_wconf 89' lang='lat' dir='ltr'><strong>om.</strong></span> <span class='ocrx_word' id='word_1_405' title='bbox 1141 2701 1231 2732; x_wconf 84' lang='lat' dir='ltr'><strong>Man.</strong></span> <span class='ocrx_word' id='word_1_406' title='bbox 1253 2718 1287 2722; x_wconf 84' lang='lat'><strong>—-</strong></span> <span class='ocrx_word' id='word_1_407' title='bbox 1315 2701 1344 2732; x_wconf 81' lang='lat'><strong>9.</strong></span> <span class='ocrx_word' id='word_1_408' title='bbox 1369 2701 1554 2732; x_wconf 82' lang='lat' dir='ltr'><strong>societatem</strong></span> <span class='ocrx_word' id='word_1_409' title='bbox 1570 2700 1687 2732; x_wconf 92' lang='lat' dir='ltr'><strong>codd.:</strong></span> <span class='ocrx_word' id='word_1_410' title='bbox 1706 2703 1912 2733; x_wconf 69' lang='lat' dir='ltr'><strong>sanctitatem</strong></span> 
     </span>
    </p>
   </div>
   <div class='ocr_carea' id='block_1_4' title="bbox 144 2745 1913 3385">
    <p class='ocr_par' dir='ltr' id='par_1_4' title="bbox 144 2745 1913 3385">
     <span class='ocr_line' id='line_1_39' title="bbox 147 2745 1910 2792; baseline 0.005 -16"><span class='ocrx_word' id='word_1_411' title='bbox 147 2745 236 2777; x_wconf 89' lang='lat' dir='ltr'><strong>coni.</strong></span> <span class='ocrx_word' id='word_1_412' title='bbox 262 2745 291 2777; x_wconf 84' lang='lat' dir='ltr'><strong>J.</strong></span> <span class='ocrx_word' id='word_1_413' title='bbox 318 2746 370 2776; x_wconf 91' lang='lat' dir='ltr'><strong>Fr.</strong></span> <span class='ocrx_word' id='word_1_414' title='bbox 397 2747 545 2777; x_wconf 86' lang='lat' dir='ltr'><strong>Gronov.</strong></span> <span class='ocrx_word' id='word_1_415' title='bbox 585 2746 681 2777; x_wconf 87' lang='lat' dir='ltr'><strong>«Sed</strong></span> <span class='ocrx_word' id='word_1_416' title='bbox 718 2756 759 2778; x_wconf 85' lang='lat' dir='ltr'><strong>ex</strong></span> <span class='ocrx_word' id='word_1_417' title='bbox 791 2749 1028 2780; x_wconf 87' lang='lat' dir='ltr'><strong>Romanorum</strong></span> <span class='ocrx_word' id='word_1_418' title='bbox 1058 2749 1202 2790; x_wconf 88' lang='lat' dir='ltr'><strong>quidem</strong></span> <span class='ocrx_word' id='word_1_419' title='bbox 1234 2751 1405 2782; x_wconf 86' lang='lat' dir='ltr'><strong>sentiendi</strong></span> <span class='ocrx_word' id='word_1_420' title='bbox 1437 2751 1681 2792; x_wconf 82' lang='lat' dir='ltr'><strong>cogitandique</strong></span> <span class='ocrx_word' id='word_1_421' title='bbox 1710 2753 1843 2784; x_wconf 86' lang='lat' dir='ltr'><strong>ratione</strong></span> <span class='ocrx_word' id='word_1_422' title='bbox 1876 2753 1910 2784; x_wconf 90' lang='lat' dir='ltr'><strong>in</strong></span> 
     </span>
     <span class='ocr_line' id='line_1_40' title="bbox 147 2795 1913 2842; baseline 0.005 -17"><span class='ocrx_word' id='word_1_423' title='bbox 147 2795 391 2826; x_wconf 87' lang='lat' dir='ltr'><strong>coniunctione</strong></span> <span class='ocrx_word' id='word_1_424' title='bbox 417 2795 592 2827; x_wconf 83' lang='lat' dir='ltr'><strong>secundae</strong></span> <span class='ocrx_word' id='word_1_425' title='bbox 618 2798 652 2827; x_wconf 86' lang='lat' dir='ltr'><strong>et</strong></span> <span class='ocrx_word' id='word_1_426' title='bbox 676 2796 845 2829; x_wconf 85' lang='lat' dir='ltr'><strong>adversae</strong></span> <span class='ocrx_word' id='word_1_427' title='bbox 871 2798 1028 2830; x_wconf 80' lang='lat' dir='ltr'><strong>fortunae</strong></span> <span class='ocrx_word' id='word_1_428' title='bbox 1053 2800 1190 2831; x_wconf 86' lang='lat' dir='ltr'><strong>societas</strong></span> <span class='ocrx_word' id='word_1_429' title='bbox 1213 2799 1281 2830; x_wconf 78' lang='lat' dir='ltr'><strong>fida</strong></span> <span class='ocrx_word' id='word_1_430' title='bbox 1305 2800 1470 2832; x_wconf 85' lang='lat' dir='ltr'><strong>nimirum</strong></span> <span class='ocrx_word' id='word_1_431' title='bbox 1495 2802 1529 2831; x_wconf 82' lang='lat' dir='ltr'><strong>et</strong></span> <span class='ocrx_word' id='word_1_432' title='bbox 1552 2800 1698 2833; x_wconf 85' lang='lat' dir='ltr'><strong>honesta</strong></span> <span class='ocrx_word' id='word_1_433' title='bbox 1723 2803 1839 2842; x_wconf 88' lang='lat' dir='ltr'><strong>potest</strong></span> <span class='ocrx_word' id='word_1_434' title='bbox 1859 2802 1913 2834; x_wconf 90' lang='lat' dir='ltr'><strong>in-</strong></span> 
     </span>
     <span class='ocr_line' id='line_1_41' title="bbox 147 2846 1910 2890; baseline 0.005 -14"><span class='ocrx_word' id='word_1_435' title='bbox 147 2852 244 2883; x_wconf 87' lang='lat' dir='ltr'><strong>esse,</strong></span> <span class='ocrx_word' id='word_1_436' title='bbox 271 2847 473 2885; x_wconf 85' lang='lat' dir='ltr'><strong>neutiquam</strong></span> <span class='ocrx_word' id='word_1_437' title='bbox 497 2853 580 2875; x_wconf 76' lang='lat' dir='ltr'><strong>vero</strong></span> <span class='ocrx_word' id='word_1_438' title='bbox 603 2846 796 2877; x_wconf 77' lang='lat' dir='ltr'><strong>sanctitas.»</strong></span> <span class='ocrx_word' id='word_1_439' title='bbox 823 2847 879 2878; x_wconf 73' lang='lat' dir='ltr'><strong>On.</strong></span> <span class='ocrx_word' id='word_1_440' title='bbox 900 2847 922 2877; x_wconf 94' lang='lat' dir='ltr'><strong>l.</strong></span> <span class='ocrx_word' id='word_1_441' title='bbox 946 2865 980 2868; x_wconf 87' lang='lat'>—</span> <span class='ocrx_word' id='word_1_442' title='bbox 1009 2848 1060 2879; x_wconf 78' lang='lat' dir='ltr'><strong>ll.</strong></span> <span class='ocrx_word' id='word_1_443' title='bbox 1084 2858 1187 2888; x_wconf 76' lang='lat' dir='ltr'><strong>neque</strong></span> <span class='ocrx_word' id='word_1_444' title='bbox 1209 2859 1367 2889; x_wconf 72' lang='lat' dir='ltr'><strong>umquam</strong></span> <span class='ocrx_word' id='word_1_445' title='bbox 1386 2851 1444 2881; x_wconf 84' lang='lat' dir='ltr'><strong>Gl.</strong></span> <span class='ocrx_word' id='word_1_446' title='bbox 1470 2849 1651 2890; x_wconf 78' lang='lat' dir='ltr'><strong>Vulgatam</strong></span> <span class='ocrx_word' id='word_1_447' title='bbox 1673 2853 1790 2883; x_wconf 88' lang='lat' dir='ltr'><strong>tuetur</strong></span> <span class='ocrx_word' id='word_1_448' title='bbox 1806 2853 1910 2884; x_wconf 86' lang='lat' dir='ltr'><strong>etiam</strong></span> 
     </span>
     <span class='ocr_line' id='line_1_42' title="bbox 146 2894 1909 2941; baseline 0.005 -16"><span class='ocrx_word' id='word_1_449' title='bbox 146 2895 242 2925; x_wconf 77' lang='lat' dir='ltr'><strong>Serv,</strong></span> <span class='ocrx_word' id='word_1_450' title='bbox 265 2894 307 2925; x_wconf 92' lang='lat' dir='ltr'><strong>ad</strong></span> <span class='ocrx_word' id='word_1_451' title='bbox 327 2898 412 2925; x_wconf 83' lang='lat' dir='ltr'><strong>Aen.</strong></span> <span class='ocrx_word' id='word_1_452' title='bbox 432 2895 471 2925; x_wconf 87' lang='lat'><strong>11.</strong></span> <span class='ocrx_word' id='word_1_453' title='bbox 491 2895 562 2925; x_wconf 76' lang='lat'><strong>457.</strong></span> <span class='ocrx_word' id='word_1_454' title='bbox 585 2912 619 2916; x_wconf 36' lang='lat' dir='ltr'><em>m</em></span> <span class='ocrx_word' id='word_1_455' title='bbox 647 2895 699 2926; x_wconf 77' lang='grc'><strong>49.</strong></span> <span class='ocrx_word' id='word_1_456' title='bbox 727 2896 878 2927; x_wconf 78' lang='lat' dir='ltr'><strong>accedere</strong></span> <span class='ocrx_word' id='word_1_457' title='bbox 903 2897 943 2927; x_wconf 81' lang='lat' dir='ltr'><strong>Gt</strong></span> <span class='ocrx_word' id='word_1_458' title='bbox 963 2897 1097 2936; x_wconf 60' lang='lat' dir='ltr'><strong>§ng</strong></span> <span class='ocrx_word' id='word_1_459' title='bbox 1126 2898 1167 2930; x_wconf 82' lang='lat' dir='ltr'><strong>cf.</strong></span> <span class='ocrx_word' id='word_1_460' title='bbox 1189 2898 1232 2930; x_wconf 90' lang='lat' dir='ltr'><strong>ad</strong></span> <span class='ocrx_word' id='word_1_461' title='bbox 1257 2899 1287 2939; x_wconf 68' lang='lat' dir='ltr'><strong>g.</strong></span> <span class='ocrx_word' id='word_1_462' title='bbox 1307 2899 1337 2931; x_wconf 69' lang='lat'><strong>4.</strong></span> <span class='ocrx_word' id='word_1_463' title='bbox 1360 2918 1394 2922; x_wconf 98' lang='lat'>—</span> <span class='ocrx_word' id='word_1_464' title='bbox 1422 2900 1474 2931; x_wconf 77' lang='lat'><strong>⁶20.</strong></span> <span class='ocrx_word' id='word_1_465' title='bbox 1500 2900 1589 2941; x_wconf 75' lang='lat' dir='ltr'><strong>ipsis]</strong></span> <span class='ocrx_word' id='word_1_466' title='bbox 1614 2901 1768 2939; x_wconf 80' lang='lat' dir='ltr'><strong>temporis</strong></span> <span class='ocrx_word' id='word_1_467' title='bbox 1784 2902 1831 2932; x_wconf 65' lang='lat' dir='ltr'><strong>Ga</strong></span> <span class='ocrx_word' id='word_1_468' title='bbox 1849 2901 1909 2933; x_wconf 90' lang='lat' dir='ltr'><strong>Ld.</strong></span> 
     </span>
     <span class='ocr_line' id='line_1_43' title="bbox 147 2945 1911 2988; baseline 0.003 -12"><span class='ocrx_word' id='word_1_469' title='bbox 147 2961 184 2967; x_wconf 89' lang='lat'><strong>—</strong></span> <span class='ocrx_word' id='word_1_470' title='bbox 210 2945 263 2976; x_wconf 74' lang='lat'><strong>⁶22.</strong></span> <span class='ocrx_word' id='word_1_471' title='bbox 289 2945 363 2984; x_wconf 79' lang='lat' dir='ltr'><strong>hae,</strong></span> <span class='ocrx_word' id='word_1_472' title='bbox 391 2952 475 2983; x_wconf 80' lang='lat' dir='ltr'><strong>quae</strong></span> <span class='ocrx_word' id='word_1_473' title='bbox 499 2945 563 2981; x_wconf 77' lang='lat' dir='ltr'><strong>Gt,</strong></span> <span class='ocrx_word' id='word_1_474' title='bbox 597 2947 682 2985; x_wconf 77' lang='lat' dir='ltr'><strong>Aug.</strong></span> <span class='ocrx_word' id='word_1_475' title='bbox 711 2946 783 2977; x_wconf 67' lang='lat' dir='ltr'><strong>Civ.</strong></span> <span class='ocrx_word' id='word_1_476' title='bbox 810 2947 849 2977; x_wconf 93' lang='lat' dir='ltr'><strong>D.</strong></span> <span class='ocrx_word' id='word_1_477' title='bbox 878 2946 928 2977; x_wconf 68' lang='lat'><strong>49.</strong></span> <span class='ocrx_word' id='word_1_478' title='bbox 955 2956 992 2985; x_wconf 79' lang='grc' dir='ltr'><strong>ς;</strong></span> <span class='ocrx_word' id='word_1_479' title='bbox 1030 2947 1127 2987; x_wconf 81' lang='lat' dir='ltr'><strong>haec,</strong></span> <span class='ocrx_word' id='word_1_480' title='bbox 1155 2957 1238 2988; x_wconf 80' lang='lat' dir='ltr'><strong>quae</strong></span> <span class='ocrx_word' id='word_1_481' title='bbox 1263 2949 1320 2980; x_wconf 63' lang='lat' dir='ltr'><strong>Ga.</strong></span> <span class='ocrx_word' id='word_1_482' title='bbox 1352 2967 1386 2971; x_wconf 80' lang='lat'><strong>—-</strong></span> <span class='ocrx_word' id='word_1_483' title='bbox 1413 2949 1669 2981; x_wconf 79' lang='lat' dir='ltr'><strong>dissimulatione</strong></span> <span class='ocrx_word' id='word_1_484' title='bbox 1693 2950 1752 2981; x_wconf 81' lang='lat' dir='ltr'><strong>Gl.</strong></span> <span class='ocrx_word' id='word_1_485' title='bbox 1791 2951 1911 2982; x_wconf 69' lang='lat' dir='ltr'><strong>“Nulla</strong></span> 
     </span>
     <span class='ocr_line' id='line_1_44' title="bbox 144 2995 1908 3039; baseline 0.003 -13"><span class='ocrx_word' id='word_1_486' title='bbox 144 2998 190 3026; x_wconf 79' lang='lat' dir='ltr'><strong>est</strong></span> <span class='ocrx_word' id='word_1_487' title='bbox 218 2995 374 3026; x_wconf 79' lang='lat' dir='ltr'><strong>occultior</strong></span> <span class='ocrx_word' id='word_1_488' title='bbox 408 3003 458 3026; x_wconf 84' lang='lat' dir='ltr'><strong>res</strong></span> <span class='ocrx_word' id='word_1_489' title='bbox 486 2995 630 3033; x_wconf 77' lang='lat' dir='ltr'><strong>insidiis,</strong></span> <span class='ocrx_word' id='word_1_490' title='bbox 668 3004 753 3035; x_wconf 78' lang='lat' dir='ltr'><strong>quae</strong></span> <span class='ocrx_word' id='word_1_491' title='bbox 781 2996 881 3027; x_wconf 83' lang='lat' dir='ltr'><strong>latent</strong></span> <span class='ocrx_word' id='word_1_492' title='bbox 912 2996 944 3026; x_wconf 82' lang='lat' dir='ltr'><strong>in</strong></span> <span class='ocrx_word' id='word_1_493' title='bbox 970 2997 1175 3029; x_wconf 80' lang='lat' dir='ltr'><strong>simulatione</strong></span> <span class='ocrx_word' id='word_1_494' title='bbox 1200 2997 1332 3038; x_wconf 73' lang='lat' dir='ltr'><strong>officii.»</strong></span> <span class='ocrx_word' id='word_1_495' title='bbox 1371 2997 1485 3029; x_wconf 82' lang='lat' dir='ltr'><strong>Schol.</strong></span> <span class='ocrx_word' id='word_1_496' title='bbox 1512 2998 1556 3029; x_wconf 90' lang='lat' dir='ltr'><strong>ad</strong></span> <span class='ocrx_word' id='word_1_497' title='bbox 1580 2998 1732 3030; x_wconf 85' lang='lat' dir='ltr'><strong>Iuvenal.</strong></span> <span class='ocrx_word' id='word_1_498' title='bbox 1758 3000 1813 3031; x_wconf 90' lang='lat' dir='ltr'><strong>IV.</strong></span> <span class='ocrx_word' id='word_1_499' title='bbox 1840 3000 1908 3039; x_wconf 58' lang='lat'><strong>751,</strong></span> 
     </span>
     <span class='ocr_line' id='line_1_45' title="bbox 145 3044 1909 3089; baseline 0.003 -13"><span class='ocrx_word' id='word_1_500' title='bbox 145 3052 234 3084; x_wconf 87' lang='lat' dir='ltr'><strong>quae</strong></span> <span class='ocrx_word' id='word_1_501' title='bbox 260 3045 373 3075; x_wconf 85' lang='lat' dir='ltr'><strong>Garat.</strong></span> <span class='ocrx_word' id='word_1_502' title='bbox 392 3045 430 3075; x_wconf 85' lang='lat' dir='ltr'><strong>ll.</strong></span> <span class='ocrx_word' id='word_1_503' title='bbox 458 3044 507 3075; x_wconf 91' lang='lat' dir='ltr'><strong>sic</strong></span> <span class='ocrx_word' id='word_1_504' title='bbox 531 3044 719 3076; x_wconf 87' lang='lat' dir='ltr'><strong>emendat:</strong></span> <span class='ocrx_word' id='word_1_505' title='bbox 745 3046 857 3076; x_wconf 74' lang='lat' dir='ltr'><strong>nullae</strong></span> <span class='ocrx_word' id='word_1_506' title='bbox 875 3046 925 3085; x_wconf 80' lang='lat' dir='ltr'><strong>(st)</strong></span> <span class='ocrx_word' id='word_1_507' title='bbox 951 3049 1025 3076; x_wconf 78' lang='lat' dir='ltr'><strong>sunt</strong></span> <span class='ocrx_word' id='word_1_508' title='bbox 1040 3047 1230 3078; x_wconf 75' lang='lat' dir='ltr'><strong>occultiores</strong></span> <span class='ocrx_word' id='word_1_509' title='bbox 1244 3048 1384 3079; x_wconf 83' lang='lat' dir='ltr'><strong>insidiae</strong></span> <span class='ocrx_word' id='word_1_510' title='bbox 1399 3049 1457 3087; x_wconf 80' lang='lat' dir='ltr'><strong>iis,</strong></span> <span class='ocrx_word' id='word_1_511' title='bbox 1485 3057 1570 3088; x_wconf 86' lang='lat' dir='ltr'><strong>quae</strong></span> <span class='ocrx_word' id='word_1_512' title='bbox 1591 3057 1669 3089; x_wconf 87' lang='lat' dir='ltr'><strong>sqq.</strong></span> <span class='ocrx_word' id='word_1_513' title='bbox 1693 3067 1726 3071; x_wconf 92' lang='lat'><strong>—</strong></span> <span class='ocrx_word' id='word_1_514' title='bbox 1754 3049 1806 3081; x_wconf 77' lang='lat'><strong>⁶23.</strong></span> <span class='ocrx_word' id='word_1_515' title='bbox 1831 3059 1909 3081; x_wconf 84' lang='lat' dir='ltr'><strong>nam</strong></span> 
     </span>
     <span class='ocr_line' id='line_1_46' title="bbox 145 3093 1910 3137; baseline 0.003 -13"><span class='ocrx_word' id='word_1_516' title='bbox 145 3093 201 3132; x_wconf 81' lang='lat' dir='ltr'><strong>qui</strong></span> <span class='ocrx_word' id='word_1_517' title='bbox 224 3094 282 3134; x_wconf 85' lang='lat' dir='ltr'><strong>Lg.</strong></span> <span class='ocrx_word' id='word_1_518' title='bbox 301 3094 360 3130; x_wconf 71' lang='lat'><strong>⁶293</strong></span> <span class='ocrx_word' id='word_1_519' title='bbox 391 3102 470 3124; x_wconf 82' lang='lat' dir='ltr'><strong>nam</strong></span> <span class='ocrx_word' id='word_1_520' title='bbox 492 3102 565 3124; x_wconf 82' lang='lat' dir='ltr'><strong>cum</strong></span> <span class='ocrx_word' id='word_1_521' title='bbox 591 3094 670 3132; x_wconf 83' lang='lat' dir='ltr'><strong>(orn.</strong></span> <span class='ocrx_word' id='word_1_522' title='bbox 698 3095 762 3134; x_wconf 80' lang='lat' dir='ltr'><strong>qui)</strong></span> <span class='ocrx_word' id='word_1_523' title='bbox 789 3096 855 3132; x_wconf 71' lang='lat' dir='ltr'><strong>G23</strong></span> <span class='ocrx_word' id='word_1_524' title='bbox 888 3104 965 3126; x_wconf 82' lang='lat' dir='ltr'><strong>nam</strong></span> <span class='ocrx_word' id='word_1_525' title='bbox 996 3105 1069 3127; x_wconf 80' lang='lat' dir='ltr'><strong>eum</strong></span> <span class='ocrx_word' id='word_1_526' title='bbox 1092 3098 1148 3136; x_wconf 81' lang='lat' dir='ltr'><strong>qui</strong></span> <span class='ocrx_word' id='word_1_527' title='bbox 1170 3098 1349 3137; x_wconf 77' lang='lat' dir='ltr'><strong>Augustin.</strong></span> <span class='ocrx_word' id='word_1_528' title='bbox 1378 3098 1399 3130; x_wconf 95' lang='lat' dir='ltr'><strong>l.</strong></span> <span class='ocrx_word' id='word_1_529' title='bbox 1426 3097 1462 3136; x_wconf 89' lang='grc'><strong>1.,</strong></span> <span class='ocrx_word' id='word_1_530' title='bbox 1489 3098 1552 3130; x_wconf 86' lang='lat' dir='ltr'><strong>sed</strong></span> <span class='ocrx_word' id='word_1_531' title='bbox 1576 3099 1609 3129; x_wconf 91' lang='lat' dir='ltr'><strong>in</strong></span> <span class='ocrx_word' id='word_1_532' title='bbox 1635 3097 1755 3129; x_wconf 85' lang='lat' dir='ltr'><strong>codice</strong></span> <span class='ocrx_word' id='word_1_533' title='bbox 1780 3097 1910 3130; x_wconf 88' lang='lat' dir='ltr'><strong>Barbe-</strong></span> 
     </span>
     <span class='ocr_line' id='line_1_47' title="bbox 144 3141 1904 3188; baseline 0.005 -16"><span class='ocrx_word' id='word_1_534' title='bbox 144 3141 220 3173; x_wconf 82' lang='lat' dir='ltr'><strong>rino</strong></span> <span class='ocrx_word' id='word_1_535' title='bbox 243 3143 423 3182; x_wconf 84' lang='lat' dir='ltr'><strong>Augustini</strong></span> <span class='ocrx_word' id='word_1_536' title='bbox 446 3151 525 3174; x_wconf 77' lang='lat' dir='ltr'><strong>nam</strong></span> <span class='ocrx_word' id='word_1_537' title='bbox 549 3152 623 3174; x_wconf 79' lang='lat' dir='ltr'><strong>cum</strong></span> <span class='ocrx_word' id='word_1_538' title='bbox 647 3144 719 3182; x_wconf 79' lang='lat' dir='ltr'><strong>quis</strong></span> <span class='ocrx_word' id='word_1_539' title='bbox 742 3143 805 3183; x_wconf 83' lang='lat' dir='ltr'><strong>legi</strong></span> <span class='ocrx_word' id='word_1_540' title='bbox 831 3146 978 3176; x_wconf 87' lang='lat' dir='ltr'><strong>testatur</strong></span> <span class='ocrx_word' id='word_1_541' title='bbox 995 3146 1107 3177; x_wconf 88' lang='lat' dir='ltr'><strong>Garat.</strong></span> <span class='ocrx_word' id='word_1_542' title='bbox 1127 3147 1181 3184; x_wconf 84' lang='lat'><strong>11.,</strong></span> <span class='ocrx_word' id='word_1_543' title='bbox 1208 3148 1266 3187; x_wconf 85' lang='lat' dir='ltr'><strong>qui</strong></span> <span class='ocrx_word' id='word_1_544' title='bbox 1291 3147 1326 3178; x_wconf 89' lang='lat' dir='ltr'><strong>id</strong></span> <span class='ocrx_word' id='word_1_545' title='bbox 1351 3146 1528 3188; x_wconf 82' lang='lat' dir='ltr'><strong>eleganter</strong></span> <span class='ocrx_word' id='word_1_546' title='bbox 1551 3148 1682 3180; x_wconf 86' lang='lat' dir='ltr'><strong>dictum</strong></span> <span class='ocrx_word' id='word_1_547' title='bbox 1706 3147 1904 3180; x_wconf 83' lang='lat' dir='ltr'><strong>arbitratur.</strong></span> 
     </span>
     <span class='ocr_line' id='line_1_48' title="bbox 148 3191 1905 3237; baseline 0.004 -15"><span class='ocrx_word' id='word_1_548' title='bbox 148 3208 183 3213; x_wconf 90' lang='lat'>—</span> <span class='ocrx_word' id='word_1_549' title='bbox 201 3191 255 3224; x_wconf 65' lang='lat'><strong>⁶24.</strong></span> <span class='ocrx_word' id='word_1_550' title='bbox 280 3202 345 3224; x_wconf 86' lang='lat' dir='ltr'><strong>non</strong></span> <span class='ocrx_word' id='word_1_551' title='bbox 367 3194 462 3224; x_wconf 85' lang='lat' dir='ltr'><strong>modo</strong></span> <span class='ocrx_word' id='word_1_552' title='bbox 486 3193 611 3224; x_wconf 55' lang='lat' dir='ltr'><strong>eaesistit</strong></span> <span class='ocrx_word' id='word_1_553' title='bbox 633 3195 673 3225; x_wconf 76' lang='lat' dir='ltr'><strong>A.</strong></span> <span class='ocrx_word' id='word_1_554' title='bbox 700 3195 813 3225; x_wconf 83' lang='lat' dir='ltr'><strong>Garat.</strong></span> <span class='ocrx_word' id='word_1_555' title='bbox 842 3195 880 3225; x_wconf 88' lang='lat'><strong>11.</strong></span> <span class='ocrx_word' id='word_1_556' title='bbox 913 3196 971 3234; x_wconf 76' lang='lat' dir='ltr'><strong>(ex</strong></span> <span class='ocrx_word' id='word_1_557' title='bbox 994 3196 1137 3235; x_wconf 80' lang='lat' dir='ltr'><strong>August.</strong></span> <span class='ocrx_word' id='word_1_558' title='bbox 1164 3195 1185 3227; x_wconf 90' lang='lat' dir='ltr'><strong>l.</strong></span> <span class='ocrx_word' id='word_1_559' title='bbox 1212 3196 1247 3233; x_wconf 83' lang='grc'><strong>1.,</strong></span> <span class='ocrx_word' id='word_1_560' title='bbox 1285 3196 1343 3227; x_wconf 86' lang='lat' dir='ltr'><strong>ubi</strong></span> <span class='ocrx_word' id='word_1_561' title='bbox 1366 3206 1432 3228; x_wconf 87' lang='lat' dir='ltr'><strong>non</strong></span> <span class='ocrx_word' id='word_1_562' title='bbox 1455 3198 1558 3228; x_wconf 86' lang='lat' dir='ltr'><strong>solum</strong></span> <span class='ocrx_word' id='word_1_563' title='bbox 1581 3197 1715 3237; x_wconf 82' lang='lat' dir='ltr'><strong>legitur)</strong></span> <span class='ocrx_word' id='word_1_564' title='bbox 1740 3197 1853 3229; x_wconf 82' lang='lat' dir='ltr'><strong>Madv.</strong></span> <span class='ocrx_word' id='word_1_565' title='bbox 1880 3199 1905 3230; x_wconf 86' lang='grc' dir='ltr'><strong>Ι.</strong></span> 
     </span>
     <span class='ocr_line' id='line_1_49' title="bbox 145 3240 1904 3285; baseline 0.004 -13"><span class='ocrx_word' id='word_1_566' title='bbox 145 3249 180 3281; x_wconf 87' lang='lat' dir='ltr'><strong>p.</strong></span> <span class='ocrx_word' id='word_1_567' title='bbox 206 3240 278 3272; x_wconf 79' lang='lat'><strong>326.</strong></span> <span class='ocrx_word' id='word_1_568' title='bbox 318 3241 421 3282; x_wconf 81' lang='lat' dir='ltr'><strong>Seyff.</strong></span> <span class='ocrx_word' id='word_1_569' title='bbox 449 3242 555 3283; x_wconf 89' lang='lat' dir='ltr'><strong>Epist.</strong></span> <span class='ocrx_word' id='word_1_570' title='bbox 582 3243 656 3274; x_wconf 90' lang='lat' dir='ltr'><strong>crit.</strong></span> <span class='ocrx_word' id='word_1_571' title='bbox 683 3242 727 3274; x_wconf 87' lang='lat' dir='ltr'><strong>ad</strong></span> <span class='ocrx_word' id='word_1_572' title='bbox 753 3245 829 3275; x_wconf 89' lang='lat' dir='ltr'><strong>Car.</strong></span> <span class='ocrx_word' id='word_1_573' title='bbox 856 3243 966 3275; x_wconf 87' lang='lat' dir='ltr'><strong>Halm.</strong></span> <span class='ocrx_word' id='word_1_574' title='bbox 994 3253 1027 3285; x_wconf 88' lang='lat' dir='ltr'><strong>p.</strong></span> <span class='ocrx_word' id='word_1_575' title='bbox 1055 3245 1106 3276; x_wconf 73' lang='lat'><strong>49.</strong></span> <span class='ocrx_word' id='word_1_576' title='bbox 1133 3244 1210 3276; x_wconf 88' lang='lat' dir='ltr'><strong>coll.</strong></span> <span class='ocrx_word' id='word_1_577' title='bbox 1238 3244 1348 3277; x_wconf 89' lang='lat' dir='ltr'><strong>Halm.</strong></span> <span class='ocrx_word' id='word_1_578' title='bbox 1376 3246 1409 3277; x_wconf 91' lang='lat' dir='ltr'><strong>in</strong></span> <span class='ocrx_word' id='word_1_579' title='bbox 1433 3246 1529 3278; x_wconf 84' lang='lat' dir='ltr'><strong>lahn.</strong></span> <span class='ocrx_word' id='word_1_580' title='bbox 1551 3245 1684 3278; x_wconf 85' lang='lat' dir='ltr'><strong>Annall.</strong></span> <span class='ocrx_word' id='word_1_581' title='bbox 1710 3246 1804 3278; x_wconf 68' lang='lat'><strong>4850.</strong></span> <span class='ocrx_word' id='word_1_582' title='bbox 1830 3246 1904 3279; x_wconf 84' lang='lat' dir='ltr'><strong>Vol.</strong></span> 
     </span>
     <span class='ocr_line' id='line_1_50' title="bbox 146 3290 1902 3335; baseline 0.005 -15"><span class='ocrx_word' id='word_1_583' title='bbox 146 3290 198 3321; x_wconf 81' lang='lat'><strong>55.</strong></span> <span class='ocrx_word' id='word_1_584' title='bbox 224 3299 258 3330; x_wconf 85' lang='lat' dir='ltr'><strong>p.</strong></span> <span class='ocrx_word' id='word_1_585' title='bbox 284 3291 324 3323; x_wconf 92' lang='lat'><strong>38</strong></span> <span class='ocrx_word' id='word_1_586' title='bbox 349 3300 451 3332; x_wconf 87' lang='lat' dir='ltr'><strong>sqq.:</strong></span> <span class='ocrx_word' id='word_1_587' title='bbox 478 3301 543 3323; x_wconf 78' lang='lat' dir='ltr'><strong>non</strong></span> <span class='ocrx_word' id='word_1_588' title='bbox 565 3294 660 3324; x_wconf 86' lang='lat' dir='ltr'><strong>modo</strong></span> <span class='ocrx_word' id='word_1_589' title='bbox 683 3302 748 3324; x_wconf 83' lang='lat' dir='ltr'><strong>non</strong></span> <span class='ocrx_word' id='word_1_590' title='bbox 773 3294 897 3325; x_wconf 60' lang='lat' dir='ltr'><strong>exsistit</strong></span> <span class='ocrx_word' id='word_1_591' title='bbox 921 3293 1023 3325; x_wconf 87' lang='lat' dir='ltr'><strong>codd.</strong></span> <span class='ocrx_word' id='word_1_592' title='bbox 1050 3295 1086 3326; x_wconf 93' lang='lat' dir='ltr'><strong>O.</strong></span> <span class='ocrx_word' id='word_1_593' title='bbox 1116 3313 1151 3317; x_wconf 97' lang='lat'><strong>—</strong></span> <span class='ocrx_word' id='word_1_594' title='bbox 1178 3295 1229 3326; x_wconf 59' lang='lat'><strong>026.</strong></span> <span class='ocrx_word' id='word_1_595' title='bbox 1257 3299 1343 3334; x_wconf 80' lang='lat' dir='ltr'><strong>tum,</strong></span> <span class='ocrx_word' id='word_1_596' title='bbox 1369 3304 1443 3327; x_wconf 83' lang='lat' dir='ltr'><strong>cum</strong></span> <span class='ocrx_word' id='word_1_597' title='bbox 1468 3297 1509 3327; x_wconf 73' lang='lat' dir='ltr'><strong>Gt</strong></span> <span class='ocrx_word' id='word_1_598' title='bbox 1528 3306 1571 3335; x_wconf 75' lang='grc' dir='ltr'><strong>ςς</strong></span> <span class='ocrx_word' id='word_1_599' title='bbox 1597 3299 1666 3328; x_wconf 86' lang='lat' dir='ltr'><strong>tum</strong></span> <span class='ocrx_word' id='word_1_600' title='bbox 1689 3304 1758 3327; x_wconf 91' lang='lat' dir='ltr'><strong>om.</strong></span> <span class='ocrx_word' id='word_1_601' title='bbox 1778 3296 1825 3328; x_wconf 66' lang='lat' dir='ltr'><strong>Ga</strong></span> <span class='ocrx_word' id='word_1_602' title='bbox 1841 3296 1902 3328; x_wconf 89' lang='lat' dir='ltr'><strong>Ld.</strong></span> 
     </span>
     <span class='ocr_line' id='line_1_51' title="bbox 150 3340 1760 3385; baseline 0.004 -14"><span class='ocrx_word' id='word_1_603' title='bbox 150 3357 185 3362; x_wconf 92' lang='lat'><strong>—-</strong></span> <span class='ocrx_word' id='word_1_604' title='bbox 211 3340 262 3372; x_wconf 88' lang='lat'><strong>30.</strong></span> <span class='ocrx_word' id='word_1_605' title='bbox 289 3341 526 3381; x_wconf 79' lang='lat' dir='ltr'><strong>deportandum</strong></span> <span class='ocrx_word' id='word_1_606' title='bbox 550 3343 639 3374; x_wconf 89' lang='lat' dir='ltr'><strong>coni.</strong></span> <span class='ocrx_word' id='word_1_607' title='bbox 666 3343 746 3374; x_wconf 90' lang='lat' dir='ltr'><strong>Ern.</strong></span> <span class='ocrx_word' id='word_1_608' title='bbox 783 3342 967 3383; x_wconf 81' lang='lat' dir='ltr'><strong>Vulgatam</strong></span> <span class='ocrx_word' id='word_1_609' title='bbox 991 3345 1131 3384; x_wconf 85' lang='lat' dir='ltr'><strong>praeter</strong></span> <span class='ocrx_word' id='word_1_610' title='bbox 1155 3344 1258 3376; x_wconf 88' lang='lat' dir='ltr'><strong>codd.</strong></span> <span class='ocrx_word' id='word_1_611' title='bbox 1285 3346 1402 3379; x_wconf 78' lang='lat' dir='ltr'><strong>tuetur</strong></span> <span class='ocrx_word' id='word_1_612' title='bbox 1424 3345 1625 3378; x_wconf 82' lang='lat' dir='ltr'><strong>Rufinianus</strong></span> <span class='ocrx_word' id='word_1_613' title='bbox 1650 3345 1682 3385; x_wconf 87' lang='lat' dir='ltr'><strong>l,</strong></span> <span class='ocrx_word' id='word_1_614' title='bbox 1709 3346 1760 3377; x_wconf 73' lang='lat'><strong>⁴5.</strong></span> 
     </span>
    </p>
   </div>
  </div>
 </body>
</html>
