2143 3713
267 251 348 294 654
808 255 1007 296 ORATIO
1038 255 1140 295 PRO
1174 254 1216 296 C.
1246 256 1462 297 RABIRIO

267 372 325 411 rei
356 371 544 425 publicae
576 370 878 412 defenderunt?
910 373 1010 426 quid
1033 373 1083 412 de
1103 373 1280 412 tribunis
1301 374 1471 413 aerariis
1492 379 1807 429 ceterorumque
1828 377 2016 417 ordinum

268 435 450 473 omnium
495 433 756 481 hominibus,
807 435 877 487 qui
915 440 1000 474 tum
1044 448 1157 474 arma
1199 448 1273 487 pro
1315 436 1521 475 communi
1562 436 1749 476 libertate
1792 444 2017 491 ceperunt?

269 497 320 535 X.
353 496 434 535 Sed
458 495 558 548 quid
581 509 658 548 ego
681 497 731 535 de
753 497 803 536 iis
826 496 1030 543 omnibus,
1055 496 1124 548 qui
1147 497 1354 536 consulari
1376 498 1549 550 imperio
1572 505 1811 550 paruerunt,
1841 501 2018 554 loquor‘?

269 557 319 596 de
352 558 536 610 ipsorum
568 558 787 598 consulum
826 558 934 597 sama
972 558 1072 610 quid
1111 558 1295 597 futurum
1336 562 1423 599 est‘?
1482 561 1527 599 L.
1558 561 1770 607 Flaccum,
1808 561 2017 601 hominem

235 626 359 658 5cum
391 632 554 671 semper
583 619 625 658 in
656 633 699 659 re
730 620 915 672 publica,
948 626 1032 659 tum
1065 620 1106 658 in
1139 620 1446 672 magistratibus
1477 622 1692 673 gerendis,
1724 622 1764 661 in
1788 623 2019 663 sacerdotio

267 681 641 734 caerimoniisque,
687 682 838 734 quibus
883 687 1092 734 praeerat,
1140 681 1520 734 diligentissimum,
1570 683 1715 723 nefarii
1762 685 1929 724 sceleris
1974 698 2020 724 ac

266 742 479 797 parricidii
509 749 717 783 mortuum
749 744 1144 783 condemnabimus?
1184 743 1458 796 adiungemus
1498 746 1548 784 ad
1590 745 1695 784 banc
1727 746 1862 785 labem
1904 747 2021 798 igno—

267 806 521 858 miniamque
554 805 698 844 mortis
730 805 854 844 etiam
889 806 930 844 C.
953 806 1071 845 Marii
1094 806 1272 844 nomen?
1305 806 1347 844 C.
1369 807 1566 854 Marium,
1600 821 1722 860 quem
1745 821 1840 847 vere
1861 814 2018 860 patrem

265 869 446 921 patriae,
478 873 710 920 parentem,
742 867 935 919 inquam,
967 873 1127 907 vestrae
1158 868 1360 906 libertatis
1392 874 1513 920 atque
1544 870 1716 909 huiusce
1748 870 1807 908 rei
1829 870 2017 922 publicae

216 939 252 966 111
266 943 487 983 possumus
518 929 677 975 dicere,
710 928 875 968 sceleris
908 942 954 968 ac
986 929 1194 981 parricidii
1222 928 1369 968 nefarii
1389 937 1595 971 mortuum
1618 932 2018 972 condemnahinmsz‘

265 990 331 1032 228.
370 992 534 1032 Etenim
576 992 608 1030 si
646 991 688 1030 C.
720 991 911 1038 Rabirio,
952 991 1063 1043 quod
1106 992 1152 1030 iit
1193 991 1243 1031 ad
1283 1005 1417 1038 arma,
1458 1006 1620 1032 crucem
1652 995 1696 1032 T.
1729 995 1936 1034 Labienus
1978 995 2017 1033 in

267 1067 412 1107 campo
446 1053 592 1093 Martio
625 1051 884 1104 defigendam
922 1054 1100 1105 putavit,
1145 1053 1258 1105 quod
1298 1053 1462 1094 tandem
1503 1056 1803 1108 excogitabitur
1841 1058 1883 1096 in
1925 1070 2018 1096 eum

267 1116 540 1170 supplicium,
573 1115 643 1168 qui
673 1114 869 1154 vocavit?
928 1116 1007 1161 Ac,
1041 1115 1074 1155 si
1106 1113 1207 1155 sides
1239 1116 1463 1155 Saturnino
1495 1118 1588 1157 data
1621 1124 1703 1164 est,
1736 1118 1848 1171 quod
1878 1119 1949 1158 3115
1981 1124 2020 1157 10

267 1178 508 1231 5361115511116
542 1177 713 1223 (11011111,
745 1189 829 1216 11011
861 1190 950 1216 63111
984 1177 1027 1216 C.
1058 1178 1271 1224 Rabirius,
1303 1179 1375 1217 sed
1408 1179 1450 1218 C.
1471 1180 1627 1219 Marius
1659 1180 1795 1225 dedit,
1827 1180 2020 1233 idemque

217 1240 453 1287 inviolavit,
497 1240 531 1279 si
571 1239 613 1278 in
655 1237 734 1278 fide
770 1252 853 1278 non
885 1239 1013 1279 stetit.
1085 1240 1202 1288 Quae
1240 1240 1366 1287 fides,
1402 1241 1605 1288 Labiene,
1646 1242 1715 1294 qui
1757 1242 1894 1294 11011111
1932 1243 2020 1282 sine.

267 1306 435 1342 senatus
467 1301 654 1341 consulto
686 1301 802 1340 dari?
842 1301 1012 1342 Adeone
1042 1302 1194 1356 hospes
1226 1316 1268 1342 es
1300 1302 1473 1343 huiusce
1505 1305 1641 1351 1111115,
1673 1304 1832 1344 31160116
1854 1304 2020 1356 ignarus

266 1364 508 1417 disciplinae
550 1363 952 1416 consuetudinisque
989 1371 1176 1412 nostrae,
1220 1371 1266 1406 ut
1304 1365 1407 1406 haec
1449 1369 1630 1414 nescias,
1678 1373 1723 1407 ut
1764 1367 2018 1420 peregrinari

266 1427 307 1466 in
339 1427 475 1466 aliena
506 1426 693 1473 civitate,
737 1439 819 1465 non
856 1426 898 1465 in
939 1432 1008 1466 tua
1048 1428 1333 1480 magistratum
1371 1441 1513 1481 gerere
1546 1429 1740 1469 videare?
1800 1427 1865 1468 ¹29.
1908 1427 2019 1476 Quid

265 1489 345 1528 iam
390 1489 470 1528 ista
517 1489 558 1527 C.
603 1487 755 1535 Mario,
805 1488 963 1541 inquit,
1009 1502 1158 1528 nocere
1204 1496 1399 1542 possunt,
1446 1493 1644 1545 quoniam
1686 1506 1810 1532 sensu
1854 1498 1893 1531 et
1937 1491 2020 1530 vita

215 1559 250 1588 90
265 1553 404 1591 caret?
434 1574 489 1578 —
518 1551 634 1590 Itane
665 1552 791 1590 vero?
834 1551 959 1590 tantis
995 1551 1037 1590 in
1068 1551 1278 1591 laboribus
1311 1553 1353 1592 C.
1385 1554 1540 1592 Marius
1571 1554 1852 1607 periculisque
1892 1553 2021 1592 vixis-

265 1618 345 1661 set,
377 1613 410 1653 si
441 1613 544 1652 nihil
576 1612 762 1666 longius,
803 1626 925 1666 quam
959 1614 1064 1653 vitae
1095 1614 1261 1653 termini
1293 1615 1579 1666 postulabant,
1621 1630 1693 1669 spe
1726 1621 1849 1669 atque
1879 1616 2018 1654 animo

265 1677 315 1715 de
348 1690 390 1715 se
423 1682 463 1716 et
493 1676 623 1728 gloria
655 1689 728 1715 sua
759 1676 1011 1728 cogitasset?
1070 1677 1142 1723 At,
1182 1675 1326 1723 credo,
1363 1690 1454 1716 cum
1486 1677 1808 1717 innumerabiles
1839 1677 2017 1717 hostium

265 1740 406 1792 copias
438 1738 479 1777 in
511 1738 629 1777 Italia
658 1737 837 1777 fudisset
866 1743 991 1790 atque
1024 1737 1242 1777 obsidione
1274 1751 1357 1777 rem
1382 1739 1589 1790 publicam
1614 1740 1850 1786 liberasset,
1883 1739 2021 1777 onmia

265 1815 338 1841 sua
369 1815 508 1841 secum
541 1813 625 1840 una
646 1800 845 1839 moritura
866 1800 1151 1839 arbitrabatur.
1196 1800 1289 1838 Non
1312 1806 1373 1840 est
1395 1801 1472 1848 ita,
1506 1801 1712 1849 Quirites:
1744 1814 1880 1853 neque
1903 1800 2017 1852 quis-

213 1871 249 1899 25
264 1877 387 1917 quam
418 1868 605 1902 nostrum
637 1862 680 1901 in
710 1862 766 1901 rei
798 1862 989 1914 publicae
1021 1862 1218 1914 periculis
1257 1876 1349 1901 cum
1388 1863 1508 1903 laude
1549 1877 1595 1903 ac
1635 1865 1786 1903 virtute
1817 1867 2018 1908 versatur,

263 1926 365 1978 quin
405 1938 478 1978 spe
517 1924 770 1977 posteritatis
810 1923 1033 1977 fructuque
1073 1923 1257 1964 ducatur.
1326 1925 1472 1978 Itaque
1513 1939 1604 1964 cum
1648 1926 1789 1965 multis
1832 1925 1925 1964 aliis
1969 1924 2019 1962 de

263 1987 398 2026 causis
428 1987 613 2026 virorum
643 1987 845 2026 bonorum
888 1991 1045 2025 mentes
1085 1985 1249 2025 divinae
1290 1986 1391 2025 mihi
1432 1992 1556 2040 atque
1596 1993 1788 2027 aeternae
1828 1987 2022 2027 videntur

263 2063 374 2097 esse,
418 2054 505 2088 tum
547 2049 745 2096 maxime,
791 2049 901 2101 quod
943 2048 1087 2101 optimi
1126 2053 1165 2087 et
1204 2048 1499 2100 sapientissimi
1538 2049 1741 2102 cuiusque
1773 2052 1934 2089 animus
1965 2049 2019 2088 113

263 2111 491 2165 praesentit
529 2111 572 2150 in
613 2116 846 2164 posterum,
892 2116 937 2150 ut
982 2109 1082 2149 nihil
1127 2111 1204 2149 nisi
1243 2110 1542 2162 sempiternum
1588 2117 1772 2164 spectare
1817 2112 2020 2151 videatur.

213 2174 329 2213 30:30.
372 2173 639 2225 Quapropter
675 2173 868 2226 equidem
911 2177 952 2212 et
992 2173 1034 2211 C.
1066 2173 1182 2212 Marii
1223 2178 1261 2211 et
1293 2178 1523 2212 ceterorum
1553 2175 1734 2213 virorum
1765 2173 2021 2226 sapientissi-

265 2250 424 2276 morum
455 2249 502 2275 ac
532 2235 853 2275 fortissimorum
885 2235 1037 2274 rivium
1069 2240 1251 2281 mentes,
1294 2248 1400 2287 quae
1441 2236 1540 2274 mihi
1581 2236 1775 2275 videntur
1806 2249 1858 2274 ex
1887 2235 2020 2275 homi—

263 2312 361 2338 num
392 2298 477 2337 vita
507 2296 558 2336 ad
591 2297 766 2336 deorum
797 2296 1041 2348 religionem
1068 2301 1109 2335 et
1129 2296 1445 2336 sanctimoniam
1469 2298 1740 2350 demigrasse,
1773 2303 1926 2344 testor,
1956 2310 2020 2336 me

262 2375 336 2414 pro
367 2361 534 2400 illorum
565 2359 696 2405 fama,
729 2358 881 2411 gloria,
913 2358 1112 2398 memoria
1143 2371 1227 2397 non
1259 2372 1377 2398 secus
1409 2373 1455 2399 ac
1485 2373 1559 2412 pro
1592 2359 1734 2413 patriis
1764 2358 1871 2399 sanis
1892 2364 2021 2413 atque

262 2423 446 2463 delubris
491 2420 837 2475 propugnandum
883 2426 1049 2473 putare;
1100 2433 1146 2459 30
1191 2421 1224 2460 51
1270 2434 1345 2473 1110
1393 2421 1559 2461 1110111111
1601 2422 1723 2461 laude
1767 2421 1866 2460 mihi
1909 2434 2020 2460 arma

212 2492 248 2520 35
263 2486 466 2539 capienda
497 2489 659 2530 essent,
701 2496 785 2522 non
815 2483 952 2522 minus
983 2488 1150 2522 strenue
1191 2496 1405 2536 caperem,
1452 2497 1576 2536 quam
1616 2483 1676 2523 illi
1707 2496 1782 2535 pro
1813 2482 2020 2522 communi

263 2548 395 2588 salute
442 2550 654 2600 ceperunt.
721 2546 911 2593 Etenim,
959 2545 1164 2593 Quirites,
1211 2545 1408 2597 exiguum
1453 2545 1574 2585 nobis
1619 2545 1728 2585 vitae
1774 2543 2019 2583 curriculum

262 2616 410 2649 natura
440 2607 785 2661 circumscripsit,
831 2607 1078 2647 immensum
1113 2607 1284 2660 gloriae.
1344 2608 1418 2647 XI.
1462 2607 1600 2655 Quare
1632 2608 1665 2646 si
1698 2620 1791 2653 eos,
1839 2606 1910 2659 qui
1941 2605 2020 2645 iam

262 2670 313 2710 de
358 2670 443 2710 vita
487 2670 778 2717 decesserunt,
823 2669 1088 2717 ornabimus,
1134 2669 1349 2709 iustiorem
1389 2669 1508 2709 nobis
1549 2669 1693 2708 mortis
1739 2668 2021 2708 conditionem

262 2732 559 2785 relinquemus.
620 2731 700 2771 Sed
733 2732 767 2771 si
808 2731 921 2779 illos,
966 2731 1170 2779 Labiene,
1216 2744 1323 2785 quos
1364 2731 1445 2770 iam
1484 2730 1626 2771 videre
1663 2743 1746 2769 non
1784 2742 2022 2783 possumuS,

347 2911 377 2943 3.
404 2912 441 2943 (le
463 2911 511 2941 his
534 2909 617 2941 abe
637 2910 694 2941 sk.
719 2928 761 2932 —
785 2910 924 2949 loquor!
954 2911 1100 2949 ipsorum
1132 2919 1227 2952 susp.
1262 2909 1461 2941 Lambinus.
1493 2928 1524 2929 α
1554 2910 1583 2940 11.
1617 2909 1890 2948 caeremoniisque
1919 2908 1954 2938 L.
1984 2925 2017 2930 —-

261 2962 274 2991 Ἰ
285 2961 313 2992 »1.
339 2961 377 2991 iii
402 2961 433 2991 in
458 2969 556 2991 arma
580 2960 591 2990 4
623 2962 729 2990 Oxon.
758 2960 799 2998 (S)
829 2977 862 2981 —
891 2959 923 2990 T.
950 2968 1019 2991 0111.
1047 2968 1076 2996 z:
1099 2977 1131 2980 —
1155 2960 1206 2990 116.
1232 2960 1342 2999 hospes
1364 2968 1396 2989 es
1419 2959 1558 2998 scripsi:
1585 2968 1617 2989 es
1640 2967 1708 2990 om.
1736 2959 1837 2990 codd.
1865 2960 1898 2989 et
1923 2958 2019 2989 editt.

261 3010 382 3048 {hospes
404 3018 436 3041 cs
459 3009 667 3041 111-111310011.
688 3010 868 3041 Torrentii.
897 3010 998 3051 Bur]
1022 3028 1054 3032 ——
1076 3010 1212 3049 iynarus
1227 3018 1259 3040 05
1275 3009 1463 3048 disciplinae
1482 3010 1502 3039 l.
1518 3010 1541 3039 O
1562 3010 1681 3039 contra
1700 3009 1800 3040 codd.
1820 3008 2020 3039 Lectionem

262 3059 412 3098 primum
437 3059 552 3090 inwni
581 3060 613 3089 in
638 3061 780 3090 Aseens.
811 3060 906 3090 4511.
936 3077 969 3082 -
997 3060 1048 3090 ἸἾ.
1076 3060 1217 3101 noslrae]
1248 3063 1379 3090 nostrae
1407 3059 1547 3089 cit-imus
1573 3058 1675 3089 l'iln.
1705 3075 1738 3079 —
1768 3058 1818 3088 19.
1853 3056 2019 3096 quoniam]

261 3110 315 3147 qui
338 3110 406 3140 iam
430 3108 482 3140 1·οΙ
508 3109 639 3148 quando
668 3110 736 3140 »iam
766 3118 861 3149 susp.
896 3109 1041 3140 Ernesti.
1072 3127 1105 3131 —
1134 3110 1186 3140 22.
1213 3108 1459 3139 innumerabilis
1487 3109 1555 3139 mei
1585 3110 1722 3149 praeter
1747 3107 1767 3138 s.
1796 3123 1829 3127 —
1858 3105 1909 3137 ³24.
1936 3106 2022 3145 quis-

261 3166 361 3196 quam
385 3159 456 3196 ek,
488 3159 526 3189 ut
551 3158 707 3189 videtur:
741 3159 885 3197 quisquis
909 3158 934 3191 fz
961 3159 1096 3198 quisque
1124 3161 1144 3189 S
1170 3161 1204 3189 et
1228 3157 1299 3191 rell.
1328 3159 1428 3197 Laeg.
1458 3175 1491 3179 —
1519 3159 1571 3189 ⁶28.
1598 3157 1720 3196 optumi
1745 3166 1777 3187 n.
1807 3173 1839 3177 —
1868 3156 1920 3187 29.
1945 3156 2018 3196 nisi]

258 3211 392 3245 praeter
414 3219 449 3246 χ.
479 3223 513 3230 -—
542 3207 593 3239 34.
627 3217 666 3239 ac
692 3208 946 3247 fortissimorum
977 3217 1047 3239 om.
1074 3209 1105 3239 k.
1136 3227 1169 3230 —
1197 3208 1249 3238 32.
1277 3208 1319 3238 ad
1350 3208 1483 3238 deorum
1515 3207 1678 3247 regionem
1705 3214 1801 3246 susp.
1836 3205 1956 3236 Lamb.
1986 3206 2016 3235 in

264 3264 371 3295 marg.
402 3275 435 3279 —
463 3257 514 3289 33.
540 3258 637 3297 fariis]
676 3259 741 3290 «Ut
764 3259 846 3289 sunt
869 3257 915 3288 dii
938 3258 1037 3298 patrii
1062 3258 1096 3288 et
1120 3259 1281 3297 penates,
1319 3257 1368 3287 sic
1401 3266 1523 3288 eorum
1552 3257 1625 3288 sana
1657 3266 1697 3288 ac
1729 3255 1874 3286 delubra
1898 3255 2016 3295 quidni

260 3307 372 3343 pali-ia
398 3307 563 3347 appellari
586 3308 743 3348 possint?
768 3306 980 3339 Monendum
1003 3308 1070 3338 hoc
1096 3309 1171 3338 erat
1192 3307 1336 3346 propter
1361 3307 1576 3344 Ernestium,
1603 3307 1659 3346 qui
1685 3315 1746 3346 pro
1769 3307 1857 3346 saviis
1879 3304 2015 3337 volebat

265 3355 400 3385 sacris.»
426 3356 481 3386 On.
507 3357 538 3387 ⁶2.
567 3374 601 3378 —
628 3356 680 3388 37.
707 3357 821 3397 quare]
846 3366 912 3396 qua
935 3357 1134 3388 Torrentius
1158 3356 1191 3386 iu
1215 3364 1325 3395 marg.
1354 3373 1385 3378 —
1415 3356 1467 3388 38.
1493 3356 1725 3388 condictionem
1749 3364 1795 3387 m.
