2127 3708
557 242 653 284 cst.
683 242 845 283 xxxv
859 263 912 274 —
928 242 1118 284 xxxw.
1159 240 1233 296 53.
1264 241 1491 284 96—›103.
1844 234 1899 277 57

153 357 265 412 quod
300 357 541 411 Capitonem
571 355 750 408 primum
781 355 887 395 scire
917 353 1127 394 voluerit?
1185 354 1359 402 Nescio;
1390 355 1472 395 nisi
1497 355 1576 395 hoc
1597 355 1743 403 video,
1776 353 1899 408 Capi-

153 425 292 460 tonem
324 419 365 459 in
394 419 458 458 his
488 417 609 457 bonis
641 430 731 457 esse
762 418 950 457 socium:
990 417 1041 456 de
1084 417 1215 456 tribus
1247 421 1287 457 et
1317 417 1461 457 decem
1492 417 1633 457 fundis
1665 424 1746 457 tres
1776 415 1898 457 nobi-

151 482 330 522 lissimos
360 479 511 520 fundos
542 493 638 519 eum
666 479 787 519 video
819 479 1046 534 possidere.
1107 476 1200 520 Χ100.
1230 480 1366 520 Audio
1396 484 1633 533 praeterea,
1673 493 1758 519 non
1788 480 1896 518 hanc

151 544 431 596 suspicionem
461 555 570 581 nunc
601 541 781 595 primum
812 542 854 581 in
887 541 1133 594 Capitonem
1163 542 1368 582 conferri:
1415 542 1565 581 multas
1597 554 1687 581 esse
1719 541 1895 580 infames

152 606 241 645 eius
272 604 441 658 palmas,
471 603 578 643 hanc
610 604 783 656 primam
816 617 906 644 esse
939 609 1076 644 tamen
1106 605 1404 653 lemniscatam,
1437 618 1545 659 quae
1566 606 1697 644 Roma
1717 604 1753 642 ei
1784 602 1897 641 dese·
1928 607 1947 637 5

151 672 286 708 ratur:
331 666 492 706 nullum
532 666 701 706 modum
741 679 831 707 esse
870 666 1053 707 hominis
1092 666 1332 714 occidendi,
1378 680 1461 720 qno
1500 667 1570 706 ille
1611 678 1696 705 non
1735 664 1900 717 aliquot

152 729 371 776 occiderit,
417 728 568 768 multos
607 728 740 776 ferro,
788 729 941 769 multos
979 743 1155 769 veneno.
1214 730 1358 770 Habeo
1400 729 1523 769 etiam
1563 728 1723 774 dicere,
1771 739 1896 779 quem

151 797 294 832 contra
333 803 491 830 morem
530 791 733 831 maiorum
772 793 975 832 minorem
1005 792 1125 831 annis
1157 792 1372 845 sexaginta
1403 792 1454 831 de
1483 795 1612 844 ponte
1641 790 1685 829 in
1714 787 1898 828 Tiberim

150 854 369 895 deiecerit:
416 866 546 907 quae,
591 854 625 893 si
666 854 870 907 prodierit
908 860 1034 908 atque
1074 854 1179 894 adeo
1219 868 1312 894 cum
1352 854 1555 907 prodierit
1583 875 1637 882 —
1667 852 1754 892 scio
1786 851 1897 890 enim

148 917 411 972 proditurum
442 929 532 956 esse
562 938 638 964 —,
669 917 823 957 audiet.
872 913 964 958 slOl.
997 917 1149 957 Veniat
1178 916 1325 965 modo,
1357 916 1539 970 explicet
1559 929 1681 956 suum
1701 914 1898 955 volumen
1912 921 1947 950 10

148 978 274 1026 illud,
306 978 418 1032 quod
450 979 486 1018 ei
516 978 688 1032 planum
717 979 852 1019 facere
881 992 1055 1032 possum
1075 980 1273 1018 Erucium
1294 978 1616 1032 conscripsisse,
1647 976 1760 1031 quod
1782 975 1901 1015 aiunt

149 1042 266 1082 illum
299 1042 395 1081 Sex.
426 1041 577 1081 Roscio
611 1041 839 1081 intentasse
872 1047 912 1081 et
941 1041 1176 1081 minitatum
1209 1055 1299 1081 esse
1330 1055 1373 1082 se
1405 1041 1546 1081 omnia
1575 1039 1647 1079 illa
1676 1051 1752 1092 pro
1784 1037 1900 1077 testi-

149 1105 289 1144 monio
322 1116 412 1144 esse
445 1104 665 1144 dicturum.
725 1103 758 1143 Ο
793 1104 1052 1156 praeclarum
1082 1110 1251 1152 testem,
1293 1104 1473 1145 iudices!
1506 1117 1529 1143 o
1561 1102 1805 1156 gravitatem
1837 1099 1899 1138 di-

149 1179 271 1222 gnam
312 1166 646 1219 exspectatione!
689 1179 712 1206 o
752 1166 879 1206 vitam
917 1167 1137 1207 honestam
1167 1173 1293 1221 atque
1324 1166 1552 1214 eiusmodi,
1596 1170 1643 1205 ut
1671 1162 1897 1203 libentibus

149 1229 298 1272 animis
329 1228 381 1269 ad
413 1229 502 1269 eius
533 1229 818 1269 testimonium
848 1234 1031 1269 vestrum
1062 1230 1127 1269 ius
1159 1229 1381 1269 iurandum
1401 1226 1753 1268 accommodetis!
1798 1226 1897 1264 Pro·
1912 1233 1947 1264 45

148 1294 256 1335 fecto
297 1306 382 1333 non
421 1297 505 1332 tam
544 1292 765 1344 perspicue
805 1305 880 1331 nos
921 1293 1097 1332 istorum
1132 1290 1336 1332 maleficia
1365 1292 1623 1338 videremus,
1668 1288 1749 1328 nisi
1780 1287 1896 1340 ipsos

149 1369 293 1398 caecos
323 1355 516 1394 redderet
544 1354 751 1407 cupiditas
783 1359 824 1394 et
852 1355 1024 1395 avaritia
1055 1360 1094 1395 et
1123 1354 1310 1394 audacia.
1752 1350 1757 1356 ’

258 1417 450 1458 XXXVI.
490 1413 584 1456 1102.
621 1417 737 1457 Alter
775 1430 827 1457 ex
866 1418 957 1471 ipsa
988 1417 1113 1457 caede
1144 1417 1355 1457 volucrem
1385 1417 1578 1457 nuntium
1607 1416 1815 1456 Ameriam
1845 1415 1899 1455 ad

149 1481 308 1522 socium
336 1485 462 1533 atque
491 1479 543 1519 ad
574 1480 814 1532 magistrum
844 1493 967 1520 suum
996 1481 1128 1528 misit,
1159 1484 1226 1527 ut,
1258 1480 1292 1519 si
1323 1480 1584 1520 dissimulare
1605 1491 1750 1518 omnes
1772 1490 1900 1530 cupe-

149 1549 242 1584 rent
270 1556 313 1583 se
345 1543 470 1590 scire,
500 1541 551 1582 ad
583 1555 707 1595 quem
737 1540 984 1582 maleficium
1015 1544 1259 1596 pertineret,
1289 1547 1428 1582 tamen
1454 1543 1543 1595 ipse
1564 1547 1755 1596 apertum
1776 1554 1897 1581 suum
1911 1548 1948 1576 20

149 1606 283 1646 scelus
314 1610 409 1645 ante
439 1606 623 1644 omnium
655 1605 798 1645 oculos
828 1611 1015 1658 poneret.
1073 1605 1209 1653 Alter,
1248 1606 1283 1645 si
1313 1605 1375 1645 dis
1405 1604 1708 1645 immortalibus
1738 1604 1897 1657 placet,

148 1669 431 1709 testimonium
463 1669 586 1707 etiam
616 1669 658 1708 in
692 1667 786 1707 Sex.
808 1668 1004 1707 Roscium
1035 1668 1220 1707 dicturus
1243 1672 1326 1708 est:
1359 1668 1477 1722 quasi
1497 1679 1595 1707 vero
1617 1680 1703 1706 non
1724 1667 1765 1706 id
1786 1679 1897 1706 nunc

149 1736 314 1784 agatur,
344 1736 483 1769 utrum
513 1731 547 1770 is
579 1729 694 1784 quod
725 1730 875 1770 dixerit
905 1730 1178 1778 credendum,
1209 1744 1261 1770 an
1294 1729 1407 1785 quod
1436 1729 1581 1769 fecerit
1599 1728 1898 1769 vindicandum

150 1793 214 1832 sit.
272 1793 333 1832 Ita
369 1806 482 1832 more
523 1793 727 1831 maiorum
757 1798 1043 1845 comparatum
1072 1798 1156 1840 est,
1194 1798 1240 1833 ut
1270 1794 1314 1833 in
1342 1793 1523 1832 minimis
1553 1792 1677 1831 rebus
1706 1791 1898 1831 homines

149 1854 391 1907 amplissimi
434 1854 717 1893 testimonium
757 1853 807 1893 de
847 1867 921 1893 sua
959 1868 1003 1894 re
1042 1868 1126 1894 non
1158 1856 1355 1895 dicerent.
1416 1852 1509 1894 l103.
1539 1854 1782 1902 Africanus,
1825 1854 1947 1908 qui25

151 1929 225 1956 suo
271 1917 514 1968 cognomine
560 1915 743 1955 declarat
786 1917 948 1956 tertiam
987 1922 1147 1970 partem
1185 1919 1295 1957 orbis
1336 1923 1538 1958 terrarum
1580 1930 1625 1957 se
1663 1916 1897 1969 subegisse,

150 1983 308 2025 tamen,
340 1979 374 2018 si
404 1991 479 2018 sua
509 1991 574 2017 res
605 1983 817 2031 ageretur,
849 1980 1132 2019 testimonium
1154 1993 1239 2019 non
1261 1980 1438 2028 diceret3
1469 1993 1565 2019 nam
1586 1979 1689 2018 illud
1710 1980 1752 2018 in
1772 1978 1898 2018 talem

148 2041 281 2081 virum
311 2053 395 2079 non
425 2040 560 2080 audeo
582 2040 741 2080 dicere:
772 2042 805 2081 si
829 2040 1001 2088 diceret,
1033 2055 1118 2081 non
1139 2041 1391 2082 crederetur.
1436 2041 1583 2081 Videte
1605 2054 1737 2088 nunc,
1770 2052 1897 2093 quam

149 2116 267 2142 versa
305 2108 346 2142 et
385 2107 543 2142 mutata
581 2104 623 2142 in
662 2105 847 2156 peiorem
887 2110 1045 2156 partem
1084 2106 1167 2144 sint
1196 2105 1346 2144 omnia.
1408 2104 1510 2144 Cum
1542 2103 1593 2143 de
1622 2104 1743 2143 honis
1775 2108 1812 2142 et
1845 2102 1897 2141 de

149 2164 273 2204 caede
304 2171 469 2217 agatur,
502 2165 783 2204 testimonium
816 2165 1001 2205 dicturus
1033 2172 1095 2206 est
1123 2168 1176 2214 is,
1211 2168 1283 2220 qui
1314 2172 1355 2206 et
1384 2171 1521 2206 sector
1551 2171 1613 2205 est
1641 2171 1681 2205 et
1710 2165 1896 2212 sicarius,
1909 2172 1946 2202 30

145 2226 225 2266 hoc
265 2233 346 2275 est,
392 2228 463 2280 qui
503 2232 543 2266 et
581 2226 747 2267 illorum
777 2228 965 2281 ipsorum
994 2228 1221 2276 bonorum,
1266 2228 1316 2267 de
1348 2229 1501 2282 quibus
1532 2228 1689 2281 agitur,
1735 2232 1898 2280 emptor

234 2364 263 2395 Ἰ.
290 2363 371 2394 scire
392 2362 484 2394 vellet
509 2371 603 2403 susp.
630 2363 709 2394 Ern.
739 2380 773 2384 —
800 2364 830 2395 Ξ.
857 2364 916 2394 tris
940 2364 1016 2395 cod.
1043 2364 1164 2396 Lamb.
1193 2383 1228 2387 —-
1255 2365 1285 2396 3.
1311 2365 1403 2396 video
1427 2366 1507 2396 ante
1526 2364 1691 2404 possidere
1712 2363 1825 2396 Madv.
1852 2363 1896 2395 de

145 2414 289 2447 Manutii
312 2412 483 2445 sententia
508 2411 644 2443 delevit.
682 2413 724 2443 At
746 2412 884 2445 videtur
908 2414 989 2446 ferri
1011 2423 1133 2455 posse,
1164 2415 1192 2446 si
1227 2416 1358 2447 statuas
1382 2416 1558 2446 oratorem
1582 2414 1691 2455 figura
1716 2414 1898 2455 condupli-

147 2464 290 2495 cationis
315 2464 349 2493 et
372 2463 666 2503 interpretationis
692 2463 734 2502 (v.
759 2465 858 2495 Auct.
885 2464 928 2495 ad
954 2465 1104 2496 Herenn.
1124 2465 1178 2496 IV.
1208 2473 1237 2495 c.
1257 2465 1323 2505 ⁶28.)
1352 2466 1535 2496 coniuncta
1559 2473 1663 2497 usum
1680 2473 1770 2496 esse.
1799 2464 1897 2503 Quod

146 2514 174 2546 si
199 2515 268 2553 est,
294 2514 389 2544 recte
415 2513 448 2544 in
472 2513 666 2553 posteriore
691 2514 863 2545 sententia
880 2515 970 2546 rideo
988 2513 1092 2546 alium
1109 2513 1225 2546 locum
1242 2514 1377 2546 obtinet
1393 2523 1498 2555 quam
1516 2515 1549 2546 in
1565 2515 1693 2556 priore.
1721 2513 1770 2546 Cf.
1788 2514 1818 2555 g.
1835 2514 1896 2545 425

146 2565 232 2595 extr.
261 2580 296 2585 —
332 2561 406 2604 non]
445 2571 529 2593 nunc
558 2564 594 2593 G.
627 2562 725 2603 (hanc
753 2572 840 2603 susp.
872 2574 935 2595 non
962 2573 1048 2595 nunc
1075 2565 1220 2604 primum
1252 2564 1372 2596 Lamb.
1400 2566 1510 2605 susp.)
1538 2581 1573 2586 —
1611 2563 1643 2596 4.
1669 2564 1807 2604 infames
1829 2564 1898 2595 eius

146 2614 333 2645 Gruterus:
359 2613 514 2653 infamius
529 2613 561 2644 M
574 2621 611 2651 v,
638 2611 732 2652 Pall.,
760 2613 778 2644 3
802 2615 908 2653 Parr.7
936 2613 954 2646 4
972 2615 1072 2651 Oxx.;
1099 2615 1249 2655 infamet's
1265 2624 1302 2652 c;
1328 2615 1361 2645 in
1376 2615 1506 2655 facinus
1522 2615 1567 2651 (ἒς
1593 2614 1751 2655 infamiae
1767 2617 1842 2646 Par.
1862 2615 1893 2645 8.

145 2665 180 2695 et
204 2672 244 2700 a;
277 2663 414 2703 infames
438 2663 474 2694 Ο.
503 2679 538 2683 -
572 2663 602 2693 5.
629 2663 763 2702 palmas
785 2681 803 2686 -
818 2681 835 2686 -
859 2663 1028 2704 deferatur
1050 2673 1119 2696 om.
1146 2666 1182 2696 G.
1214 2683 1247 2687 —
1280 2665 1505 2696 lemniscatam
1528 2665 1561 2696 M
1574 2674 1682 2696 vac:
1719 2665 1895 2696 lemnisca—

145 2716 276 2752 tamque
300 2713 347 2751 C;
373 2712 596 2744 lemniscatam
619 2716 789 2753 tamquam
812 2719 858 2754 ψ.
887 2714 1050 2754 (Buechn.
1071 2715 1158 2746 coni.
1184 2715 1374 2747 lemniscata
1398 2724 1482 2754 quae
1497 2716 1619 2746 Romae
1635 2714 1709 2755 def.)
1730 2732 1766 2737 —
1793 2715 1896 2746 Roma

145 2763 173 2794 ei
197 2763 309 2793 Garat.
337 2764 371 2794 et
394 2763 549 2795 Ernesti:
576 2764 697 2795 Romae
721 2763 845 2795 codd:
871 2764 974 2795 Roma
997 2764 1080 2797 alios
1105 2764 1220 2805 legere
1245 2765 1291 2796 ait
1313 2764 1434 2797 Lamb.
1460 2765 1494 2796 in
1519 2773 1643 2805 marg,
1670 2764 1764 2805 quod
1779 2763 1893 2796 Madv.

146 2812 276 2844 ascivit.
306 2830 341 2835 --
367 2813 492 2854 deferat
515 2814 632 2854 Ηὸψ.
662 2832 698 2836 -
725 2814 754 2845 G.
780 2814 861 2845 nulli
885 2815 922 2845 G.
951 2833 986 2837 —-
1012 2815 1042 2847 9.
1069 2824 1153 2855 quac
1175 2816 1202 2846 si
1225 2814 1280 2846 ed.
1300 2815 1515 2855 Hervagiana
1533 2814 1669 2854 (11534.):
1696 2814 1752 2852 qui
1774 2814 1801 2844 si
1824 2813 1895 2844 GM

144 2871 246 2902 vac,
273 2863 387 2894 60xx.
415 2881 450 2885 —
476 2866 574 2902 atque
597 2872 630 2894 α.
656 2872 683 2895 c.
705 2865 868 2903 prodierit
892 2873 960 2896 om.
988 2866 1024 2897 G.
1054 2883 1089 2888 -—-
1122 2866 1187 2897 scio
1210 2873 1285 2896 cum
1303 2866 1399 2904 prod.
1425 2870 1478 2906 ψ,
1503 2864 1597 2896 unde
1621 2863 1775 2896 Buechn.
1801 2862 1891 2894 coni.

144 2913 210 2944 scio
232 2922 305 2944 eum
324 2913 420 2953 prod.
448 2931 483 2934 —
511 2914 562 2944 Μ.
582 2913 684 2953 plane
706 2914 749 2945 M.
772 2932 804 2937 —
834 2917 937 2955 ayunt
953 2915 978 2945 G
997 2914 1049 2955 (ex
1065 2915 1193 2956 ayunt).
1214 2933 1251 2938 —
1278 2916 1329 2947 42.
1354 2916 1543 2947 minitatum
1559 2915 1695 2946 Hotom.
1716 2922 1758 2945 ex
1774 2912 1892 2944 codd.:

105 3004 110 3008 ι
143 2963 319 2994 mintatum
342 2963 435 2994 Parr.
464 2963 563 3003 (teste
588 2964 730 2995 Steinm.
757 2963 800 2995 ad
831 2964 863 3004 g.
890 2964 996 3005 1100.);
1031 2968 1210 2997 mentatum
1234 2966 1279 3004 G,
1311 2966 1358 2997 st.
1384 2965 1493 3003 Vict.;
1529 2965 1720 2996 meditatum
1743 2963 1890 3001 Mvac,

144 3010 239 3050 Pall.,
266 3011 284 3042 6
301 3012 383 3043 Oxx.
412 3029 446 3034 —
475 3012 527 3045 44.
551 3012 664 3054 vitam]
690 3014 810 3044 iustam
834 3014 859 3045 H
876 3014 1015 3051 STxv.
1045 3032 1079 3037 -—-
1106 3018 1141 3046 at
1162 3015 1345 3046 huiusmodi
1366 3023 1399 3046 v.
1420 3031 1455 3037 -
1482 3013 1661 3045 labentibus
1677 3014 1701 3044 G
1726 3013 1780 3052 (ex
1794 3011 1891 3051 lub.);

144 3061 292 3094 libentius
315 3071 345 3094 a.
374 3080 407 3084 —
438 3063 489 3095 ⁴6.
515 3072 573 3094 'nos
597 3064 684 3102 GM,
721 3065 797 3096 Par.
826 3066 855 3095 st.
881 3062 912 3095 4.
939 3064 988 3095 9.:
1026 3073 1095 3096 om.
1120 3073 1179 3095 nos
1201 3073 1305 3103 vac,
1344 3063 1446 3095 codd.
1480 3063 1554 3095 rell.
1580 3063 1671 3101 noti,
1699 3063 1735 3093 O.
1765 3077 1799 3083 —
1830 3061 1894 3091 nisi

143 3113 220 3144 istos
242 3113 306 3144 Mi.
335 3129 370 3135 -
405 3114 456 3145 ⁴7.
483 3116 512 3145 et
535 3114 679 3145 audacia
703 3122 772 3145 om.
800 3115 836 3145 G.
865 3131 899 3136 —
927 3114 978 3146 «18.
1005 3113 1089 3145 aller
1110 3131 1128 3136 —
1145 3132 1162 3136 —
1183 3114 1352 3145 Ameriam
1375 3121 1445 3145 om.
1470 3114 1506 3144 G.
1536 3131 1571 3135 —
1597 3112 1674 3144 fort.
1700 3111 1744 3142 ad
1769 3111 1892 3143 socium

143 3165 240 3201 atque
261 3164 469 3204 mayiscrum.
497 3181 531 3185 —-
559 3163 610 3194 49.
637 3164 663 3194 si
687 3172 755 3195 om.
783 3165 821 3196 G.
851 3181 885 3186 —-
911 3164 963 3194 21.
990 3163 1039 3194 dis
1057 3163 1157 3195 Sch.:
1184 3164 1245 3195 diis
1268 3164 1339 3196 GM
1350 3172 1448 3195 vac.
1477 3181 1512 3186 —-
1538 3163 1590 3194 ⁵22.
1617 3161 1712 3201 quasi
1733 3170 1810 3192 vero
1826 3170 1891 3192 non

142 3211 177 3242 id
198 3221 285 3242 nunc
307 3215 430 3253 ayatur
453 3212 588 3253 Madvig
613 3215 655 3252 (v.
675 3214 800 3254 Opusc.
826 3214 850 3245 I.
877 3222 910 3254 p.
931 3211 992 3243 ⁴²23
1009 3213 1094 3254 sq.):
1122 3223 1191 3245 om.
1218 3223 1283 3244 non
1307 3213 1408 3245 codd.
1428 3214 1465 3245 O.
1491 3231 1526 3235 —
1551 3213 1603 3244 ⁶23.
1630 3212 1657 3242 is
1673 3211 1758 3250 quod
1774 3211 1844 3242 GM
1857 3219 1888 3250 c,

143 3259 246 3292 Pall.:
283 3261 317 3293 id
339 3263 424 3302 quod
453 3263 715 3303 CHSszva.
745 3281 779 3286 —
813 3273 857 3294 an
888 3263 973 3302 quod
995 3279 1045 3285 -—
1068 3264 1234 3294 maiorum
1265 3272 1334 3294 om.
1362 3264 1399 3294 G.
1429 3281 1463 3285 —
1494 3262 1547 3294 ⁶24.
1572 3262 1621 3292 ita
1644 3260 1742 3292 Sch.:
1779 3260 1890 3299 itaque

146 3309 246 3342 codd.
274 3312 307 3342 et
331 3312 374 3350 Ο;
399 3312 449 3343 ita
471 3312 599 3351 quidem
623 3313 712 3344 coni.
731 3313 883 3345 Weiske.
905 3329 939 3334 -
961 3314 1122 3351 paratum
1142 3314 1178 3344 G.
1201 3331 1235 3335 —
1261 3313 1314 3350 26.
1340 3313 1468 3344 nomine
1484 3313 1522 3344 G.
1543 3329 1578 3333 —-
1603 3310 1769 3346 subiecisse
1792 3312 1828 3346 G.
1849 3327 1884 3335 —

145 3358 198 3390 29.
223 3363 297 3391 sunt
320 3361 390 3393 Gv.
419 3379 454 3384 —
480 3361 532 3394 30.
558 3362 586 3393 is
608 3371 676 3395 om.
703 3364 740 3394 G.
768 3381 803 3386 —
829 3362 882 3395 31.
907 3365 937 3395 et
958 3362 1091 3394 illorum
1113 3366 1142 3395 et
1163 3363 1223 3404 ips.
1248 3363 1321 3395 Ha.
1350 3378 1385 3385 -
1412 3362 1570 3397 bonorum
1593 3369 1663 3393 om.
1689 3361 1726 3395 G.
