2143 3713
360 230 415 269 IN
446 229 490 268 L.
524 226 814 269 CATILINAM
844 226 1000 267 LIBER
1028 226 1096 266 1v.
1128 226 1224 267 CAP.
1246 226 1386 266 1—11.
1416 225 1489 280 §§.
1513 224 1649 265 1-4.
1805 224 1885 266 703

137 349 222 382 tum
253 341 495 382 consulatus
526 341 604 380 mei
638 340 678 378 di
722 340 974 379 immortales
1006 352 1096 379 esse
1127 338 1367 385 voluerunt,
1406 344 1451 378 ut
1488 352 1561 379 vos
1599 339 1886 393 populumque

135 405 364 443 Romanum
398 417 449 443 ex
479 402 605 442 caede
637 401 886 448 miserrima,
928 402 1125 453 coniuges
1161 400 1399 454 liberosque
1431 408 1589 441 vestros
1620 401 1887 456 virginesque

135 465 323 505 Vestales
358 479 409 505 ex
440 463 703 505 acerbissima
739 464 979 509 vexatione,
1011 462 1163 515 templa
1195 467 1318 514 atque
1340 462 1530 510 delubra,
1562 463 1668 502 hanc
1698 464 1888 516 pulcher-

137 527 279 565 rimam
312 528 484 579 patriam
517 525 699 565 omnium
734 532 918 564 nostrum
951 539 1003 564 ex
1028 523 1268 563 foedissima
1290 522 1472 571 flamma,
1505 531 1630 564 totam
1654 526 1813 566 Italiam
1836 541 1888 567 ex

136 587 245 626 bello
285 594 326 628 et
365 590 554 628 vastitate
597 587 821 639 eriperem,
864 598 1151 640 quaecumque
1192 585 1290 624 mihi
1324 587 1392 624 uni
1424 592 1682 639 proponetur
1709 587 1922 636 fortuna,5

136 650 343 689 subeatur.
401 649 563 690 Etenim
596 649 628 687 si
663 650 703 688 l‘.
738 650 936 688 Lentulus
968 661 1087 688 suum
1120 660 1270 686 nomen
1305 647 1500 688 inductus
1531 662 1553 687 a
1576 649 1736 689 vatibus
1767 650 1890 691 fatale

135 712 187 750 ad
217 712 439 763 perniciem
469 711 528 750 rei
570 710 760 763 publicae
806 711 892 749 sore
924 710 1102 763 putavit,
1141 722 1214 748 cur
1244 722 1319 761 ego
1351 722 1435 749 non
1467 710 1595 749 laeter
1626 724 1760 751 meum
1794 728 1891 753 con-

136 773 315 813 sulatum
336 774 386 813 ad
407 773 582 812 salutem
604 773 750 825 populi
774 773 946 812 Romani
969 786 1096 825 prope
1118 770 1285 811 fatalem
1307 771 1548 811 exstitisse?
1595 773 1644 811 ll.
1674 771 1711 812 3.
1739 774 1891 822 Quare,

137 841 272 887 patres
314 834 561 887 conscripti,
604 835 807 874 consulito
849 834 987 880 vobis,
1031 834 1254 887 prospicite
1299 834 1478 886 patriae,
1524 842 1767 875 conservate
1807 852 1892 885 vos,

137 897 360 949 coniuges,
392 896 545 936 liberos
575 895 848 950 fortunasque
873 902 1050 943 vestras,
1083 895 1227 949 populi
1257 896 1431 935 Romani
1461 909 1612 937 nomen
1634 897 1891 952 salutemque
1908 909 1942 936 w

137 958 370 998 defendite:
402 958 504 998 mihi
534 971 702 1011 parcere
734 972 779 997 ac
810 958 860 997 de
892 971 955 997 me
988 958 1167 1010 cogitare
1190 957 1380 998 desinite.
1426 959 1527 999 Nam
1559 960 1735 1012 primum
1758 960 1890 1001 debeo

138 1034 325 1074 sperare,
356 1034 499 1061 omnes
530 1020 650 1066 deos,
682 1021 753 1073 qui
783 1020 880 1060 huic
910 1020 1002 1059 urbi
1033 1020 1295 1072 praesident,
1336 1034 1411 1073 pro
1443 1034 1491 1061 eo
1522 1021 1624 1061 mihi
1654 1035 1701 1062 ac
1731 1036 1894 1064 mereor

138 1083 338 1123 relaturos
370 1096 461 1123 esse
492 1082 687 1135 gratiam3
720 1082 891 1129 deinde,
923 1082 956 1121 si
979 1081 1079 1135 quid
1103 1081 1315 1134 obtigerit,
1347 1095 1481 1136 aequo
1502 1083 1642 1123 animo
1665 1091 1892 1139 paratoque

138 1145 301 1185 moriar.
351 1147 453 1186 Nam
484 1158 620 1197 neque
651 1145 782 1197 turpis
815 1158 923 1184 mors
954 1143 1049 1183 forti
1077 1144 1164 1182 viro
1196 1150 1333 1196 potest
1363 1144 1551 1185 accidere
1582 1159 1718 1199 neque
1749 1147 1893 1188 imma-

139 1212 228 1246 tura
258 1207 468 1248 consulari
499 1219 574 1246 nec
604 1206 751 1245 misera
782 1207 969 1259 sapienti.
1015 1207 1099 1244 Nec
1132 1211 1267 1244 tamen
1300 1219 1376 1258 ego
1409 1220 1499 1245 sum
1521 1207 1591 1246 ille
1612 1207 1790 1256 ferreus,
1823 1210 1892 1263 qui
1909 1219 1944 1247 ⁴5

138 1267 275 1308 fratris
308 1269 509 1308 carissimi
540 1273 665 1321 atque
696 1268 968 1308 amantissimi
999 1267 1228 1320 praesentis
1259 1281 1444 1307 maerore
1483 1281 1567 1307 non
1612 1283 1778 1310 movear
1817 1271 1893 1312 ho·

138 1343 313 1384 rumque
359 1331 543 1370 omnium
589 1330 791 1377 lacrimis,
835 1344 857 1369 a
897 1330 1048 1383 quibus
1087 1342 1151 1368 me
1191 1330 1505 1370 circumsessum
1536 1330 1700 1371 videtis.
1749 1334 1892 1386 Neque

138 1405 269 1431 meam
302 1398 482 1432 mentem
514 1405 598 1431 nou
632 1392 799 1431 domum
831 1405 954 1445 saepe
976 1396 1142 1431 revocat
1163 1392 1394 1431 exanimata
1417 1406 1521 1433 uxor
1542 1398 1582 1433 et
1601 1394 1758 1434 abiecta
1781 1401 1892 1436 metu

136 1450 222 1493 filia
253 1459 293 1494 et
321 1454 518 1507 parvulus
550 1453 680 1501 filius,
713 1468 836 1508 quem
870 1454 969 1493 mihi
1000 1453 1165 1493 videtur
1184 1454 1379 1506 amplecti
1400 1467 1464 1494 res
1492 1455 1659 1508 publica
1680 1461 1891 1511 tamquam

138 1515 325 1555 obsidem
357 1516 595 1556 consulatus
627 1516 730 1564 mei,
770 1529 908 1574 neque
940 1516 1031 1563 ille,
1072 1516 1144 1569 qui
1184 1521 1430 1568 exspectans
1466 1516 1591 1558 huius
1623 1519 1781 1559 exitum
1812 1521 1894 1560 diei
1908 1532 1945 1560 20

139 1582 219 1624 stat
256 1577 300 1617 in
341 1583 565 1630 conspectu
602 1592 694 1619 meo
725 1592 863 1631 gener.
922 1579 1093 1617 Moveor
1121 1577 1186 1618 his
1216 1579 1338 1619 rebus
1369 1579 1586 1628 omnibus,
1628 1580 1701 1620 sed
1730 1582 1771 1621 in
1804 1595 1893 1622 eam

140 1644 317 1692 partem,
348 1645 396 1679 ut
426 1640 528 1679 salvi
561 1640 642 1680 sint
670 1640 885 1679 vobiscum
917 1654 1080 1687 omnes,
1112 1640 1235 1680 etiam
1267 1641 1299 1680 si
1331 1655 1394 1681 me
1426 1642 1487 1681 vis
1514 1642 1656 1696 aliqua
1676 1657 1894 1697 oppresse-

140 1700 217 1747 rit,
263 1701 424 1753 potius,
473 1715 598 1754 quam
645 1707 685 1741 et
728 1702 786 1741 illi
834 1708 873 1741 et
917 1716 991 1742 nos
1037 1715 1120 1742 una
1164 1702 1223 1741 rei
1267 1703 1459 1755 publicae
1502 1710 1619 1758 peste
1663 1719 1893 1759 pereamus.

142 1760 178 1801 -l-.
210 1763 372 1811 Quare,
404 1769 540 1817 patres
572 1764 816 1817 conscripti,
849 1764 1074 1804 incumbite
1105 1764 1157 1803 ad
1188 1765 1363 1805 salutem
1387 1766 1446 1805 rei
1476 1766 1690 1819 publicae,
1721 1769 1894 1809 circum-

140 1825 284 1877 spicite
315 1839 459 1866 omnes
490 1826 716 1879 procellas,
747 1839 854 1878 quae
885 1825 1145 1880 impendent,
1177 1826 1257 1867 nisi
1287 1826 1530 1879 providetis.
1572 1830 1663 1870 Non
1685 1831 1746 1870 Ti.
1769 1832 1942 1872 Grac-25

226 2041 255 2072 4.
282 2050 347 2073 esse
369 2050 439 2073 om.
466 2041 483 2072 7
509 2042 612 2081 Lagg.
640 2041 723 2073 dett.
753 2059 787 2064 —
812 2051 868 2074 vos
886 2042 1108 2082 populumque
1129 2043 1233 2084 Rom]
1261 2052 1317 2074 vos
1337 2044 1494 2083 populum
1520 2045 1556 2084 Q.
1582 2046 1618 2076 R.
1646 2054 1686 2083 u;
1711 2056 1767 2079 vos
1784 2056 1895 2088 popu-

139 2090 207 2121 lum
234 2099 270 2130 p.
296 2100 323 2122 ο.
350 2092 382 2127 13
414 2099 471 2122 ros
496 2091 718 2130 populumque
748 2092 837 2123 Rom.
864 2093 896 2123 P.
924 2093 957 2124 C.
984 2092 1002 2124 6
1026 2094 1128 2133 Lagg.
1156 2093 1261 2129 dett.;
1292 2103 1349 2125 vos
1377 2095 1490 2126 Patres
1519 2103 1644 2128 con-scr.
1674 2098 1896 2139 populumque

140 2140 229 2171 Rom.
256 2140 331 2171 LO.
360 2157 395 2162 —-
429 2140 460 2171 2.
486 2141 672 2172 miserrima
696 2141 790 2179 bis,
823 2141 956 2174 Schol.:
996 2143 1161 2174 miserima
1183 2142 1192 2175 l
1217 2145 1251 2174 et
1275 2144 1333 2183 Lg.
1360 2144 1419 2180 635;
1456 2145 1589 2176 miseria
1620 2147 1892 2187 acgkmruZ.

139 2190 158 2221 5
182 2188 237 2221 alii
261 2191 385 2230 Lagg.;
423 2193 452 2221 cl
484 2190 618 2222 miseria
647 2190 685 2227 d;
722 2191 842 2222 misera
865 2192 902 2223 R.
940 2210 974 2214 —
1011 2196 1133 2224 vestros
1156 2201 1224 2224 om.
1251 2192 1273 2224 l)
1299 2202 1346 2225 m.
1372 2202 1440 2234 pr..
1466 2195 1524 2234 Lg.
1550 2195 1609 2231 53;
1643 2200 1770 2229 nostros
1793 2197 1826 2229 d.
1856 2214 1891 2221 -

140 2239 170 2270 3.
196 2239 305 2279 alque]
329 2248 369 2271 ac
392 2248 445 2280 qz
469 2240 526 2279 Lg.
554 2241 584 2272 3.
611 2240 641 2271 6.
680 2257 716 2263 —
753 2242 784 2272 5.
811 2240 849 2281 et]
875 2250 914 2272 ac
937 2240 970 2272 d.
1009 2259 1044 2264 —
1079 2243 1264 2274 vastatione
1287 2243 1311 2273 C
1337 2244 1371 2274 et
1395 2243 1452 2283 Lg.
1480 2243 1510 2274 7.
1538 2243 1568 2275 9.
1594 2243 1648 2277 46.
1674 2246 1726 2278 53.
1764 2265 1799 2270 -
1838 2248 1895 2280 uni

139 2288 237 2320 michi
260 2288 294 2320 d.
322 2306 358 2311 —
381 2293 622 2328 proponeretur
645 2298 664 2320 a
689 2291 723 2322 et
747 2291 803 2330 Lg.
830 2291 860 2321 9.
888 2291 940 2323 46.
970 2308 1002 2312 -
1030 2291 1062 2322 6.
1088 2301 1110 2323 a
1132 2291 1260 2323 vatibus
1281 2292 1431 2323 inductus
1453 2293 1485 2329 i;
1523 2301 1544 2323 a
1566 2302 1636 2326 om.
1661 2294 1716 2328 bs
1741 2297 1770 2337 (a
1793 2306 1848 2329 vv.
1874 2307 1896 2329 α

138 2337 267 2370 vatibus
288 2338 407 2379 incipit
429 2339 661 2379 fragmentum
685 2339 762 2371 cod.
782 2340 907 2371 Erfurt.
926 2350 957 2360 =
977 2350 1015 2378 e,
1041 2340 1137 2381 quod
1159 2341 1263 2373 hodie
1281 2343 1415 2382 exstat).
1436 2359 1470 2364 —
1489 2342 1646 2382 fatalibus
1667 2353 1702 2376 u.
1730 2363 1764 2368 —-
1792 2347 1822 2378 7.
1849 2356 1896 2379 rei

136 2396 171 2426 p.
198 2386 299 2418 codd.
326 2396 465 2426 omnes,
493 2398 561 2420 non
580 2398 658 2429 pop.
684 2390 735 2427 R.,
763 2390 855 2430 quod
877 2389 1020 2422 Orellius
1043 2391 1076 2422 in
1102 2390 1156 2422 ed.
1183 2391 1214 2422 ⁵2.
1241 2391 1274 2425 in
1298 2393 1311 2422 t
1335 2393 1470 2423 exstare
1496 2391 1580 2424 falso
1605 2393 1764 2431 tradidit;
1789 2395 1897 2428 habet

140 2436 194 2467 ille
229 2435 341 2477 plenis
373 2436 495 2471 litteris
522 2439 571 2470 rei
600 2439 760 2478 publicae.
797 2458 830 2461 —
867 2440 971 2470 laetor
993 2440 1012 2470 8
1036 2440 1140 2480 Lagg.
1169 2458 1203 2463 —
1241 2441 1271 2472 8.
1293 2441 1408 2480 populi
1431 2441 1536 2482 Rom]
1560 2443 1608 2474 rei
1628 2452 1662 2483 p.
1688 2444 1717 2475 V
1741 2446 1774 2476 et
1797 2443 1817 2476 4
1841 2445 1895 2477 alii

141 2486 243 2526 Lagg.
270 2485 350 2525 soli,
377 2487 452 2519 LO.
482 2505 515 2509 —
555 2489 585 2519 9.
617 2489 748 2528 patriae
773 2489 949 2529 prospicite
980 2488 1075 2521 bes.
1105 2507 1139 2511 —
1176 2490 1293 2521 liberos
1321 2490 1473 2532 coniuges
1502 2490 1535 2522 d.
1565 2509 1599 2513 —
1640 2493 1690 2524 10.
1718 2495 1897 2534 populique

142 2536 199 2575 Lg.
225 2534 289 2571 46;
315 2539 345 2567 el
364 2537 478 2576 populi
502 2538 538 2569 B.
564 2556 606 2560 —
629 2538 765 2569 salutem
788 2547 815 2569 r.
846 2556 880 2560 —
908 2539 959 2570 41.
984 2539 1062 2570 mihi
1078 2556 1128 2563 --
1145 2539 1277 2571 desinite
1300 2540 1322 2571 h
1346 2540 1380 2571 in
1404 2549 1512 2581 marg.
1540 2540 1658 2573 habet.
1683 2560 1718 2565 —
1746 2544 1797 2575 42,
1824 2545 1898 2576 deos

141 2594 250 2617 omnes
272 2586 308 2616 L.
330 2603 363 2607 —
391 2595 430 2617 ac
454 2587 590 2628 mereor]
616 2591 650 2618 ut
672 2596 800 2619 ψει-θοι·
823 2596 875 2620 m:
901 2598 941 2619 ac
964 2589 1078 2620 merito
1102 2598 1130 2620 r.
1155 2607 1189 2611 ——
1218 2590 1268 2620 43.
1293 2591 1441 2631 ,qratiam
1463 2599 1528 2622 esse
1551 2591 1628 2623 VO.
1650 2610 1685 2614 —
1711 2602 1816 2633 aequo
1835 2604 1896 2634 pa-

142 2638 278 2673 ratoque
308 2636 419 2667 animo
444 2645 478 2676 q.
506 2653 542 2659 —
575 2636 627 2669 44.
652 2646 731 2668 nam
760 2637 871 2678 neque]
903 2647 1042 2678 namq-ue
1065 2638 1107 2675 ὓς
1143 2647 1244 2677 neque
1266 2640 1352 2671 enim
1375 2642 1404 2679 t,
1432 2641 1450 2671 7
1477 2641 1578 2681 Lagg.
1605 2640 1705 2680 dett„
1729 2643 1805 2674 LO.
1845 2644 1894 2676 Cf.

142 2684 300 2724 Madvigii
325 2686 449 2726 Opusc.
470 2686 493 2716 Ι.
520 2695 553 2726 p.
572 2685 646 2717 441.
676 2704 710 2707 -
736 2686 852 2727 turpis]
876 2689 990 2727 ¹qravis
1009 2687 1146 2726 Quintil.
1165 2689 1220 2720 Vl.
1239 2688 1274 2728 3,
1295 2690 1367 2721 409.
1390 2707 1425 2712 -
1450 2690 1522 2721 viro
1544 2691 1623 2730 t'orli
1647 2690 1777 2732 aliquot
1793 2693 1894 2725 codd.

143 2733 282 2772 Quintil.
310 2752 344 2756 -
371 2735 523 2766 accedere
547 2736 604 2766 tu.
635 2751 669 2757 —
704 2735 754 2766 45.
781 2745 881 2775 neque
904 2737 1025 2768 ¹misera
1048 2736 1252 2775 hchksz‚
1279 2738 1337 2777 Lg.
1364 2737 1394 2769 3.
1422 2739 1452 2770 6.
1478 2740 1531 2771 50.
1558 2740 1610 2770 57.
1638 2740 1690 2771 65.
1725 2740 1898 2781 (Similiter

142 2784 277 2815 variant
300 2783 403 2815 codd.
423 2784 645 2824 Quintiliani.)
665 2802 699 2806 —
725 2786 865 2824 sapienti
888 2785 942 2818 de
956 2786 1038 2817 litu
1063 2795 1104 2818 ex
1128 2787 1234 2819 meis:
1261 2788 1430 2827 aspicienti
1452 2787 1526 2820 rell.
1545 2789 1630 2827 mei,
1657 2791 1692 2821 et
1714 2791 1772 2830 Lg.
1793 2800 1824 2829 c,
1842 2793 1895 2824 50.

143 2832 195 2863 53.
221 2833 281 2870 57;
307 2833 462 2873 aspicient
485 2842 514 2864 a.
545 2852 579 2856 —
606 2843 663 2874 090
687 2842 757 2865 om.
782 2843 808 2865 r.
831 2852 865 2856 -
891 2834 943 2865 ille
965 2843 1036 2866 sum
1059 2844 1088 2866 r.
1114 2855 1148 2858 —
1182 2837 1233 2867 46.
1258 2836 1424 2868 karissimi
1447 2837 1584 2869 bdsu.
1614 2855 1648 2859 —
1675 2842 1774 2877 atque
1796 2840 1895 2880 akq,

145 2882 201 2921 Lg.
228 2882 247 2913 9
271 2883 306 2913 et
329 2883 348 2913 5
372 2881 449 2913 alii:
476 2886 505 2914 el
526 2884 565 2914 R.
594 2902 628 2906 —
650 2885 814 2923 praesenti
838 2885 857 2915 i.
887 2902 922 2906 —
947 2893 1082 2916 monear
1106 2885 1138 2916 d.
1168 2903 1202 2907 —
1230 2886 1282 2917 47.
1307 2887 1563 2928 circumsessum]
1588 2888 1821 2927 circumfusum
1845 2893 1899 2921 at-

144 2939 205 2970 que
225 2932 481 2963 circumventum
505 2933 587 2974 Bq,
621 2935 679 2973 Lg.
706 2934 736 2965 3.
763 2934 792 2964 6.
821 2935 876 2971 65,
909 2935 943 2965 et
966 2944 1000 2972 z,
1032 2935 1090 2975 qui
1120 2944 1184 2967 esse
1207 2936 1313 2968 addit.
1343 2954 1377 2958 —
1412 2937 1464 2968 48.
1489 2945 1583 2976 saepe
1607 2945 1676 2968 om.
1703 2945 1779 2968 mr.
1808 2956 1843 2960 —
1870 2942 1898 2971 et

145 2980 284 3020 abiecta]
316 2984 344 3012 et
375 2989 445 3012 om.
472 2981 491 3012 8
515 2982 616 3022 Lagg.
642 2982 741 3019 dett..
769 2983 842 3013 LO.
876 2982 925 3014 Cf.
951 2983 1063 3015 Madv.
1091 2985 1216 3025 Opusc.
1244 2986 1266 3016 I.
1295 2994 1327 3025 p.
1354 2985 1428 3016 336.
1458 3003 1492 3008 —
1528 2986 1580 3017 49.
1606 2995 1829 3025 quem-—res
1848 2988 1898 3029 p]

145 3030 311 3068 qui--vn
332 3039 367 3069 p.
395 3039 437 3070 q,
462 3030 481 3060 7
505 3029 560 3062 alii
583 3032 685 3072 Lagg.
712 3031 797 3064 dett.
825 3049 859 3054 —
888 3032 938 3063 ΞΟ.
963 3033 1058 3064 liuius
1081 3042 1149 3065 om.
1176 3042 1204 3064 r.
1231 3050 1267 3056 -—
1295 3034 1357 3064 diei
1379 3037 1444 3065 stat
1469 3033 1896 3077 Cabcdeilmqrsuv

145 3077 166 3109 4
189 3077 244 3110 alii
268 3079 384 3119 Lagg„
412 3078 546 3111 Schol.:
584 3081 733 3112 dieidstat
760 3083 794 3118 ῖς
831 3082 861 3112 d.
892 3084 981 3113 stans
1010 3083 1068 3123 Lg.
1095 3084 1147 3115 50.
1174 3083 1232 3121 573
1269 3084 1300 3114 d.
1327 3087 1414 3115 astat
1437 3083 1482 3123 (p)
1507 3083 1561 3115 vel
1586 3084 1695 3115 adstat
1717 3085 1831 3116 RLO.
1858 3103 1895 3109 —

146 3126 200 3158 ⁴2⁴.
224 3135 359 3159 moneor
382 3127 450 3170 dp.
480 3146 514 3150 —
540 3128 594 3161 ⁶22.
618 3130 666 3172 ul]
688 3131 737 3163 uti
759 3132 829 3163 mei
852 3139 994 3170 omnes,
1019 3132 1239 3173 Bcequ‚
1265 3133 1323 3172 Lg.
1352 3133 1403 3164 46.
1429 3131 1482 3164 43.
1508 3132 1561 3165 46.
1586 3132 1640 3165 53.
1660 3133 1712 3165 65.
1733 3151 1769 3155 —
1794 3134 1899 3167 nobis-

146 3184 220 3207 cum
242 3176 362 3219 hmp.
393 3193 428 3200 -
453 3178 502 3209 vis
524 3186 598 3210 mea
620 3179 735 3220 aliqua
758 3182 786 3218 ῖς
811 3181 860 3212 vis
882 3182 997 3221 aliqua
1019 3190 1070 3214 me
1084 3183 1165 3221 Vx,
1191 3181 1211 3214 4
1234 3180 1288 3213 alii
1311 3183 1414 3222 Lagg.
1430 3207 1437 3221 ,
1463 3183 1539 3214 LO.
1559 3199 1596 3205 —
1622 3181 1675 3215 23.
1699 3191 1769 3214 una
1790 3192 1828 3215 re
1852 3185 1896 3217 .P.

143 3227 229 3264 peste
245 3232 280 3262 s;
304 3234 373 3258 una
394 3236 447 3259 res
470 3236 514 3267 .p.
534 3231 623 3267 peste
646 3229 678 3268 i;
703 3239 773 3262 una
795 3239 868 3262 cum
890 3240 926 3263 re
945 3230 1035 3270 publ.
1055 3231 1135 3271 (om.
1153 3232 1252 3271 pesce)
1270 3231 1325 3263 ed.
1345 3231 1441 3264 4472.
1459 3249 1495 3254 -—
1518 3240 1652 3272 peream
1674 3231 1696 3262 i.
1718 3249 1753 3254 —-
1779 3232 1833 3265 24.
1849 3236 1899 3266 rei

143 3282 178 3313 p.
204 3273 249 3304 ad
270 3274 408 3308 salutem
430 3285 465 3313 z;
499 3278 544 3308 acl
564 3278 613 3309 rei
637 3287 674 3318 p.
699 3279 759 3312 sal.
785 3281 848 3312 LO
881 3282 1003 3313 contra
1026 3280 1128 3313 codd.
1161 3298 1196 3303 —
1229 3281 1282 3313 25.
1304 3281 1514 3322 provideritis
1536 3281 1616 3322 Bq,
1643 3281 1701 3320 Lg.
1727 3281 1758 3313 3.
1784 3282 1815 3314 6.
1842 3282 1894 3316 46.

148 3322 209 3361 65;
230 3324 432 3362 provideatis
454 3334 471 3358 z
496 3328 529 3359 et
554 3335 572 3359 e
596 3335 643 3360 m.
669 3336 740 3362 sec.
768 3346 802 3352 -
831 3330 890 3371 Ten]
918 3330 950 3362 T.
975 3329 1029 3363 vel
1056 3330 1141 3363 Titus
1163 3330 1183 3363 9
1206 3331 1287 3364 mei.
