2143 3713
264 189 346 231 630
729 191 798 232 DE
829 190 967 232 LEGE
996 189 1232 231 AGRARIA
1260 190 1417 232 LIBER
1443 192 1495 231 ΙΙ.

265 303 511 344 decemviris
541 301 690 342 deduci
720 302 850 343 iubet.
908 301 1051 350 Quid?
1090 302 1278 342 omnisne
1307 303 1425 343 locus
1457 302 1545 342 eius
1576 303 1689 342 modi
1721 309 1804 351 est,
1833 309 1878 344 ut
1906 304 2012 344 nihil

262 365 424 406 intersit
459 364 521 405 rei
559 364 777 417 publicae,
819 363 982 404 colonia
1021 363 1248 404 deducatur
1283 365 1327 404 in
1356 378 1449 404 eum
1488 364 1625 404 locum
1653 367 1812 405 necne?
1857 365 1922 404 An
1951 371 2013 406 est

262 426 398 473 locus,
439 426 510 479 qui
548 425 756 465 coloniam
796 425 1001 480 postulet,
1039 430 1102 465 est
1142 426 1213 478 qui
1253 425 1376 478 plane
1406 428 1598 466 recuset?
1644 426 1737 474 Quo
1766 427 1810 466 in
1841 440 2011 479 genere,

262 487 368 527 sicut
406 487 449 527 in
489 488 636 527 ceteris
673 488 733 528 rei
772 487 963 541 publicae
1002 487 1210 539 partibus,
1254 492 1316 527 est
1353 500 1502 541 operae
1541 488 1718 541 pretium
1758 488 2013 541 diligentiam

230 549 462 592 smaiorum
492 548 722 596 recordan‘,
754 550 827 603 qui
858 548 1044 588 colonias
1075 549 1133 588 sic
1164 548 1326 588 idoneis
1356 550 1398 589 in
1429 550 1530 589 locis
1562 555 1705 589 contra
1734 550 2013 602 suspicionem

260 610 435 664 periculi
466 611 746 658 collocarunt,
783 616 828 651 ut
859 624 950 650 esse
981 624 1066 650 non
1101 610 1256 663 oppida
1285 611 1449 659 Italiae,
1486 611 1558 651 sed
1597 612 1911 665 propugnacula
1939 613 2014 652 im-

260 673 367 726 perii
410 673 664 713 viderentur.
723 674 776 713 Hi
821 673 1028 713 deducent
1067 672 1253 711 colonias
1292 673 1336 712 in
1378 687 1448 713 eos
1489 687 1633 726 agros,
1678 686 1785 727 quos
1818 673 2012 713 emerint:

260 736 437 776 etiamne
481 735 516 775 si
561 736 622 775 rei
670 736 860 789 publicae
900 749 983 775 non
1025 733 1252 787 expediat?
1311 733 1376 775 74.
1403 736 1464 775 ΕΤ
1509 750 1549 775 ix
1589 749 1696 783 QVAE
1738 748 1846 776 LOCA
1888 749 2014 776 PRAE-

258 811 393 838 TEREA
433 811 666 838 VIDEBITVR.
728 796 839 846 Quid
879 798 1004 849 igitur
1042 802 1102 836 est
1133 809 1302 844 causae,
1342 798 1444 850 quin
1474 798 1680 838 coloniam
1712 798 1752 837 in
1783 797 2012 838 Ianiculum

210 874 245 903 40
258 860 422 913 possint
462 860 668 899 deducere
700 865 740 899 et
770 873 890 898 suum
921 858 1173 912 praesidium
1212 859 1253 897 in
1284 860 1416 912 capite
1446 865 1571 913 atque
1602 860 1829 899 cervicibus
1860 859 2013 899 nostris

258 921 497 962 collocare?
543 922 607 960 Tu
637 934 723 961 non
756 919 949 968 definias,
989 934 1073 973 quo
1105 920 1314 967 colonias,
1356 920 1398 959 in
1429 935 1535 975 quae
1567 922 1678 969 loca,
1723 935 1807 974 quo
1837 934 2012 961 numero

257 983 497 1024 colonorum
529 982 679 1023 deduci
710 983 848 1023 velis?
879 989 923 1022 tu
954 996 1131 1035 occupes
1162 982 1320 1031 locum,
1351 997 1475 1036 quem
1504 984 1699 1023 idoneum
1723 983 1775 1023 ad
1796 983 1879 1022 vim
1900 989 2013 1022 tuam

256 1045 486 1085 iudicaris?
516 1045 726 1098 compleas
758 1058 952 1092 numero,
984 1043 1202 1084 confirmes
1232 1046 1461 1097 praesidio,
1493 1059 1577 1099 quo
1599 1046 1734 1085 velis?
1766 1045 1910 1098 populi
1933 1045 2013 1085 Ro-

256 1107 365 1147 mani
396 1106 669 1159 vectigalibus
700 1112 827 1161 atque
858 1107 1050 1147 omnibus
1082 1107 1214 1159 copiis
1245 1108 1381 1160 ipsum
1411 1108 1610 1161 populum
1632 1109 1866 1147 Romanum
1897 1112 2012 1146 coer-

208 1185 241 1213 15
255 1182 368 1216 ceas‚
400 1169 633 1221 opprimas,
664 1168 830 1222 redigas
860 1170 903 1209 in
933 1169 1053 1209 istam
1084 1168 1400 1209 decemviralem
1427 1170 1626 1210 ditionem
1656 1184 1703 1210 ac
1733 1172 2010 1222 potestatem?

253 1230 444 1270 XXVIII.
474 1228 541 1269 75.
573 1231 625 1271 Ut
664 1244 763 1271 vero
803 1236 931 1286 totam
962 1232 1121 1271 ltaliam
1153 1232 1237 1271 suis
1266 1232 1484 1285 praesidiis
1515 1233 1704 1272 obsidere
1734 1238 1861 1285 atque
1891 1244 2011 1270 occu-

252 1305 352 1345 pare
382 1291 557 1344 cogitet,
591 1305 772 1346 quaeso,
805 1293 1011 1341 Quirites,
1051 1294 1302 1346 cognoscite.
1362 1294 1565 1334 Permittit
1595 1293 1863 1339 decemviris,
1894 1296 1940 1332 ut
1968 1292 2011 1331 in

252 1354 395 1394 omnia
437 1354 690 1408 municipia,
733 1356 775 1395 in
819 1369 962 1395 omnes
1003 1356 1189 1396 colonias
1227 1356 1355 1396 totius
1401 1356 1542 1396 ltaliae
1591 1357 1763 1396 colonos
1803 1355 2020 1411 deducatff

251 1430 358 1470 quos
388 1417 537 1464 velint,
569 1417 706 1471 iisque
737 1418 897 1458 colonis
928 1431 1071 1471 agrum
1093 1418 1182 1457 dari
1204 1418 1330 1457 iubet.
1371 1419 1477 1458 Num
1499 1419 1674 1458 obscure
1696 1418 1874 1458 maiores
1896 1429 2010 1469 opes,

201 1496 237 1526 ρο
252 1493 377 1534 quam
407 1480 575 1520 libertas
606 1484 745 1519 vestra
778 1480 863 1532 pati
892 1486 1049 1532 potest,
1092 1486 1131 1519 et
1167 1481 1322 1520 maiora
1352 1478 1557 1533 praesidia
1588 1481 1871 1533 quaeruntur?
1912 1492 2010 1518 num

252 1541 429 1581 obscure
459 1554 633 1594 regnum
665 1542 963 1581 constituitur?
995 1556 1095 1582 num
1123 1542 1299 1581 obscure
1330 1542 1496 1581 libertas
1516 1548 1653 1581 vestra
1674 1542 1861 1581 tollitur?
1892 1541 2009 1587 Nam,

250 1618 342 1643 cum
375 1604 501 1644 iidem
532 1617 698 1643 omnem
729 1604 975 1656 pecuniam,
1013 1605 1233 1644 maximam
1263 1604 1573 1643 multitudinem
1602 1604 1841 1651 obtinebunt,
1882 1603 2008 1642 iidem

251 1673 377 1708 totam
409 1667 570 1708 ltaliam
600 1666 686 1706 suis
707 1667 856 1719 opibus
879 1666 1150 1713 obsidebunt,
1181 1666 1307 1706 iidem
1328 1672 1508 1705 vestram
1529 1665 1761 1705 libertatem
1784 1666 1868 1705 suis
1889 1678 2009 1718 prae-

249 1730 365 1770 sidiis
397 1735 438 1770 et
467 1728 644 1769 coloniis
675 1728 944 1768 interclusam
975 1729 1198 1775 tenebunt,
1231 1741 1336 1781 quae
1367 1741 1461 1781 spes
1483 1727 1672 1775 tandem,
1705 1741 1811 1782 quae
1832 1727 2007 1767 facultas

197 1809 235 1838 ‘25
247 1792 558 1845 recuperandae
588 1795 751 1831 vestrae
782 1789 984 1829 libertatis
1015 1790 1303 1844 relinquetur?

358 1852 426 1894 76.
456 1854 509 1893 At
545 1853 655 1893 enim
691 1865 790 1904 ager
831 1851 1065 1904 Campanus
1104 1852 1182 1892 hac
1220 1853 1311 1905 lege
1344 1853 1570 1901 dividetur,
1613 1852 1721 1893 orbis
1752 1859 1885 1893 terrae
1915 1851 2008 1905 pul-

247 1917 496 1964 cherrimus,
528 1920 569 1956 et
600 1915 782 1968 Capuam
813 1914 977 1954 colonia
1009 1915 1260 1962 deducetur,
1292 1916 1437 1955 urbem
1468 1915 1766 1969 amplissimam
1796 1920 1920 1970 atque
1942 1929 2008 1955 or-

246 1979 514 2019 natissimam.
561 1977 673 2026 Quid
703 1976 756 2018 ad
786 1976 890 2016 haec
920 1990 1143 2029 possumus
1176 1978 1348 2017 dicere?
1393 1979 1453 2017 De
1485 1977 1699 2018 commodo
1720 1983 1859 2019 vestro
1891 1979 2006 2032 prius

247 2043 401 2088 dicam,
441 2040 646 2088 Quirites,
678 2039 830 2079 deinde
862 2039 914 2078 ad
945 2040 1263 2092 amplitudinem
1295 2046 1335 2079 et
1366 2041 1609 2091 dignitatem
1640 2046 1840 2088 revertar,
1871 2046 1940 2088 ut,
1972 2041 2006 2080 si

196 2122 232 2150 30
247 2104 340 2157 quis
371 2104 459 2156 agri
489 2107 561 2142 aut
590 2102 732 2155 oppidi
761 2102 949 2142 bonitate
982 2102 1234 2149 delectatur,
1267 2116 1318 2142 ne
1351 2103 1451 2156 quid
1482 2108 1713 2155 exspectet,
1745 2103 1777 2143 si
1802 2117 1927 2158 quem
1948 2104 2007 2142 rei

245 2179 286 2218 p.
317 2165 497 2217 dignitas
529 2170 784 2212 commovet,
814 2170 859 2204 ut
889 2165 986 2205 huic
1018 2165 1237 2205 simulatae
1268 2165 1479 2217 largitioni
1510 2166 1684 2204 resistat.
1740 2166 1799 2205 Ac
1829 2166 2005 2218 primum

274 2304 294 2326 ὓ

331 2363 362 2394 4.
389 2361 546 2394 eiusmodi
569 2360 659 2392 loeus
683 2368 764 2392 cum
788 2362 824 2392 P.
851 2361 1002 2392 Manutio
1027 2360 1097 2393 Lss.
1119 2379 1153 2382 —
1181 2362 1211 2392 3.
1234 2362 1397 2400 postulet,
1423 2364 1467 2393 est
1490 2361 1545 2400 qui
1565 2362 1663 2401 plane
1685 2366 1809 2394 recuset
1831 2362 2008 2395 Laureda-

245 2422 332 2445 nus:
361 2412 501 2453 postulet
524 2414 568 2443 est
587 2411 687 2450 plane
708 2411 830 2442 rectius
852 2414 880 2442 et
904 2411 928 2442 E
944 2412 965 2442 F
983 2413 1003 2442 1¹
1017 2413 1042 2442 Α
1061 2410 1079 2443 ‘3
1105 2413 1137 2443 et
1168 2411 1334 2452 particula
1359 2415 1388 2443 et
1412 2412 1540 2443 omissa
1566 2414 1608 2449 G;
1638 2413 1796 2452 postulet,
1832 2416 1877 2444 est
1900 2416 1929 2444 et
1952 2414 2008 2452 qui

241 2464 341 2503 plane
362 2465 486 2494 recuset
508 2462 550 2497 L;
570 2460 711 2500 postulet
732 2460 783 2490 vel
803 2460 904 2499 plane
926 2464 1049 2492 recuset
1068 2462 1311 2500 Pantagathus.
1325 2479 1359 2483 —-
1378 2463 1408 2493 5.
1435 2461 1491 2502 sie]
1515 2462 1542 2492 si
1566 2462 1590 2493 E
1605 2463 1638 2500 F,
1665 2471 1755 2502 quae
1780 2471 1846 2493 vox
1871 2462 2008 2493 videtur

244 2514 317 2544 orta
342 2521 384 2545 ex
402 2511 634 2552 geminatione
660 2510 897 2552 proximarum
923 2509 1128 2542 litterarum.
1150 2529 1184 2532 —
1213 2511 1243 2542 6.
1264 2511 1454 2542 ¹uiderentur
1476 2511 1605 2550 imperii
1626 2512 1662 2543 E.
1684 2529 1719 2533 —
1745 2512 1774 2543 8.
1794 2512 1876 2543 Post
1897 2521 1930 2542 v.
1951 2521 2007 2544 eae-

241 2563 353 2603 peceat
376 2561 521 2593 lacunae
539 2561 676 2601 signum
694 2560 809 2600 posuit
827 2560 959 2600 Ussing.
978 2579 1013 2582 —
1040 2565 1068 2591 et
1085 2569 1154 2591 om.
1177 2561 1209 2591 F.
1225 2579 1258 2582 —
1281 2562 1331 2591 tt».
1358 2561 1476 2591 nostris
1492 2561 1516 2592 13
1530 2561 1551 2591 F
1565 2562 1588 2591 P
1602 2562 1643 2592 T:
1671 2562 1783 2592 vestris
1798 2564 1822 2592 A
1837 2562 1861 2592 1.
1874 2561 1895 2595 {¹-
1909 2562 1946 2593 O.
1968 2580 2002 2584 —

246 2613 297 2643 44.
315 2611 486 2651 collocare]
507 2611 632 2649 possint
654 2610 814 2641 collocare
837 2611 863 2640 A
878 2609 911 2643 (ἐ.
932 2628 965 2632 -—
993 2619 1056 2648 quo
1074 2609 1147 2649 eol]
1174 2612 1250 2647 quot
1274 2610 1333 2640 ccl.
1353 2618 1432 2639 cum
1451 2609 1653 2640 Lauredano
1681 2611 1701 2640 l.
1715 2611 1752 2642 Ο,
1780 2612 1830 2642 Ct'.
1848 2612 1873 2642 l.
1900 2612 1931 2652 S.
1953 2612 2004 2643 46.

247 2678 284 2684 -
305 2660 356 2692 tlt.
382 2660 553 2692 cohercens
576 2660 612 2691 E.
643 2678 677 2682 —
706 2660 757 2690 46.
784 2659 932 2691 obsedere
958 2663 1147 2699 (superse-r.
1167 2658 1278 2690 littera
1305 2659 1328 2699 i)
1355 2659 1390 2689 Ε.
1419 2660 1497 2689 Post
1518 2659 1583 2689 hoc
1608 2659 1755 2691 verbum
1780 2661 2006 2693 inserendum

245 2711 379 2743 monuit
401 2709 563 2741 librarius
587 2709 736 2740 verbum
761 2710 877 2750 cogitet
901 2710 1045 2747 margini
1071 2709 1297 2748 adscriptum.
1328 2727 1361 2730 —
1395 2718 1596 2747 occupauere
1619 2708 1739 2741 litteris
1762 2720 1801 2742 ue
1826 2712 2006 2752 expunctis

246 2762 282 2793 E.
311 2777 346 2783 —
374 2761 426 2791 47.
452 2759 578 2800 cogitet]
603 2762 715 2799 eoyent
740 2759 780 2791 F:
812 2760 951 2799 cogitent.
975 2762 998 2788 t}
1015 2761 1058 2791 P:
1093 2759 1281 2799 Cofflzoscite
1304 2759 1340 2790 E.
1369 2776 1403 2780 -
1431 2759 1578 2798 permitti
1603 2760 1625 2790 1⁴]
1641 2761 1673 2791 F.
1707 2759 1882 2792 Librarius
1905 2761 2007 2801 igitur

247 2810 377 2842 codicis
402 2810 614 2842 Erfurtensis
639 2811 689 2841 sic
713 2809 807 2840 hunc
831 2808 948 2840 locum
974 2808 1140 2840 exhibere
1171 2807 1298 2839 voluit:
1328 2810 1364 2839 Ut
1386 2818 1462 2840 vero
1486 2813 1589 2840 totam
1604 2810 1736 2841 Italiam
1751 2811 1817 2842 suis
1833 2811 2007 2850 praesidiis

246 2861 388 2892 obsidere
415 2859 532 2900 cogitet
559 2862 657 2898 atque
685 2867 865 2898 occupare,
901 2858 1100 2898 coynoscite,
1139 2867 1276 2897 quaeso,
1316 2859 1466 2897 Quirites.
1499 2858 1685 2899 Cogynosctte
1703 2861 1849 2899 permitti
1871 2862 1938 2891 cet.
1968 2878 2002 2883 -

247 2910 298 2942 49.
325 2909 459 2941 coloniis
483 2910 516 2940 F.
545 2927 580 2931 —
605 2908 658 2941 20.
686 2908 725 2949 el]
751 2917 791 2939 ac
814 2909 850 2940 T.
879 2926 913 2930 —
940 2910 1103 2946 quaerunt
1129 2907 1163 2938 E.
1193 2925 1228 2928 —r—
1255 2908 1307 2939 24.
1334 2908 1496 2939 constituit
1523 2909 1554 2939 F.
1583 2926 1617 2929 —
1645 2910 1696 2940 ⁶22.
1726 2910 1830 2951 iidem]
1855 2910 1939 2941 istem
1963 2911 2002 2941 F:

247 2968 317 2991 om.
345 2960 380 2991 E.
415 2976 448 2982 -
482 2958 722 2990 multitudinem
753 2958 954 2997 obtinebunt,
994 2958 1090 2988 tidem
1120 2959 1221 2987 totam
1250 2956 1456 2988 Lambinus:
1493 2958 1731 2990 multitudinem
1760 2959 1793 2989 id
1827 2962 1872 2990 est
1904 2962 2006 2991 totam

249 3006 397 3044 EAQQ
423 3008 661 3040 multitudinem
684 3009 768 3040 idem
792 3012 893 3039 totam
914 3009 949 3045 F3
975 3007 1213 3038 multitudinem
1238 3006 1436 3040 obtinebunt.
1464 3008 1495 3037 itt
1518 3012 1563 3039 est
1585 3012 1686 3040 totam
1704 3018 1783 3041 cum
1799 3009 2004 3041 Lauredano

247 3059 283 3090 L.
305 3077 340 3081 —
366 3057 418 3089 23.
437 3058 522 3089 idem
545 3059 567 3089 F
582 3059 617 3089 P.
635 3074 669 3079 —-
695 3058 748 3089 02'.
774 3059 895 3090 colonis
918 3058 955 3089 E.
974 3075 1008 3079 —
1033 3056 1213 3087 interclusa
1237 3057 1274 3087 lc.
1289 3074 1323 3078 —
1350 3057 1402 3087 ⁶26.
1430 3057 1505 3088 orbe
1530 3058 1552 3088 Ε
1570 3059 1589 3088 F
1604 3060 1638 3089 P.
1654 3075 1689 3080 —
1715 3059 1766 3091 28.
1788 3059 1871 3097 Ouid
1894 3060 2003 3091 Erne-

248 3108 350 3139 stius:
383 3110 476 3146 atqui
504 3108 581 3147 quid
608 3108 669 3139 EF
681 3107 836 3141 ALsstk
869 3112 966 3146 atque
991 3107 1069 3145 quid
1093 3107 1167 3137 GT.
1196 3124 1229 3127 —
1260 3106 1355 3145 prius
1379 3110 1484 3138 uestro
1508 3108 1581 3139 FT.
1609 3125 1643 3129 —
1678 3108 1730 3139 30.
1757 3108 1935 3141 (Ic-lectatur
1958 3111 2000 3141 L:

248 3157 442 3188 delectentur
464 3157 489 3188 E
503 3157 545 3193 F;
572 3157 744 3188 delectetur
766 3159 790 3188 A
807 3155 825 3189 Σὲ
839 3159 876 3189 Ο.
912 3157 961 3188 Cf.
989 3166 1020 3188 ν.
1041 3156 1092 3188 34.
1119 3159 1306 3187 commovet.
1335 3174 1370 3178 —
1398 3158 1444 3187 rei
1465 3167 1497 3197 p.
1517 3158 1660 3198 dianitas
1684 3157 1827 3189 Orellius
1846 3168 1851 3189 z
1878 3160 1926 3191 rei
1948 3160 2003 3190 in-

249 3207 390 3247 digynitas
414 3208 457 3245 G;
481 3207 532 3238 rei
555 3207 698 3247 dignitas
720 3208 744 3239 E
759 3208 817 3239 FA
837 3206 891 3239 L>3
906 3208 942 3239 O.
970 3216 1021 3246 «11.
1049 3206 1176 3238 excidit
1199 3207 1278 3236 ante
1304 3206 1325 3236 cl
1347 3206 1524 3244 sacillinm3
1552 3208 1594 3239 cs.
1615 3208 1645 3248 g.
1666 3207 1753 3245 400.,
1781 3207 1838 3238 ubi
1862 3209 1946 3240 item
1968 3210 2001 3240 in

249 3255 316 3286 Eri.
343 3255 443 3287 deest
466 3265 517 3296 p.‚
550 3258 654 3296 atque
684 3256 728 3288 ad
756 3257 964 3288 sententiam
996 3258 1135 3297 praeter
1164 3255 1382 3296 praecedens
1406 3256 1487 3287 illud
1512 3257 1703 3297 ‹lifflzitatem
1725 3256 1910 3298 (vestram),
1947 3259 2001 3290 eui

250 3304 338 3336 haec
360 3306 588 3348 respondent,
613 3307 640 3339 I.
666 3305 696 3346 g.
724 3307 776 3338 47.
804 3308 856 3339 48.
883 3307 921 3338 11.
949 3306 980 3345 g.
1008 3306 1082 3338 79.»
1107 3306 1316 3337 WESENBERG
1340 3305 1383 3337 ad
1409 3314 1458 3337 or.
1485 3314 1518 3347 p.
1547 3307 1656 3338 Sestio
1681 3315 1714 3347 p.
1741 3305 1793 3337 47.
