2143 3713
223 229 304 271 736
769 230 968 270 ORATIO
999 230 1101 270 PRO
1133 230 1178 270 L.
1209 231 1426 272 MURENA

222 355 484 396 comparares
514 341 704 395 deposita
733 348 856 396 atque
891 342 1051 382 abiecta
1080 343 1308 395 petitione?
1374 342 1439 383 11-9.
1479 344 1644 383 Etenim
1684 350 1722 384 te
1761 345 1970 399 inquirere

222 405 436 451 videbant,
468 404 626 444 tristem
658 405 815 457 ipsum,
848 411 1025 444 maestos
1056 405 1232 452 amicos3
1272 405 1604 453 observationes,
1646 407 1970 455 testificationes,

220 467 484 507 seductiones
523 467 714 514 testium,
753 468 1031 506 secessionem
1068 466 1392 519 subscriptorum
1434 468 1837 516 animadvertebant,
1878 470 1971 522 qui-

219 529 295 568 bus
326 528 446 568 rebus
477 533 588 568 certe
618 528 697 581 ipsi
720 528 748 579 ·1-
770 528 1084 568 candidatorum
1106 528 1244 568 vultus
1275 529 1490 569 obscurior
1515 530 1552 569 ei
1573 530 1705 571 videri
1737 531 1865 571 solet:
1898 532 1971 571 Ca—

187 591 377 632 5tilinam
408 592 564 630 interea
592 591 770 631 alacrem
802 596 926 644 atque
958 591 1129 637 laetum,
1171 590 1367 643 stipatum
1399 592 1525 632 choro
1557 593 1803 641 iuventutis,
1846 594 1970 633 valla-

221 659 303 693 tum
342 653 550 693 indicibus
591 659 714 707 atque
755 654 931 700 sicariis,
968 653 1154 691 inflatum
1195 665 1288 690 cum
1328 666 1400 705 spe
1440 655 1616 694 militum
1659 660 1743 693 tum
1787 655 1969 707 collegae

218 715 320 762 mei,
352 729 475 767 quem
498 715 549 754 ad
572 716 740 755 modum
763 716 926 755 dicebat
948 716 1055 767 ipso,
1087 714 1323 767 promissis,
1355 716 1707 756 circumfluentem
1729 716 1968 756 colonorum

216 777 501 817 Arretinorum
539 783 578 817 ct
622 778 947 817 Faesulanorum
985 777 1188 823 exercitu,
1240 789 1363 829 quam
1404 777 1564 816 turbam
1606 777 1880 817 dissimillimo
1918 790 1968 815 ex

216 852 367 891 genere
390 839 700 893 distinguebant
719 839 911 879 homines
934 838 1113 892 perculsi
1136 838 1295 877 Sullani
1318 839 1513 890 temporis
1536 839 1780 879 calamitate.
1820 839 1969 878 Vultus

169 908 305 941 inerat
333 902 464 955 ipsius
494 902 643 955 plenus
674 901 848 948 furoris,
889 902 997 941 oculi
1038 900 1228 946 sceleris,
1265 912 1399 938 sermo
1441 902 1721 953 arrogantiae,
1765 902 1823 941 sic
1854 906 1900 940 ut
1932 903 1967 940 ei

216 962 295 1001 iam
327 963 566 1016 exploratus
605 970 646 1003 et
675 963 787 1002 domi
827 964 1017 1002 conditus
1056 961 1294 1001 consulatus
1337 961 1556 1002 videretur.
1615 965 1828 1003 Murenam
1871 976 1967 1002 con-

216 1025 444 1074 temnebat3
488 1026 717 1079 Sulpicium
747 1030 1028 1065 accusatorem
1060 1039 1180 1064 suum
1212 1024 1476 1071 numerabat,
1510 1038 1599 1079 >non
1631 1024 1968 1076 competitorem;

215 1087 253 1126 ei
282 1088 363 1128 vim
394 1087 687 1134 denuntiabat,
726 1089 785 1128 rei
822 1087 1013 1140 publicae
1050 1086 1294 1125 minabatur.
1365 1087 1494 1126 XXV.
1536 1084 1601 1125 550.
1643 1085 1804 1133 Quibus
1844 1087 1968 1127 rebus

216 1149 287 1202 qui
317 1149 440 1188 timor
468 1149 588 1189 bonis
620 1150 812 1189 omnibus
842 1150 1022 1189 iniectus
1054 1149 1106 1189 sit
1137 1152 1376 1201 quantaque
1407 1148 1643 1201 desperatio
1673 1147 1733 1186 rei
1764 1148 1968 1200 publicae,

165 1220 202 1249 45
215 1211 248 1250 si
278 1210 347 1250 ille
377 1210 508 1250 factus
540 1216 670 1259 esset,
702 1212 832 1251 nolite
863 1226 886 1251 a
916 1226 980 1251 me
1012 1211 1264 1252 commoneri
1296 1210 1423 1249 velle:
1460 1214 1619 1249 vosmet
1649 1209 1725 1263 ipsi
1756 1211 1967 1250 vobiscum

214 1273 502 1314 recordamini.
560 1274 806 1314 Meministis
837 1274 966 1320 enim,
1013 1287 1105 1312 cum
1137 1275 1248 1314 illius
1279 1274 1426 1315 nefarii
1458 1275 1694 1327 gladiatoris
1724 1289 1847 1316 voces
1877 1289 1969 1329 per-

216 1336 515 1384 crebruissent,
547 1349 649 1390 quas
680 1336 888 1376 habuisse
909 1336 951 1375 in
983 1336 1179 1375 contione
1210 1336 1437 1376 domestica
1468 1336 1703 1384 dicebatur,
1734 1350 1825 1377 cum
1847 1339 1967 1378 mise-

214 1413 352 1438 rorum
383 1396 546 1438 fidelem
580 1397 841 1437 defensorem
872 1403 1065 1450 negasset
1094 1397 1271 1438 inveniri
1303 1412 1448 1452 posse,
1488 1399 1567 1438 nisi
1610 1413 1729 1445 eum,
1769 1400 1839 1452 qui
1879 1401 1967 1453 ipse

214 1462 342 1502 miser
380 1465 508 1500 esset:
552 1461 803 1513 integrorum
836 1465 875 1499 et
912 1459 1214 1499 fortunatorum
1252 1461 1467 1513 promissis
1506 1461 1670 1501 saucios
1712 1467 1752 1501 et
1795 1464 1966 1502 miseros

165 1532 200 1562 ‘20
215 1523 384 1563 credere
415 1536 500 1562 non
531 1527 740 1576 oportere:
787 1535 915 1575 quare
947 1522 1018 1575 qui
1056 1527 1301 1574 consumpta
1332 1522 1511 1574 replere,
1554 1528 1692 1575 erepta
1721 1538 1965 1577 recuperare

214 1586 387 1633 vellent,
429 1589 663 1638 spectarent
703 1583 802 1638 quid
842 1583 931 1636 ipse
964 1583 1153 1630 deberet,
1194 1584 1292 1636 quid
1334 1584 1588 1636 possideret:
1635 1586 1736 1637 quid
1776 1588 1964 1626 auderet:

215 1649 382 1688 minime
423 1647 612 1687 timidum
656 1653 696 1686 et
732 1646 850 1686 valde
893 1646 1179 1685 calamitosum
1221 1658 1312 1684 esse
1354 1652 1547 1698 oportere
1589 1660 1701 1694 eum,
1745 1649 1816 1701 qui
1857 1655 1964 1688 esset

215 1711 378 1751 futurus
411 1710 495 1750 dux
526 1714 567 1748 et
596 1708 768 1761 signifer
799 1708 1155 1748 calamitosorum:
1187 1704 1252 1745 Sl.
1286 1713 1369 1746 tum
1393 1708 1540 1760 igitur,
1569 1709 1635 1747 his
1658 1710 1780 1750 rebus
1802 1710 1966 1757 auditis,

214 1773 459 1813 meministis
488 1771 579 1811 fieri
609 1776 777 1811 senatus
809 1771 1043 1810 consultum
1074 1769 1278 1809 referente
1309 1783 1396 1817 me,
1427 1783 1478 1808 ne
1508 1775 1675 1823 postero
1707 1772 1774 1812 die
1803 1774 1967 1813 comitia

163 1845 199 1876 25
212 1835 487 1882 haberentur,
518 1839 565 1873 ut
595 1834 646 1873 de
676 1833 741 1873 his
772 1833 894 1873 rebus
925 1833 968 1872 in
1000 1836 1147 1871 senatu
1178 1844 1299 1884 agere
1329 1845 1559 1884 possemus.
1600 1834 1745 1887 Itaque
1765 1835 1966 1888 postridie

212 1897 421 1951 frequenti
453 1902 598 1937 senatu
631 1896 852 1936 Catilinam
885 1895 1085 1942 excitavi,
1127 1899 1251 1946 atque
1293 1907 1384 1933 eum
1426 1894 1476 1934 de
1516 1895 1567 1934 iis
1604 1896 1727 1936 rebus
1767 1897 1892 1943 iussi,
1932 1898 1964 1936 si

213 1959 316 2012 quid
346 1959 494 2006 vellet,
526 1971 632 2012 quae
663 1958 715 1997 ad
746 1972 811 1997 me
842 1958 992 1998 allatae
1024 1961 1185 2003 essent,
1218 1956 1366 1996 (licere.
1426 1958 1687 2012 Atque,ille‚
1728 1963 1775 1998 ut
1805 1972 1967 2012 semper

212 2022 290 2062 fuit
319 2021 623 2075 apertissimus,
656 2034 740 2061 non
772 2035 815 2060 se
836 2020 1049 2073 purgavit,
1082 2020 1153 2059 sed
1175 2018 1373 2058 indicavit
1395 2024 1519 2073 atque
1541 2020 1689 2060 induit.
1729 2022 1834 2061 Tum
1855 2022 1964 2061 enim

213 2084 318 2124 dixit
347 2084 430 2123 duo
461 2097 631 2137 corpora
663 2096 752 2123 esse
784 2084 842 2122 rei
875 2083 1077 2135 publicae,
1110 2095 1237 2121 unum
1268 2080 1403 2122 debile
1428 2080 1591 2122 infirmo
1614 2083 1761 2135 capite,
1791 2083 1963 2122 alterum

164 2147 375 2187 sofirmum
418 2146 507 2186 sine
546 2146 705 2200 capite:
743 2145 863 2193 huic,
903 2146 937 2185 si
976 2146 1033 2185 ita
1073 2143 1124 2184 de
1162 2157 1205 2184 se
1246 2143 1439 2184 meritum
1470 2150 1602 2192 esset,
1641 2150 1766 2198 caput
1795 2158 1839 2185 se
1870 2145 1963 2185 vivo

299 2265 329 2296 11.
354 2272 530 2303 comparas
552 2263 672 2294 Lamb.
698 2272 793 2304 susp.
825 2281 858 2285 —
891 2266 920 2294 te
938 2271 1002 2302 pro
1025 2262 1078 2294 lile
1100 2260 1268 2300 inquirere
1291 2263 1381 2292 testes
1402 2261 1553 2293 videbant
1575 2271 1607 2293 v.
1638 2280 1671 2283 —-
1705 2262 1736 2293 3.
1763 2271 1901 2294 secessus
1923 2263 1960 2299 Τ,

211 2314 422 2346 successiones
438 2324 518 2345 v.—
544 2313 575 2345 4.
600 2313 708 2345 vultus
732 2323 770 2344 v:
798 2322 866 2345 om.
888 2314 913 2344 1⁴2
927 2315 951 2344 G
966 2313 1009 2351 M,
1036 2312 1054 2343 6
1072 2312 1158 2346 Oxx.
1172 2328 1206 2332 —
1234 2310 1401 2342 obscurior
1423 2312 1451 2343 ei
1474 2313 1578 2344 videri
1601 2313 1678 2344 solet
1701 2313 1725 2343 E
1740 2313 1766 2344 G
1780 2314 1803 2345 C
1820 2313 1845 2344 H
1860 2314 1917 2351 Sx
1932 2319 1964 2353 ψ

213 2364 287 2404 (sed
305 2366 331 2395 G
346 2365 473 2401 uidere,
499 2374 522 2402 χ
550 2364 677 2403 solean:
703 2364 904 2395 obscuriores
924 2363 1029 2394 videri
1051 2362 1148 2393 solent
1166 2362 1197 2393 M
1212 2361 1253 2397 T;
1277 2360 1386 2392 cultus
1400 2361 1599 2393 obse-wieres
1613 2362 1717 2393 videri
1740 2362 1839 2393 solent
1855 2371 1874 2392 v
1888 2363 1912 2394 L
1925 2363 1962 2394 Ο.

212 2416 254 2445 At
284 2414 373 2445 hanc.
400 2413 572 2454 vulgatam
603 2412 787 2445 lectionem
820 2413 958 2446 foedam
988 2410 1289 2452 interpolationem
1329 2419 1406 2442 esse
1439 2410 1680 2452 comprobavit
1710 2411 1898 2452 Madvigius
1932 2412 1963 2443 in

214 2464 340 2504 Opuso.
359 2464 397 2495 11.
424 2472 456 2504 p.
476 2463 550 2494 373.
577 2462 726 2494 Klotzius
749 2464 887 2503 scripsit
911 2464 943 2494 in
961 2461 1016 2493 ed.
1036 2460 1162 2492 altera:
1189 2460 1304 2500 quibus
1326 2460 1421 2491 rebus
1442 2470 1507 2492 esse
1529 2461 1590 2501 ipsi
1606 2461 1782 2492 candidato
1799 2461 1966 2493 obscurior

211 2521 281 2552 spes
302 2513 405 2544 videri
427 2513 514 2545 solet.
552 2513 621 2552 Ego
645 2514 795 2544 tentavi:
823 2513 938 2551 quibus
959 2512 1054 2543 rebus
1075 2514 1159 2541 certe
1181 2510 1243 2550 ipsi
1265 2511 1440 2542 candidalo
1464 2512 1626 2543 rationem
1648 2512 1884 2551 suffragiorum
1907 2511 1964 2542 ob-

210 2562 389 2593 scuriorem
415 2562 519 2593 videri
549 2562 658 2601 liquet.
690 2579 723 2583 ——
762 2563 792 2593 5.
826 2563 982 2603 alacrem]
1015 2569 1124 2597 autem
1157 2567 1193 2597 G.
1225 2582 1259 2586 —
1297 2565 1328 2595 6.
1354 2561 1513 2593 indicibus
1536 2562 1599 2592 EG
1612 2562 1666 2593 M:
1702 2559 1863 2591 iudicibus
1885 2560 1962 2596 Tv,

212 2612 391 2643 audacibus
413 2613 449 2643 L.
477 2629 510 2633 -—
548 2620 622 2642 cum
644 2613 731 2643 mei:
766 2621 838 2644 eum
862 2623 903 2651 χ,
937 2617 1005 2645 tum
1029 2616 1164 2646 Schutz.
1192 2616 1225 2646 et
1248 2613 1366 2646 Matth.
1395 2630 1429 2634 —-
1464 2614 1531 2642 tum
1555 2612 1578 2641 G
1593 2620 1632 2641 v:
1669 2619 1738 2642 om.
1764 2611 1795 2642 M
1821 2619 1867 2641 ni.
1894 2618 1961 2650 pn,

213 2662 407 2702 ECSTuJ.
444 2680 477 2683 —
515 2662 546 2692 7.
571 2662 648 2701 ipsis
670 2667 715 2702 ψ.
756 2680 789 2684 —
828 2663 858 2694 8.
893 2664 1151 2697 Faesulanorum
1185 2667 1229 2696 G:
1268 2663 1503 2695 Fesulanorum
1532 2661 1683 2693 EMOv.
1717 2678 1751 2682 —
1783 2659 1963 2691 eret-cilum

214 2712 331 2750 EMx.
365 2730 398 2734 —
429 2712 459 2743 9.
488 2711 630 2751 perculsi
658 2712 810 2749 ECLv,
848 2714 920 2744 Par.
953 2715 983 2752 7,
1014 2716 1149 2746 thano:
1182 2713 1328 2754 percussi
1355 2712 1441 2749 GM,
1467 2710 1486 2741 3
1510 2711 1618 2747 Pa1·r.,
1651 2709 1723 2741 rell.
1750 2708 1853 2740 codd.
1880 2710 1959 2740 noti.

213 2762 309 2793 Cons.
336 2761 480 2793 Ellendt.
507 2761 550 2792 ad
581 2762 644 2792 Cic.
671 2762 708 2793 de
736 2766 820 2793 orat.
846 2762 919 2794 Vol.
946 2765 984 2795 ll.
1012 2774 1044 2805 p.
1072 2764 1144 2796 344..
1181 2781 1214 2785 —
1255 2764 1306 2794 40.
1340 2765 1411 2793 erat
1440 2761 1501 2800 ipsi
1524 2769 1567 2797 χ,
1598 2760 1698 2798 ipsius
1732 2762 1803 2791 erat
1827 2758 1895 2789 Ev.
1925 2777 1959 2780 —

212 2812 323 2843 oculus
346 2812 369 2842 E
385 2812 408 2843 C
424 2811 450 2842 H
466 2812 497 2842 S.
533 2827 568 2832 —
602 2820 705 2842 sermo
729 2820 799 2843 oin.
826 2813 868 2844 M.
905 2832 938 2835 —
972 2816 1204 2855 arrogantiam
1228 2814 1270 2844 M.
1308 2830 1333 2833 —
1361 2815 1396 2842 ut
1419 2811 1516 2842 etium
1540 2819 1574 2846 χ.
1605 2827 1638 2831 -
1666 2810 1717 2841 ll.
1744 2808 1869 2849 explor.
1895 2808 1962 2838 iam

212 2871 244 2892 v.
277 2878 311 2882 —
347 2862 397 2892 l2.
423 2862 618 2893 munerabat
642 2865 719 2899 (ἓν,
746 2863 957 2894 enumerabat
982 2865 1017 2895 E.
1054 2882 1087 2885 —
1120 2863 1171 2895 44.
1197 2862 1306 2903 timor]
1331 2862 1386 2893 libi
1410 2862 1447 2892 G.
1476 2877 1511 2882 —
1541 2860 1592 2890 ¹¹5.
1617 2868 1673 2890 vos
1694 2859 1857 2890 vobiscum
1879 2861 1962 2888 met-

211 2911 271 2950 ipsi
294 2920 326 2942 v.
363 2928 396 2932 —
429 2911 480 2942 46.
503 2910 778 2950 percrebruissent
803 2913 921 2944 Franc.
948 2915 982 2944 et
1006 2914 1047 2943 L:
1068 2912 1325 2952 percrebuissent
1349 2911 1434 2949 mei,
1459 2910 1482 2939 (J
1500 2909 1525 2939 ll
1541 2909 1648 2939 STO.
1677 2926 1710 2930 —-
1739 2909 1790 2939 47.
1816 2907 1962 2939 contione

211 2961 282 2992 EM
294 2970 332 2991 v:
369 2961 520 2991 concione
543 2962 580 2992 Ο.
609 2979 635 2982 -
680 2961 847 2993 dicebatur
869 2972 938 2994 om.
965 2966 1001 2994 G.
1031 2980 1064 2985 ——
1096 2963 1148 2993 20.
1175 2962 1263 2994 credi
1286 2971 1321 2998 χ.
1350 2977 1383 2981 —-
1420 2959 1475 2998 qui
1498 2961 1628 2997 sumpta
1653 2958 1687 2989 E.
1717 2975 1751 2980 e·
1778 2957 1962 2996 reciperare

212 3011 294 3043 MC.
327 3028 362 3032 -
397 3011 451 3041 24.
477 3011 555 3049 quid
581 3011 643 3050 ipsi
671 3011 797 3043 deberet
826 3013 871 3049 G,
903 3021 972 3044 om.
1006 3014 1080 3044 Par.
1108 3012 1137 3044 li.
1170 3028 1205 3034 —
1235 3012 1288 3042 22.
1322 3010 1498 3042 timendum
1531 3018 1589 3046 zv
1613 3009 1647 3039 et
1669 3008 1694 3039 E
1719 3016 1765 3038 ni.
1790 3015 1843 3047 pr.
1871 3023 1904 3027 »-
1932 3009 1961 3035 et

212 3068 281 3091 om.
309 3063 346 3091 G.
386 3078 420 3082 —
456 3060 509 3092 23.
538 3061 814 3093 calamitosorum.
851 3063 930 3093 Tum
953 3062 1033 3094 edd.
1059 3062 1378 3103 Interpunctionenl
1405 3060 1555 3091 correxit
1583 3058 1672 3089 Frid.
1699 3058 1776 3089 Car.
1801 3054 1959 3087 Wolffius

213 3109 245 3140 in
269 3109 550 3150 interpretatione
575 3112 799 3149 Germanica,
826 3112 925 3143 cuius
949 3120 982 3143 v.
1009 3111 1125 3143 adnot.
1151 3120 1184 3152 p.
1205 3110 1278 3142 43⁴.
1301 3127 1335 3132 ——-
1354 3111 1422 3140 tum
1445 3108 1505 3139 hiis
1528 3117 1604 3148 erqo
1627 3107 1688 3138 hiis
1708 3106 1802 3138 rebus
1824 3104 1961 3136 audistis

213 3160 249 3189 G.
267 3175 302 3181 -
317 3160 357 3190 iis
380 3160 416 3190 E.
432 3177 468 3182 —
484 3159 537 3192 24.
559 3164 693 3200 postera
716 3170 759 3199 x,
780 3164 944 3201 postremo
967 3162 1003 3193 E.
1026 3180 1059 3182 —
1077 3161 1130 3193 ⁶25.
1155 3161 1216 3192 hiis
1238 3160 1274 3191 E.
1295 3177 1330 3181 —
1347 3158 1443 3189 rebus
1465 3166 1533 3189 om.
1560 3160 1597 3188 G.
1619 3175 1653 3180 —
1673 3163 1770 3196 aycre
1784 3171 1831 3177 -—
1846 3156 1958 3184 senatu

213 3217 282 3240 om.
307 3209 344 3239 E.
379 3225 414 3230 —-
444 3210 496 3241 die
512 3211 637 3249 posteri
659 3212 696 3241 G.
732 3226 767 3232 —
805 3211 858 3243 26.
892 3212 930 3242 (Ie
951 3211 992 3242 iis
1014 3211 1055 3242 E:
1088 3211 1126 3242 de
1148 3210 1196 3241 his
1225 3212 1248 3241 G
1264 3209 1415 3241 MLOv.
1450 3226 1484 3229 ——
1516 3208 1569 3239 27.
1595 3215 1680 3245 quae
1702 3214 1724 3236 a
1745 3213 1796 3236 me
1818 3204 1891 3241 Εχ.
1920 3220 1954 3224 —

211 3257 264 3288 28.
289 3259 342 3289 sed
364 3258 521 3290 indicavit
543 3268 612 3291 om.
638 3260 675 3292 E.
704 3278 739 3282 —
758 3261 863 3293 induit
885 3261 910 3292 E
925 3261 1012 3293 GM:
1038 3261 1144 3292 innuit
1166 3269 1203 3299 v,
1228 3258 1391 3290 imminuit
1413 3258 1449 3289 T.
1470 3275 1504 3279 —
1523 3257 1577 3289 29.
1601 3257 1696 3297 firmo
1719 3263 1791 3294 cap.
1817 3252 1957 3286 Manutii

213 3314 307 3347 susp.
330 3324 363 3328 —
390 3308 446 3339 alt.
470 3310 604 3349 firmum
625 3310 693 3342 sine
714 3319 788 3350 cap.
815 3319 883 3342 om.
911 3312 947 3341 G.
970 3327 1004 3333 -
1023 3310 1081 3341 alt.
1106 3310 1273 3350 infirmum
1289 3317 1322 3340 v,
1343 3326 1378 3331 —
1395 3307 1447 3339 3⁰.
1473 3308 1500 3338 si
1524 3307 1548 3339 E
1563 3307 1586 3337 G
1601 3315 1634 3345 v,
1659 3306 1678 3336 5
1696 3305 1777 3336 Oxx.
1796 3305 1831 3335 et
1854 3304 1953 3342 Lagg.

214 3364 351 3389 omnes:
377 3364 451 3389 cum
473 3359 592 3391 MLO.
614 3376 651 3383 -—
676 3359 724 3392 ita
746 3360 778 3392 M
802 3367 849 3391 m.
876 3367 948 3391 sec.
975 3367 1052 3400 sup.
1078 3358 1134 3390 lin.
