2143 3713
287 200 367 243 544
810 203 1010 245 ORATIO
1040 204 1143 246 PRO
1174 205 1222 245 A.
1253 205 1516 249 CLUENTIO

284 314 385 355 tium
416 327 566 367 magno
597 327 719 368 opere
751 329 899 356 causae
931 313 1161 364 confidere,
1193 317 1304 370 quod
1325 320 1562 359 certissimis
1589 320 1829 362 criminibus
1851 327 1892 363 et
1920 325 2034 364 testi-

283 377 360 416 bus
390 376 518 416 fretus
548 376 599 416 ad
630 378 909 418 accusandum
941 378 1214 418 descenderit.
1268 378 1354 420 Hoc
1384 381 1476 421 loco
1506 381 1742 422 faciendum
1773 382 1897 431 mihi,
1927 385 2033 425 iudi-

284 452 374 486 ces,
406 445 489 487 est,
519 444 566 479 ut
594 440 712 479 vobis
742 440 922 480 breviter
951 440 1044 487 illa,
1077 441 1227 493 quibus
1248 441 1390 482 Albius
1423 449 1485 483 est
1511 443 1831 492 condemnatus,
1862 446 2034 486 crimina

284 513 504 554 exponam.
552 501 635 541 Abs
675 506 714 541 te
754 507 870 555 peto,
915 501 1166 555 Oppianice,
1206 508 1254 543 ut
1283 517 1347 543 me
1378 505 1551 545 invitum
1582 506 1632 545 de
1662 506 1791 560 patris
1820 506 1879 546 tui
1910 520 2035 548 causa

252 561 418 602 5dicere
451 563 683 611 existimes,
714 564 938 603 adductum
970 562 1048 603 lide
1079 569 1205 617 atque
1237 565 1373 606 officio
1395 566 1664 608 defensionis.
1703 568 1867 608 Etenim
1898 569 1970 608 tibi
2000 570 2034 609 si

281 623 323 662 in
354 626 586 677 praesentia
618 623 732 679 [satis
762 622 912 678 facere]
945 638 1030 665 non
1061 632 1259 679 potuerO,
1289 633 1426 668 tamen
1457 630 1611 669 multae
1633 629 1732 669 mihi
1764 630 1815 669 ad
1847 629 1946 669 satis
1975 629 2035 670 fa-

282 685 475 725 ciendum
512 687 673 740 reliquo
714 692 901 740 tempore
939 687 1157 727 facultates
1188 688 1416 729 dabuntur:
1458 691 1651 731 Cluentio
1683 691 1763 730 nisi
1793 704 1904 731 nunc
1934 692 2033 731 satis

280 746 437 795 fecero,
468 754 613 802 postea
643 749 742 789 mihi
773 750 871 788 satis
901 748 1081 789 faciendi
1112 755 1294 803 potestas
1324 765 1409 791 non
1440 753 1528 792 erit.
1581 753 1711 792 Simul
1743 758 1783 792 et
1812 753 1915 793 illud
1937 753 2032 807 quis

282 815 364 858 est,
405 811 475 863 qui
515 811 702 850 dubitare
744 811 917 857 debeat,
957 817 1097 851 contra
1138 811 1376 853 damnatum
1408 819 1448 854 et
1487 820 1694 854 mortuum
1726 828 1799 868 pro
1830 815 2032 855 incolumi

232 884 267 915 4ο
282 878 322 912 et
350 885 425 925 pro
456 873 551 912 vivo
584 873 754 911 dicere?
794 886 885 912 cum
918 873 999 920 illi,
1031 874 1072 913 in
1105 888 1230 928 quem
1262 874 1434 921 dicitur,
1465 876 1673 916 damnatio
1706 890 1827 917 omne
1858 877 2035 929 ignomi-

280 935 371 975 niae
401 935 628 987 periculum
659 935 741 973 iam
771 935 1010 981 abstulerit,
1042 949 1153 976 mors
1184 950 1282 976 vero
1315 937 1437 977 etiam
1469 938 1648 986 doloris,
1679 939 1745 978 hic
1770 944 1929 986 autem,
1960 951 2033 991 pro

281 1011 363 1050 quo
409 997 605 1043 dicimus,
649 996 753 1035 nihil
799 997 931 1049 possit
969 998 1210 1037 offensionis
1250 999 1436 1051 accipere
1477 1001 1566 1039 sine
1605 1001 1871 1040 acerbissimo
1908 1001 2033 1040 animi

280 1072 405 1099 sensu
437 1072 483 1098 ac
514 1058 704 1097 molestia
735 1064 776 1098 et
805 1059 895 1098 sine
927 1073 1088 1099 summo
1122 1060 1325 1100 dedecore
1346 1062 1450 1101 vitae
1473 1068 1513 1102 et
1542 1062 1833 1115 turpitudine?
1876 1059 1891 1100 ll
1911 1059 1942 1102 l.
1964 1063 2034 1101 At-

280 1134 360 1174 que
401 1125 445 1160 ut
482 1120 721 1173 intelligatis
755 1121 989 1161 Cluentium
1027 1135 1107 1161 non
1141 1124 1395 1163 accusatorio
1436 1125 1598 1171 animo,
1637 1138 1720 1164 non
1753 1125 2033 1164 ostentatione

228 1197 263 1225 45
278 1183 419 1235 aliqua
458 1187 529 1222 aut
567 1182 700 1235 gloria
739 1183 982 1231 adductum,
1022 1184 1094 1223 sed
1136 1184 1304 1224 nefariis
1335 1186 1522 1233 iniuriis,
1570 1186 1824 1239 quotidianis
1856 1186 2033 1233 insidiis,

276 1244 492 1298 proposito
523 1250 617 1284 ante
649 1245 792 1285 oculos
823 1245 930 1285 vitae
962 1246 1169 1299 periculo,
1208 1260 1360 1286 nomen
1392 1247 1611 1301 Oppianici
1644 1248 1867 1296 detulisse,
1908 1248 2033 1302 paulo

275 1307 442 1361 longius
473 1307 692 1346 exordium
723 1308 782 1347 rei
816 1307 1160 1348 demonstrandae
1191 1315 1350 1362 petam,
1394 1310 1505 1364 quod
1537 1323 1719 1364 quaeso,
1759 1310 1940 1358 iudices,
1981 1322 2033 1350 ne

276 1370 450 1410 moleste
488 1369 726 1422 patiamini:
765 1370 978 1423 principiis
1021 1371 1131 1410 enim
1171 1372 1344 1424 cognitis
1384 1372 1513 1412 multo
1553 1372 1717 1412 facilius
1758 1377 1942 1412 extrema
1971 1372 2033 1412 in-

276 1431 486 1485 telligetis.

223 1506 260 1538 20
388 1495 436 1534 V.
467 1495 516 1534 A.
543 1494 759 1534 Cluentius
789 1493 966 1534 Habitus
996 1494 1086 1542 fuit,
1117 1500 1235 1548 pater
1263 1495 1458 1543 huiusce,
1489 1496 1663 1543 iudices,
1695 1495 1819 1537 homo
1850 1510 1935 1537 non
1966 1510 2031 1537 so-

273 1558 360 1598 lum
390 1556 608 1609 municipii
639 1556 870 1604 Larinatis,
913 1569 965 1596 ex
997 1570 1079 1610 quo
1111 1562 1218 1605 erat,
1250 1557 1323 1597 sed
1355 1558 1477 1597 etiam
1510 1557 1693 1610 regionis
1724 1559 1834 1598 illius
1865 1564 1905 1599 et
1934 1558 2032 1598 vici—

273 1620 415 1661 nitatis
454 1619 627 1664 virtute,
665 1618 994 1666 existimatione,
1033 1618 1245 1659 nobilitate
1286 1619 1407 1659 facile
1446 1620 1654 1673 princeps.
1720 1621 1758 1660 Is
1799 1635 1891 1661 cum
1923 1625 2033 1661 esset

274 1688 459 1723 mortuus
505 1681 619 1720 Sulla
657 1685 695 1720 et
735 1680 934 1733 Pompeio
967 1681 1230 1728 consulibus,
1269 1681 1440 1735 reliquit
1469 1681 1578 1721 hunc
1610 1695 1740 1722 annos
1769 1683 1846 1722 XV
1875 1687 2030 1729 natum,

274 1744 473 1797 grandem
504 1747 642 1783 autem
674 1748 714 1782 et
744 1743 927 1782 nubilem
959 1741 1104 1790 filiam,
1141 1756 1247 1796 quae
1277 1744 1392 1782 brevi
1423 1749 1610 1796 tempore
1641 1749 1734 1796 post
1764 1745 1891 1797 patris
1922 1757 2029 1784 mor-

224 1818 260 1848 95
273 1813 354 1847 tem
391 1805 534 1859 nupsit
562 1805 609 1844 A.
640 1804 766 1845 Aurio
797 1804 973 1852 Melino,
1016 1805 1266 1844 consobrino
1298 1818 1397 1853 suo,
1437 1805 1691 1845 adolescenti
1721 1806 1763 1845 in
1790 1806 1956 1860 primis,
1986 1811 2032 1845 ut

274 1876 361 1910 tum
400 1868 649 1915 habebatur,
690 1868 799 1906 inter
836 1880 934 1906 suos
974 1872 1014 1906 et
1052 1866 1227 1907 honesto
1269 1873 1309 1907 et
1346 1867 1489 1907 nobili.
1550 1864 1615 1906 42.
1649 1867 1749 1907 Cum
1789 1873 1928 1909 essent
1957 1881 2030 1909 eae

272 1932 444 1985 nuptiae
475 1930 624 1983 plenae
655 1929 885 1982 dignitatis,
916 1929 1064 1982 plenae
1095 1929 1368 1977 concordiae,
1400 1934 1573 1982 repente
1596 1935 1658 1969 est
1679 1935 1824 1970 exorta
1845 1929 2031 1969 mulieris

272 1995 533 2048 importunae
578 1991 736 2032 nefaria
775 1991 928 2039 libido,
974 2005 1057 2031 non
1099 1992 1230 2031 solum
1273 1992 1499 2038 dedecore,
1545 2005 1687 2032 verum
1718 1991 1842 2031 etiam
1873 1991 2028 2032 scelere

274 2057 508 2097 coniuncta.
566 2055 668 2093 Nam
703 2053 860 2101 Sassia,
892 2059 1021 2093 mater
1049 2054 1175 2093 huius
1206 2054 1368 2094 Habiti:
1400 2059 1528 2094 mater
1562 2054 1673 2093 enim
1700 2067 1723 2094 a
1744 2067 1809 2093 me
1840 2053 1883 2092 in
1918 2054 2029 2093 omni

223 2128 259 2157 30
274 2132 419 2166 causa,
456 2117 619 2157 tametsi
656 2117 697 2155 in
736 2116 845 2155 hunc
885 2115 1025 2155 hostili
1059 2116 1156 2155 odio
1189 2122 1229 2155 et
1259 2115 1501 2156 crudelitate
1533 2122 1613 2163 est,
1653 2122 1805 2163 mater,
1844 2116 2027 2169 inquam,

272 2179 569 2234 appellabitur,
601 2191 739 2231 neque
770 2190 968 2230 umquam
999 2177 1070 2217 illa
1100 2177 1158 2217 ita
1179 2177 1229 2216 de
1262 2191 1337 2217 suo
1365 2178 1520 2218 scelere
1543 2184 1582 2218 et
1602 2178 1854 2217 immanitate
1874 2177 2028 2225 audiet,

271 2248 318 2282 ut
348 2247 519 2281 naturae
550 2253 703 2280 nomen
733 2240 916 2279 amittat:
954 2253 1037 2293 quo
1069 2241 1179 2279 enim
1211 2244 1273 2279 est
1308 2241 1443 2293 ipsum
1474 2253 1626 2280 nomen
1657 2239 1863 2280 amantius
1892 2238 2029 2279 indul-

273 2303 521 2357 gentiusque
552 2307 806 2349 maternum,
836 2301 916 2341 hoc
947 2302 1058 2341 illius
1089 2303 1254 2350 matris,
1287 2315 1393 2355 quae
1425 2302 1577 2342 multos
1598 2302 1679 2341 iam
1701 2314 1834 2342 annos
1856 2306 1898 2341 et
1917 2314 2027 2341 nunc

273 2379 367 2406 cum
411 2365 590 2405 maxime
634 2363 765 2404 filium
810 2362 1072 2403 interfectum
1116 2364 1250 2417 cupit,
1297 2364 1506 2417 singulare
1552 2364 1688 2404 scelus
1733 2363 1889 2404 maiore
1931 2363 2026 2403 odio

358 2575 388 2607 3.
413 2573 547 2606 Albinus
569 2573 602 2605 S.
631 2591 667 2595 —
692 2575 738 2605 est
759 2573 993 2604 condemnatus
1016 2571 1045 2605 91
1060 2573 1104 2605 A:
1143 2574 1374 2605 condemnatus
1397 2575 1441 2604 est
1464 2572 1487 2603 L
1502 2570 1521 2604 8
1536 2572 1572 2604 O.
1602 2588 1636 2594 —
1664 2571 1694 2604 6.
1720 2572 1801 2603 satis
1821 2571 1931 2612 facere
1953 2580 2022 2603 om.

270 2624 340 2657 ST.
381 2623 477 2657 Conf.
504 2623 534 2664 g.
561 2623 613 2654 54.
640 2621 787 2663 Spengel
809 2622 943 2663 Allyem.
970 2622 1200 2664 Schulzeituny
1224 2622 1317 2655 4834.
1344 2623 1384 2653 ΙΙ.
1409 2630 1442 2663 p.
1469 2620 1544 2653 468.
1578 2639 1612 2643 —
1651 2621 1683 2653 7.
1708 2622 1782 2663 nisi]
1813 2622 1848 2653 ni
1882 2622 1952 2653 ST.
1987 2638 2022 2643 —

270 2675 323 2706 40.
348 2677 378 2706 et
407 2682 468 2714 pro
496 2673 570 2704 vivo
601 2672 696 2703 STF
709 2672 799 2704 MA:
837 2675 866 2703 et
900 2672 974 2703 vivo
1005 2669 1113 2704 [ΒΟ.
1147 2689 1182 2693 -
1221 2673 1273 2703 44.
1300 2671 1469 2709 «Quidam
1493 2670 1586 2702 docti
1616 2669 1681 2710 legi
1705 2670 1825 2703 volunt
1848 2671 2024 2703 dolorem.»

269 2724 372 2755 [ΑΜΒ.
390 2740 424 2744 -
450 2722 502 2753 hic
517 2739 535 2744 -
547 2738 566 2744 —
582 2721 718 2752 dicimus
732 2738 750 2743 -
762 2738 780 2744 -
795 2722 943 2761 accipere
966 2722 986 2753 S
1000 2722 1042 2753 T:
1068 2721 1142 2753 huic
1158 2737 1176 2744 —
1188 2739 1205 2744 -
1222 2721 1342 2752 dicitur
1355 2740 1375 2746 -
1386 2737 1405 2743 -
1420 2721 1572 2752 accedere
1588 2721 1612 2751 R
1627 2722 1653 2751 Α
1666 2720 1690 2751 L
1704 2718 1723 2752 2
1738 2721 1775 2753 Ο.
1802 2721 1959 2760 (accidere
1974 2719 2024 2759 L.)

271 2789 307 2794 —-
335 2771 386 2804 43.
404 2771 551 2802 molestia
574 2771 595 2801 S
609 2771 648 2801 T:
675 2770 785 2801 dolore
802 2771 825 2801 Ι(
839 2772 865 2802 A
881 2771 903 2801 L
917 2769 939 2804 ἓ
952 2771 988 2802 Ο.
1011 2787 1045 2792 —
1073 2773 1101 2802 ct
1124 2774 1212 2810 turp.
1239 2771 1260 2802 S
1274 2771 1315 2801 T:
1343 2778 1382 2800 ac
1398 2772 1485 2808 turp.
1506 2770 1529 2801 R
1544 2771 1569 2800 Α
1584 2770 1608 2800 L
1622 2768 1643 2802 8
1658 2769 1695 2800 O.
1716 2787 1751 2793 —
1779 2771 1830 2802 45.
1848 2771 2025 2801 adductum

269 2829 339 2853 om.
358 2822 394 2852 T.
413 2838 448 2842 —
467 2819 639 2851 cotidianis
654 2820 729 2850 S.—
749 2820 801 2851 46.
817 2820 919 2859 paulo
935 2820 1064 2860 longius
1080 2836 1129 2843 --
1144 2819 1326 2859 intelligetis
1341 2818 1478 2857 Quintil.
1498 2818 1553 2849 IV.
1573 2819 1604 2857 4,
1623 2818 1675 2849 79.
1688 2836 1723 2840 —
1742 2820 1793 2851 47.
1808 2823 1919 2860 petam
1935 2817 1964 2851 ‘21
1977 2820 2019 2850 A:

266 2873 413 2910 repetam
436 2878 516 2900 cum
534 2868 740 2907 Quintiliano
764 2870 787 2900 L
801 2868 822 2902 53
837 2870 874 2900 Ο.
902 2869 952 2900 Cf.
972 2870 1002 2909 ξ.
1021 2869 1072 2901 58.
1093 2878 1127 2910 p.
1148 2869 1294 2900 Caecina
1313 2868 1343 2908 S.
1364 2868 1416 2898 40.
1439 2886 1472 2889 --
1499 2868 1552 2898 Ἢ).
1578 2869 1616 2899 Α.
1635 2868 1798 2900 Cluentius
1812 2869 2024 2909 --princcps

269 2919 495 2958 Quintilianus
519 2920 572 2951 IV.
599 2921 635 2957 ⁶2,
662 2919 735 2951 430.
763 2920 815 2960 (cf.
839 2920 892 2951 IV.
912 2921 951 2956 2,
979 2920 1029 2951 46.
1056 2920 1110 2951 XI.
1130 2920 1161 2958 3,
1181 2919 1267 2958 462.)
1295 2935 1330 2938 -
1355 2918 1492 2949 Habitus
1515 2918 1607 2948 STF
1621 2918 1652 2948 M
1665 2920 1690 2949 A
1717 2920 1751 2949 et
1775 2917 2017 2956 Quintilianus:

265 2969 378 3000 Avitus
400 2970 424 3000 L
439 2967 460 3002 ἓ
475 2969 511 3000 O.
538 2970 591 3000 Sic
615 2969 756 3009 ubique.
779 2987 812 2992 -
840 2970 960 3001 iudices
977 2977 1045 3000 om.
1065 2969 1100 3000 T.
1123 2987 1157 2991 -
1183 2970 1235 2999 21.
1254 2967 1363 3005 etiam]
1381 2971 1410 2997 ct
1428 2968 1467 2999 F:
1496 2975 1564 2997 oni.
1586 2965 1822 3004 Quintilianus.
1841 2984 1875 2988 —
1902 2967 1954 2998 ⁶22.
1971 2966 2022 3006 sa-

266 3019 325 3050 cile
356 3027 425 3049 om.
457 3019 516 3049 ST
547 3020 580 3049 ct
610 3017 845 3056 Quintilianus.
889 3018 939 3049 Cf.
973 3018 1043 3049 Cic.
1075 3027 1107 3058 p.
1141 3019 1241 3049 Rosc.
1272 3018 1348 3048 Am.
1384 3016 1414 3056 g.
1443 3016 1492 3047 43.
1521 3017 1617 3047 Verr.
1644 3017 1767 3047 Aecus.
1794 3017 1818 3047 I.
1844 3016 1874 3056 g.
1902 3015 1953 3047 64.
1983 3033 2016 3037 ——

266 3068 319 3098 ⁶23.
337 3067 430 3106 Sylla
452 3068 595 3098 STMA
610 3068 633 3098 1.
647 3066 680 3100 Β.
708 3067 757 3098 Cf.
776 3067 807 3107 ἓ.
827 3066 879 3099 94„
899 3083 932 3089 —
961 3066 1013 3098 24.
1039 3067 1176 3099 'nobilem
1200 3068 1242 3099 M.
1263 3083 1297 3088 —
1324 3066 1377 3097 ⁹26.
1396 3075 1453 3097 eac
1469 3067 1506 3096 S:
1532 3067 1592 3097 hae
1608 3067 1631 3097 R
1646 3067 1669 3096 A
1684 3066 1708 3096 L
1722 3064 1743 3098 ἓ
1758 3065 1793 3096 Ο.
1815 3082 1848 3085 -
1876 3064 1928 3095 29.
1947 3073 2021 3095 con-

265 3117 353 3147 victa
376 3114 408 3148 Q.
431 3133 465 3137 -
490 3125 570 3147 nam
592 3117 618 3147 si
633 3117 709 3147 Asia
733 3117 828 3148 huius
849 3120 955 3148 mater
977 3116 1078 3147 habiti
1102 3117 1290 3148 Arusianus
1314 3116 1459 3147 Messius
1481 3125 1513 3156 p.
1534 3116 1606 3147 ⁰248,
1628 3115 1682 3146 cd.
1702 3114 1857 3146 Lindem.
1879 3130 1914 3136 -·
1941 3113 2021 3145 abili

268 3166 299 3196 S.
320 3182 355 3187 —
380 3168 487 3196 mater
506 3166 656 3197 enim-—
672 3166 890 3205 adpellabitur
913 3165 1139 3203 Quintilianus
1163 3164 1316 3197 Declam.
1345 3165 1630 3196 CCCLXXXVIH.
1656 3172 1690 3204 p.
1717 3164 1790 3195 790.
1818 3164 1873 3195 cd.
1899 3164 2017 3195 Burm.

271 3232 305 3237 —
332 3215 365 3246 in
388 3215 475 3246 omni
499 3224 600 3246 causa
618 3216 676 3247 ST
691 3217 735 3246 L:
762 3215 903 3246 nominis
925 3224 1029 3246 causa
1052 3216 1117 3246 ΗΑ
1132 3212 1151 3246 Q
1166 3216 1210 3251 O;
1237 3221 1306 3244 om.
1327 3213 1562 3251 Quintilianus.
1592 3232 1626 3236 —
1653 3213 1704 3244 31.
1731 3213 1779 3243 ita
1802 3222 1871 3244 om.
1900 3213 2016 3244 FMA.

270 3280 304 3285 —
325 3264 375 3296 32.
394 3269 438 3297 est
461 3273 530 3297 om.
549 3263 592 3297 M.
614 3281 648 3286 —
676 3265 727 3295 33.
754 3268 782 3296 et
802 3265 908 3305 filium
931 3268 959 3296 et
982 3265 1067 3295 hunc
1089 3273 1163 3295 cum
1185 3263 1331 3294 maaeime
1351 3263 1457 3302 filium
1480 3263 1681 3304 interfectum
1704 3263 1794 3302 cupit
1818 3264 1913 3304 (apro
1930 3262 2019 3302 cupi-

265 3314 344 3355 vit»)
368 3315 523 3347 Incertus
547 3314 591 3346 de
615 3314 861 3355 orthographia
884 3323 918 3355 p.
944 3313 1040 3346 2780.
1069 3330 1103 3336 —-
1131 3312 1182 3345 34.
1208 3312 1319 3352 cupiat
1343 3312 1416 3344 FA.
