2143 3713
664 214 758 254 CAP.
789 213 1074 254 Xlx—Xxl.
1113 213 1186 267 §§.
1216 211 1407 253 56—61.
1821 206 1902 250 535

162 342 299 383 neque
338 333 503 383 praeter
539 325 879 366 intercessionem
918 325 1147 379 quidquam
1185 325 1371 372 audiam,
1411 325 1461 363 de
1493 338 1595 377 qua,
1636 330 1679 366 ut
1713 324 1901 371 arbitror,

161 392 229 432 isti
260 391 363 444 ipsi,
402 390 472 444 qui
502 389 729 434 minantur,
770 387 889 427 etiam
921 393 1045 440 atque
1077 388 1220 433 etiam,
1261 386 1360 438 quid
1393 386 1534 433 liceat,
1566 386 1902 426 considerabunt.

162 455 253 494 Mea
284 453 452 506 quidem
482 450 706 494 sententia,
739 448 943 496 Quirites,
976 463 1082 488 unus
1112 451 1158 488 A.
1187 449 1386 487 Gabinius
1415 448 1512 487 belli
1536 449 1727 488 maritimi
1749 461 1905 487 rerum-

163 528 244 568 que
275 520 483 567 gestarum
516 512 586 551 Cn.
618 511 812 563 Pompeio
845 512 984 550 socius
1015 511 1280 556 adscribitur,
1312 514 1532 562 propterea
1559 509 1668 562 quod
1699 510 1803 549 alter
1832 508 1905 548 uni

162 577 263 617 illud
295 576 447 615 bellum
479 572 787 625 suscipiendum
818 574 964 612 vestris
996 574 1200 625 suffragiis
1232 572 1397 618 detulit,
1428 572 1531 611 alter
1560 571 1741 611 delatum
1766 575 1934 612 susce-5

163 644 360 692 ptumque
392 635 578 675 confecit.

274 700 364 738 XX.
396 696 460 736 59.
492 696 712 748 Reliquum
743 702 824 742 est,
867 703 911 736 ut
942 697 991 736 de
1023 697 1071 745 Q.
1106 696 1236 735 Catuli
1269 697 1510 735 auctoritate
1542 701 1581 735 et
1612 694 1816 734 sententia
1846 693 1907 732 di-

164 762 339 803 cendum
371 773 460 799 esse
490 757 689 797 videatur.
736 758 815 806 Qui
848 773 938 798 cum
971 773 1023 799 ex
1054 759 1170 797 vobis
1200 763 1438 811 quaereret,
1471 758 1504 796 si
1526 758 1567 797 in
1588 770 1671 796 uno
1695 756 1766 796 Cn.
1788 756 1907 794 Pom-

163 825 257 878 peio
290 821 426 861 omnia
455 820 685 873 poneretis,
718 821 750 859 si
783 821 880 873 quid
914 834 961 860 eo
992 821 1144 860 facturn
1172 825 1301 866 esset,
1333 820 1376 859 in
1407 832 1489 872 quo
1522 832 1636 873 spem
1658 818 1806 858 essetis
1834 817 1907 856 ha-

164 886 309 931 bituri,
340 883 448 935 cepit
477 894 669 933 magnum
701 894 798 921 suae
829 883 991 922 virtutis
1014 882 1189 921 fructum
1212 894 1257 921 ac
1280 881 1514 934 dignitatis,
1547 895 1639 921 cum
1661 892 1804 920 omnes
1826 886 1955 918 unato

163 960 292 1000 prope
322 957 444 991 voce,
480 944 523 982 in
554 944 645 996 ipso
677 957 749 983 vos
794 958 905 998 spem
936 945 1149 984 habituros
1181 957 1271 983 esse
1303 943 1480 983 dixistis.
1525 943 1690 983 Etenim
1720 942 1814 981 talis
1846 946 1909 981 est

162 1010 242 1055 vir,
282 1013 326 1047 ut
365 1005 478 1045 nulla
517 1018 581 1044 res
624 1010 736 1044 tanta
767 1007 819 1045 sit
848 1020 895 1046 ac
934 1013 1013 1046 tam
1046 1004 1248 1053 difficilis,
1291 1019 1412 1058 quam
1444 1006 1513 1045 ille
1544 1018 1628 1044 non
1660 1010 1700 1044 et
1731 1003 1906 1044 consilio

161 1082 302 1124 regere
346 1073 386 1109 et
423 1067 658 1120 integritate
700 1069 802 1107 tueri
849 1074 889 1108 et
918 1069 1067 1108 virtute
1100 1067 1301 1107 conticere
1333 1067 1477 1120 possit.
1524 1067 1606 1107 Sed
1636 1068 1678 1107 in
1708 1066 1787 1106 hoc
1818 1065 1907 1119 ipso

161 1132 211 1172 ab
253 1144 302 1170 eo
342 1130 704 1170 vehementissime
746 1131 965 1178 dissentio,
1008 1131 1138 1184 quod,
1180 1142 1262 1181 quo
1295 1130 1429 1169 minus
1461 1135 1571 1169 certa
1602 1135 1664 1169 est
1692 1130 1908 1170 hominum

161 1207 207 1233 ac
237 1194 372 1232 minus
399 1192 592 1231 diuturna
623 1192 728 1238 vita,
759 1191 837 1231 hoc
869 1193 1000 1245 magis
1032 1206 1096 1231 res
1126 1191 1310 1245 publica,
1343 1191 1441 1230 dum
1471 1204 1546 1243 per
1576 1190 1676 1231 deos
1697 1191 1958 1231 immorta-is

160 1256 220 1295 les
258 1255 375 1302 licet,
414 1252 496 1292 frui
533 1252 657 1292 debet
696 1254 843 1293 summi
881 1254 956 1294 viri
988 1254 1071 1292 vita
1101 1258 1224 1305 atque
1256 1253 1418 1291 virtute.
1449 1274 1503 1281 -
1534 1251 1599 1291 60.
1631 1254 1685 1292 At
1714 1253 1824 1292 enim
1854 1265 1907 1292 ne

160 1315 259 1370 quid
298 1315 394 1356 novi
434 1311 503 1354 fiat
543 1319 687 1353 contra
717 1315 909 1367 exempla
949 1320 1073 1368 atque
1105 1314 1292 1353 instituta
1322 1314 1535 1354 maiorum.
1567 1336 1621 1343 —-
1650 1315 1742 1354 Non
1774 1314 1908 1355 dicam

158 1378 237 1418 hoc
267 1378 384 1423 loco,
415 1377 588 1416 maiores
620 1382 782 1416 nostros
806 1391 970 1430 semper
1000 1378 1042 1416 in
1072 1390 1172 1430 pace
1195 1377 1511 1424 consuetudini,
1542 1379 1585 1417 in
1605 1377 1716 1417 bello
1738 1377 1908 1418 utilitati

158 1439 369 1492 paruisse,
401 1451 565 1491 semper
593 1438 644 1478 ad
675 1451 807 1479 novos
839 1453 957 1479 casus
988 1445 1221 1491 temporum
1251 1452 1453 1478 novorum
1484 1440 1754 1480 consiliorum
1784 1439 1908 1479 ratio-

158 1514 232 1541 nes
263 1502 620 1549 accommodasse;
659 1515 743 1540 non
774 1502 926 1548 dicam,
964 1501 1045 1541 duo
1075 1501 1185 1540 bella
1215 1501 1417 1548 maxima,
1450 1502 1651 1541 Punicum
1681 1508 1806 1556 atque
1835 1502 1956 1542 Hi-20

160 1563 404 1616 spaniense,
435 1564 485 1602 ab
516 1576 598 1603 uno
631 1564 880 1617 imperatore
912 1577 1003 1603 esse
1025 1563 1211 1603 confecta
1235 1564 1421 1616 duasque
1442 1564 1564 1603 urbes
1588 1565 1908 1616 potentissimas,

161 1638 266 1679 quae
296 1625 392 1665 huic
422 1626 595 1678 imperio
626 1626 804 1665 maxime
826 1626 1141 1672 minitabantur,
1173 1625 1468 1678 Karthaginem
1489 1632 1611 1680 atque
1631 1626 1909 1673 Numantiam,

161 1688 210 1727 ab
256 1688 404 1727 eodem
445 1688 640 1741 Scipione
681 1701 771 1727 esse
803 1688 979 1735 deletas;
1026 1701 1108 1727 non
1140 1688 1495 1736 commemorabo,
1540 1702 1673 1742 nuper
1703 1689 1760 1728 ita
1788 1687 1907 1727 vobis

161 1749 430 1803 patribusque
461 1750 610 1789 vestris
642 1763 732 1789 esse
762 1751 918 1797 visum,
956 1756 1000 1790 ut
1038 1751 1080 1790 in
1112 1763 1195 1789 uno
1229 1749 1270 1789 C.
1301 1750 1431 1789 Mario
1463 1763 1554 1804 spes
1584 1750 1749 1803 imperii
1779 1762 1908 1803 pone—

161 1818 292 1858 retur,
332 1817 378 1851 ut
407 1811 518 1851 idem
549 1825 643 1851 cum
675 1812 890 1864 Iugurtha,
930 1812 1037 1851 idem
1080 1825 1173 1851 cum
1205 1811 1400 1858 Cimbris,
1440 1811 1551 1851 idem
1583 1826 1675 1852 cum
1706 1811 1906 1852 Teutonis
1920 1821 1957 1852 25

162 1874 316 1912 bellum
347 1874 674 1914 administraret:
714 1874 757 1912 in
786 1874 877 1926 ipso
911 1874 980 1914 Cn.
1013 1874 1232 1925 PompeiO,
1262 1872 1305 1911 in
1335 1886 1418 1926 quo
1448 1874 1546 1913 novi
1576 1874 1774 1914 constitui
1803 1873 1908 1912 nihil

161 1936 249 1976 vult
280 1936 328 1984 Q.
363 1936 546 1984 Catulus,
579 1950 703 1991 quam
732 1937 859 1976 multa
889 1936 973 1976 sint
1001 1949 1108 1976 nova
1138 1947 1298 1975 summa
1329 1935 1378 1983 Q.
1402 1935 1535 1976 Catuli
1565 1936 1778 1977 voluntate
1809 1949 1908 1976 con-

163 1998 324 2046 stituta,
355 1998 643 2038 recordamini.

272 2060 384 2099 XXI.
415 2057 480 2099 61.
512 2060 621 2109 Quid
652 2067 735 2101 tam
765 2074 940 2107 novum,
971 2073 1095 2115 quam
1125 2060 1481 2100 adolescentulum
1511 2060 1717 2114 privatum
1748 2060 1907 2100 exerci-

162 2128 249 2162 tum
287 2120 442 2162 difficili
482 2123 542 2162 rei
577 2123 767 2176 publicae
809 2130 994 2176 tempore
1025 2121 1256 2163 conficere?
1303 2122 1505 2163 confecit:
1550 2123 1649 2163 huic
1679 2125 1957 2176 praeesse‘23o

162 2184 360 2238 praefuit:
388 2198 476 2225 rem
507 2185 661 2238 optime
692 2186 817 2226 ductu
837 2198 912 2225 suo
934 2186 1104 2238 gerere?
1136 2185 1275 2238 gessit.
1309 2185 1417 2233 Quid
1443 2190 1525 2226 tam
1545 2191 1712 2239 praeter
1731 2199 1909 2227 consue-

248 2420 279 2451 t.
304 2419 446 2451 audeam
469 2417 498 2452 Qt
523 2420 674 2460 (praeter
696 2420 737 2458 F,
769 2419 798 2451 si
827 2419 914 2453 fides
943 2422 996 2453 est
1018 2420 1158 2452 Dronkii
1183 2419 1327 2459 silentio)
1351 2420 1389 2451 Α.
1431 2419 1636 2452 Emendavit
1659 2421 1851 2462 Naugerius
1875 2422 1909 2454 in

160 2469 293 2503 Aldina.
323 2487 356 2493 —
388 2470 420 2501 ⁶2.
444 2469 625 2511 minantur]
656 2468 854 2501 Gulielmius
885 2479 926 2501 ex
957 2470 1028 2502 suis
1051 2469 1265 2501 membranis
1289 2468 1398 2500 attulit
1425 2468 1612 2501 lectionem
1635 2470 1841 2502 minitantur.
1870 2488 1904 2493 —

161 2521 239 2560 quid
261 2519 417 2552 ETVO:
451 2519 506 2558 qui
530 2519 562 2549 id
586 2519 684 2550 FBA
700 2516 769 2550 [Β.
798 2537 831 2542 -
867 2519 896 2550 3.
922 2520 1018 2551 unius
1040 2520 1075 2550 T.
1103 2537 1138 2540 —
1165 2518 1195 2551 4.
1223 2519 1279 2551 Cn.
1305 2519 1380 2559 (Gn.
1407 2519 1430 2550 C
1447 2519 1481 2558 T)
1506 2519 1655 2558 Pompeio
1678 2520 1784 2550 socius
1807 2520 1830 2551 C
1846 2520 1908 2552 ET

161 2570 245 2601 VO:
273 2570 334 2602 Gn.
359 2578 387 2601 5.
413 2569 470 2601 Cn.
495 2570 644 2608 Pompeio
669 2570 748 2609 (om.
774 2569 886 2608 socius)
912 2578 993 2601 cum
1017 2568 1195 2601 codicibus
1218 2568 1393 2610 plerisque
1418 2570 1461 2605 Α;
1493 2571 1590 2600 autor
1614 2569 1670 2600 Cn.
1694 2570 1842 2609 Pompeio
1866 2570 1905 2607 F3

162 2622 277 2650 auctor
303 2627 407 2650 eomes
437 2619 493 2649 Cn.
518 2619 666 2658 Pompeio
698 2626 778 2649 cum
810 2620 844 2650 P.
872 2619 1020 2650 Manutio
1046 2616 1085 2654 ΣΗ
1121 2627 1224 2649 comes
1254 2618 1309 2650 Cn.
1335 2617 1484 2657 Pompeio
1507 2618 1543 2649 L.
1572 2635 1607 2639 -
1634 2619 1809 2650 ascribitur
1830 2619 1905 2657 VF,

161 2668 352 2700 asscribitur
373 2669 398 2700 E
421 2668 497 2708 (Fr.)
521 2669 556 2700 T.
586 2687 619 2692 -
651 2669 735 2700 alter
755 2668 824 2709 uni]
849 2669 990 2700 atterum
1011 2668 1036 2699 E
1061 2670 1119 2708 (m.
1143 2668 1209 2708 pr.)
1233 2670 1272 2699 A.
1299 2684 1334 2689 —
1371 2668 1402 2698 5.
1428 2667 1508 2698 illud
1531 2667 1555 2698 C
1570 2667 1594 2698 E
1609 2668 1839 2700 TVFBAL:
1875 2669 1909 2699 id

162 2728 243 2752 cum
267 2719 323 2750 ed.
349 2717 575 2750 Cratandrina
599 2717 669 2750 ⁵30.
698 2736 733 2740 —
759 2719 876 2750 nostris
898 2719 934 2749 B.
963 2736 998 2741 —
1025 2718 1055 2749 9.
1082 2727 1117 2749 eo
1141 2717 1185 2749 W
1197 2717 1381 2755 ChETV,
1408 2725 1477 2756 mg.
1503 2715 1541 2755 Ε,
1568 2717 1611 2748 O:
1638 2717 1675 2748 de
1697 2726 1733 2748 eo
1756 2715 1905 2749 RALss.

163 2771 208 2809 (eo
231 2771 311 2810 post
332 2778 364 2800 v.
389 2771 466 2800 esset
488 2768 594 2800 habet
617 2769 665 2808 T.)
690 2785 724 2790 —
752 2769 802 2800 40.
829 2768 931 2807 coepit
955 2768 1028 2799 TA.
1050 2784 1085 2789 —
1110 2776 1178 2798 una
1196 2775 1298 2806 prope
1321 2767 1345 2797 E
1360 2767 1460 2798 TVB
1477 2767 1519 2798 L:
1542 2776 1645 2806 prope
1666 2776 1734 2798 una
1757 2765 1853 2799 ΡΑἱἲ
1868 2767 1905 2798 O.

165 2837 200 2842 —
221 2819 272 2850 Μ.
290 2818 324 2849 in
346 2818 413 2857 ipso
437 2819 512 2849 FL:
537 2819 573 2849 in
595 2827 630 2849 eo
653 2819 721 2858 ipso
745 2819 807 2850 ΒΑ
825 2816 864 2853 <33
892 2819 924 2848 in
949 2817 1006 2858 [eo]
1031 2818 1099 2856 ipso
1116 2817 1153 2849 O.
1180 2818 1407 2857 (aPronomen
1430 2826 1466 2849 eo
1489 2826 1559 2849 non
1578 2818 1679 2849 estin
1697 2816 1908 2857 quibusdam

161 2867 257 2900 libris
280 2867 558 2908 manuscriptis.»
582 2869 697 2908 ΒΑΜ.)
723 2885 757 2889 -
786 2867 836 2899 sti.
863 2868 1012 2898 dissensio
1036 2876 1099 2906 quo
1123 2868 1208 2906 quod
1223 2868 1259 2899 T.
1281 2886 1314 2891 —
1342 2867 1393 2898 46.
1418 2868 1484 2898 viri
1498 2869 1543 2899 W
1557 2868 1605 2899 Ch
1621 2868 1643 2898 E
1658 2867 1742 2899 TV:
1768 2867 1908 2899 hominis

162 2917 263 2949 RAL
277 2914 296 2949 Β
310 2917 346 2947 Ο.
374 2934 410 2939 -
448 2920 484 2948 at
504 2918 589 2949 enim
610 2927 650 2950 ne
673 2918 751 2957 quid
774 2918 848 2949 novi
870 2919 951 2949 WC
966 2918 989 2948 E
1003 2918 1027 2948 T
1041 2918 1068 2947 V
1092 2917 1167 2957 (sed
1190 2918 1214 2948 T
1238 2925 1308 2948 om.
1332 2918 1402 2957 ne):
1439 2920 1475 2947 at
1497 2917 1582 2948 enim
1602 2917 1707 2957 inquit
1729 2917 1805 2947 novi
1826 2917 1908 2949 nihil

162 2967 280 3004 BAL;
306 2970 341 2998 at
363 2968 448 2998 enim
470 2968 546 2998 novi
568 2968 647 2999 nihil
669 2969 710 3006 F;
736 2972 771 2999 at
793 2969 878 2999 enim
901 2967 978 2998 nihil
1002 2967 1076 2997 novi
1099 2975 1179 2998 cum
1204 2967 1258 2998 ed.
1277 2966 1398 2998 Aldina
1421 2964 1491 2998 ΒΟ.
1514 2985 1548 2990 -
1575 2967 1627 2998 47.
1653 2967 1761 2998 dicam
1783 2966 1902 2998 ETV:

164 3016 234 3047 dico
255 3014 388 3048 RALQ
403 3016 440 3048 O.
466 3034 501 3039 —-
529 3018 579 3049 48.
604 3027 648 3049 m.
674 3022 795 3050 vestros
810 3019 848 3050 V.
870 3035 904 3039 —
931 3018 982 3048 ΞΟ.
1009 3017 1299 3048 accommodavisse
1321 3017 1357 3047 B.
1379 3033 1416 3038 —
1442 3016 1549 3047 dicam
1573 3025 1642 3048 om.
1661 3016 1704 3053 T;
1730 3015 1801 3047 dico
1825 3024 1906 3049 cum

164 3065 201 3096 Ρ.
225 3066 372 3098 Manutio
397 3067 432 3097 L.
460 3082 495 3087 —
521 3069 618 3106 atque
640 3068 720 3099 EV:
746 3071 780 3099 at
803 3068 846 3104 T;
872 3070 901 3098 et
923 3064 1106 3098 RALQO.
1127 3083 1162 3087 —
1189 3066 1242 3096 ⁶24.
1260 3066 1403 3104 duasque
1424 3064 1546 3096 ETV:
1573 3065 1655 3096 duas
1679 3064 1901 3098 FBALssO.

169 3130 202 3137 —
227 3114 280 3146 22.
303 3114 542 3147 minitabantur
563 3116 588 3147 E
601 3116 625 3147 T
638 3117 703 3155 VA
717 3117 761 3149 0:
786 3116 999 3148 minabantur
1022 3116 1043 3146 F
1056 3116 1080 3146 B
1095 3116 1117 3146 L
1131 3112 1150 3147 ‘2
1167 3123 1173 3152 ;
1201 3114 1297 3145 «sort.
1316 3114 1543 3145 imminebant»
1568 3122 1636 3155 mg.
1656 3113 1687 3146 Β.
1708 3133 1743 3137 -
1769 3115 1905 3146 cartha—

165 3163 272 3203 ginem
285 3163 322 3195 T.
342 3182 378 3187 —
403 3165 456 3197 23.
475 3174 536 3205 que
559 3174 629 3197 om.
648 3167 682 3198 F.
700 3185 735 3190 —
760 3166 812 3199 ⁶24.
833 3167 880 3208 C.]
896 3176 928 3207 9.
947 3166 984 3197 T.
1005 3182 1041 3188 -
1066 3166 1119 3196 ⁶25.
1137 3165 1222 3196 idem
1244 3173 1316 3195 cum
1331 3165 1489 3205 Iugurtha
1505 3173 1574 3196 om.
1593 3165 1628 3196 F.
1649 3183 1684 3187 -
1709 3165 1848 3204 cymbris
1863 3167 1900 3198 T.

167 3230 203 3235 —
230 3212 374 3245 Teutonis
395 3215 438 3246 E:
464 3215 606 3246 centonis
628 3216 672 3253 V;
697 3217 852 3248 theotonis
876 3217 914 3254 F;
944 3215 1110 3247 Theutonis
1131 3216 1158 3246 A
1173 3216 1196 3246 L
1210 3213 1229 3247 Β
1243 3215 1280 3246 Ο.
1302 3233 1337 3237 -
1363 3215 1414 3246 27.
1440 3223 1567 3246 summa
1583 3215 1619 3254 Q.
1639 3215 1745 3247 Catuli
1769 3215 1817 3256 (ut
1833 3217 1903 3247 Gu-

166 3260 311 3294 lielmius
328 3264 535 3303 coniecerat)
553 3265 578 3296 E
591 3265 618 3295 V
632 3266 676 3297 O:
700 3274 890 3307 summaque
913 3265 1019 3299 Catuli
1041 3265 1105 3297 ΒΑ
1118 3265 1142 3296 L
1156 3262 1187 3296 Β.
1207 3281 1242 3286 -
1268 3263 1321 3295 29.
1341 3264 1425 3304 Quid
1445 3265 1530 3297 enim
1545 3268 1613 3296 tam
1629 3262 1667 3303 ἒς
1694 3265 1778 3306 Quid
1793 3265 1899 3308 [enim]

166 3314 234 3344 tam
256 3313 293 3344 0.
321 3330 355 3336 -
380 3314 432 3347 34.
457 3315 575 3357 optime
597 3323 665 3349 om.
692 3316 725 3349 F.
