2143 3713
276 229 357 271 720
826 233 1024 273 ORATIO
1055 234 1157 274 PRO
1190 235 1234 274 L.
1263 236 1481 276 MURENA

278 356 394 389 nere,
435 348 544 383 esset
581 344 761 383 hominis
797 351 837 384 et
866 346 990 385 astuti
1023 353 1062 386 et
1092 347 1254 399 ingrati.
1313 346 1351 386 9.
1384 348 1507 396 Quod
1539 348 1571 386 si
1603 348 1699 388 licet
1729 350 1940 398 desinere,
1986 354 2019 391 si

277 410 314 443 te
346 410 514 444 auctore
553 419 744 458 possum,
792 408 824 446 si
867 408 980 447 nulla
1020 409 1192 448 inertiae
1223 415 1341 456 nota,
1389 411 1500 449 nulla
1533 410 1751 462 superbiae
1792 414 2019 465 turpitudo,

274 467 389 506 nulla
419 467 733 508 inhumanitatis
765 470 886 522 culpa
917 470 1163 522 suscipitur:
1197 484 1271 522 ego
1305 486 1401 511 vero
1432 473 1608 511 libenter
1638 473 1796 512 desino.
1848 475 1920 513 Sin
1951 488 2021 514 au-

275 535 355 568 tem
392 529 490 581 fuga
524 529 675 569 laboris
707 531 929 579 desidiam,
973 533 1206 584 repudiatio
1238 534 1471 585 supplicum
1503 535 1757 586 superbiam,
1797 535 2019 575 amicorum

242 601 260 628 5
275 591 477 644 neglectio
496 591 803 644 improbitatem
825 594 1024 647 coarguit,
1056 595 1249 633 nimirum
1274 594 1375 634 haec
1397 609 1518 635 causa
1541 602 1601 635 est
1623 596 1711 635 eius
1734 597 1863 643 modi,
1896 610 2019 650 quam

275 667 349 693 nec
389 653 616 693 industrius
657 655 878 709 quisquam
922 670 997 696 nee
1038 656 1270 695 misericors
1312 670 1388 696 nec
1419 657 1626 698 officiosus
1658 659 1847 697 deserere
1879 660 2019 711 possit.

273 717 407 768 Atque
450 715 625 756 huiusce
669 718 727 756 rei
767 719 1046 758 coniecturam
1085 719 1135 757 de
1169 724 1236 757 tuo
1274 719 1405 771 ipsius
1437 721 1593 767 studio,
1643 721 1779 767 Servi,
1824 720 2018 759 facillime

273 778 445 830 ceperis.
505 779 605 817 Nam
648 780 681 818 si
712 780 782 818 tibi
815 794 984 820 necesse.
1017 787 1136 833 putas
1168 781 1291 819 etiam
1324 782 1570 822 adversariis
1600 783 1826 822 amicorum
1859 787 2018 821 tuorum

272 840 323 880 de
354 841 443 880 iure
474 841 790 880 consulentibus
820 842 1097 894 respondere,
1130 848 1169 881 et
1195 843 1229 881 si
1251 848 1371 895 turpe
1393 844 1602 884 existimas
1625 850 1663 883 te
1684 845 1883 884 advocato
1903 844 2018 883 illum

228 903 429 956 ioipsum,
468 917 588 956 quem
622 908 762 942 contra
795 904 980 950 veneris,
1023 918 1144 943 causa
1176 904 1346 951 cadere,
1378 906 1464 944 noli
1494 913 1574 946 tam
1607 920 1697 945 esse
1730 906 1930 952 iniustus,
1965 913 2020 951 ut,

272 980 362 1005 cum
410 966 466 1005 tui
511 965 647 1004 fontes
686 965 751 1003 vel
792 965 971 1005 inimicis
1012 967 1093 1006 tuis
1133 972 1322 1019 pateant,
1372 974 1533 1008 nostros
1575 970 1697 1008 etiam
1728 968 1872 1007 amicis
1901 973 2019 1020 putes

271 1028 431 1067 clausos
462 1040 553 1066 esse
586 1032 791 1079 oportere.
852 1024 916 1066 lO.
947 1029 1113 1068 Etenim
1153 1029 1186 1067 si
1229 1043 1293 1068 me
1324 1034 1395 1069 tua
1424 1030 1678 1070 familiaritas
1709 1030 1758 1069 ab
1789 1030 1865 1068 hae
1897 1042 2018 1068 causa

271 1089 537 1136 removisset,
577 1095 617 1128 et
656 1089 689 1128 si
727 1088 806 1128 hoc
836 1090 945 1129 idem
979 1091 1028 1138 Q.
1062 1092 1303 1138 Hortensio,
1345 1093 1396 1130 M.
1431 1092 1598 1139 Crasso,
1637 1092 1876 1131 clarissimis
1906 1091 2017 1134 viris,

272 1153 304 1191 si
335 1153 431 1191 item
464 1152 633 1199 ceteris,
670 1165 693 1190 a
725 1152 877 1205 quibus
910 1153 1096 1206 intelligo
1129 1159 1240 1192 tuam
1271 1155 1441 1206 gratiam
1473 1155 1610 1207 magni
1643 1154 1875 1199 aestimari,
1914 1154 2019 1191 acci-

222 1222 258 1251 45
271 1213 422 1253 disset:
452 1214 493 1252 in
525 1227 571 1253 ea
604 1215 770 1254 civitate
802 1215 946 1254 consul
980 1215 1218 1268 designatus
1252 1216 1510 1255 defensorem
1541 1230 1623 1256 non
1652 1216 1843 1261 haberet,
1874 1216 1917 1253 in
1939 1227 2019 1267 qua

270 1275 425 1315 nemini
456 1289 653 1329 umquam
685 1274 825 1316 infimo
858 1277 1035 1317 maiores
1066 1279 1196 1317 nostri
1228 1285 1447 1331 patronum
1480 1280 1623 1318 deesse
1654 1278 1887 1318 voluerunt.
1932 1276 2018 1327 Ego

270 1351 392 1385 vero,
434 1338 615 1385 iudices,
656 1339 745 1391 ipse
786 1352 850 1378 me
882 1340 1160 1381 existimarem
1193 1341 1416 1388 nefarium,
1458 1342 1490 1380 si
1523 1342 1673 1387 amico,
1713 1339 1946 1384 crudelem,
1985 1339 2017 1376 si

271 1401 440 1447 misero,
471 1401 717 1454 superbum,
749 1402 783 1441 si
815 1402 975 1441 consuli
1007 1402 1245 1443 defuissem.
1303 1402 1439 1450 Quare
1473 1404 1583 1456 quod
1613 1403 1794 1442 dandum
1826 1406 1887 1440 est
1917 1401 2018 1440 ami-

269 1462 412 1509 citiae,
444 1462 555 1515 large
587 1464 753 1503 dabitur
783 1477 805 1503 a
837 1477 920 1511 me,
954 1470 998 1504 ut
1028 1470 1164 1504 tecum
1187 1478 1326 1517 agam,
1359 1467 1496 1512 Servi,
1530 1480 1611 1505 non
1639 1479 1756 1505 secus
1777 1478 1823 1503 ac
1846 1464 1879 1502 si
1903 1477 2017 1502 meus

219 1535 255 1562 eo
269 1529 378 1564 esset
408 1524 555 1573 frater,
587 1526 657 1579 qui
689 1526 789 1565 mihi
820 1532 883 1566 est
913 1527 1170 1574 carissimus,
1202 1528 1281 1566 isto
1312 1528 1353 1567 in
1383 1529 1504 1567 loco:
1536 1529 1647 1581 quod
1670 1527 1934 1568 tribuendum
1957 1530 2019 1563 est

268 1585 426 1634 officio,
458 1586 573 1635 fidei,
605 1589 820 1641 religioni,
853 1589 895 1628 id
927 1590 984 1629 ita
1005 1590 1272 1637 moderabor,
1304 1595 1349 1629 ut
1369 1591 1627 1630 meminerim
1650 1604 1713 1629 me
1735 1596 1878 1629 contra
1899 1588 2017 1628 amici

268 1649 449 1689 studium
481 1664 556 1702 pro
588 1651 709 1690 amici
740 1652 925 1704 periculo
956 1652 1105 1692 dicere.

379 1713 427 1751 V.
459 1709 524 1751 ll.
555 1713 771 1766 Intelligo,
811 1714 993 1761 iudices,
1041 1720 1123 1754 tres
1161 1715 1287 1754 totius
1318 1715 1595 1755 accusationis
1632 1721 1767 1768 partes
1805 1716 1931 1755 fuisse
1979 1720 2016 1753 et

268 1788 407 1814 earum
447 1788 571 1814 unam
612 1776 653 1815 iu
694 1776 1019 1829 reprehensione
1050 1778 1179 1825 vitae,
1219 1778 1387 1817 alteram
1423 1778 1466 1816 in
1497 1778 1762 1817 contentione
1794 1777 2017 1830 dignitatis,

215 1847 253 1874 λ»
270 1837 431 1876 tertiam
472 1838 512 1876 in
553 1838 790 1879 criminibus
830 1840 1008 1879 ambitus
1041 1853 1131 1879 esse
1164 1847 1381 1880 versatam.
1432 1842 1569 1894 Atque
1599 1840 1744 1879 harum
1778 1840 1896 1878 trium
1929 1851 2018 1891 par-

270 1899 369 1938 tium
400 1899 533 1951 prima
563 1900 654 1947 illa,
688 1914 795 1953 quae
826 1902 1067 1955 gravissima
1099 1902 1276 1942 debebat
1303 1917 1416 1949 esse,
1449 1903 1505 1942 ita
1536 1903 1614 1942 fuit
1642 1901 1802 1942 infirma
1833 1908 1873 1941 et
1903 1902 2017 1947 levis,

271 1967 314 1999 ut
347 1958 471 2014 [illos]
505 1962 574 2001 lex
604 1964 733 2015 magis
764 1964 967 2016 quaedam
998 1965 1254 2005 accusatoria
1277 1979 1399 2018 quam
1422 1979 1517 2005 vera
1539 1965 1815 2004 maledicendi
1845 1964 2017 2004 facultas

269 2024 320 2062 de
364 2024 445 2063 vita
483 2025 526 2063 L.
567 2026 763 2065 Murenae
802 2027 940 2066 dicere
980 2027 1141 2080 aliquid
1182 2028 1376 2080 coegerit.
1437 2028 1607 2068 Obiecta
1645 2033 1707 2067 est
1747 2028 1854 2067 enim
1896 2026 2017 2066 Asia:

269 2099 375 2139 quae
406 2086 455 2125 ab
485 2086 565 2125 hoc
596 2101 679 2127 non
711 2088 761 2127 ad
793 2089 1048 2142 voluptatem
1080 2096 1120 2129 et
1149 2090 1356 2129 luxuriam
1378 2091 1561 2143 expetita
1582 2095 1661 2137 est,
1696 2090 1832 2130 sedin
1854 2089 2017 2129 militari

219 2158 255 2185 :3⁰
268 2149 408 2188 labore
439 2156 671 2201 peragrata.
721 2151 801 2199 Qui
833 2152 865 2191 si
897 2153 1139 2192 adolescens
1171 2158 1286 2205 patre
1308 2166 1383 2192 suo
1410 2153 1657 2206 imperatore
1681 2166 1764 2192 nou
1786 2153 2018 2196 meruisset,

267 2218 338 2251 aut
378 2211 518 2252 hostes
550 2218 620 2252 aut
650 2214 777 2266 patris
808 2215 1026 2267 imperium
1059 2215 1245 2254 timuisse
1278 2221 1348 2254 aut
1379 2229 1401 2254 a
1432 2220 1603 2267 parente
1637 2216 1876 2268 repudiatus
1907 2215 2019 2254 vide-

267 2280 392 2314 retur.
446 2275 529 2322 An,
570 2290 661 2315 cum
701 2276 846 2316 sedere
882 2277 924 2316 iu
956 2277 1077 2331 equis
1110 2277 1452 2331 triumphantium
1484 2278 1727 2330 praetextati
1759 2278 2016 2330 potissimum

268 2336 339 2376 lilii
371 2337 553 2383 soleant,
585 2337 679 2378 huic
711 2339 830 2379 donis
854 2340 1099 2379 militaribus
1131 2340 1260 2392 patris
1284 2339 1537 2393 triumphum
1559 2339 1754 2379 decorare
1776 2338 2016 2392 fugiendum

265 2399 364 2446 fuit,
402 2413 453 2439 ne
491 2401 615 2439 rebus
653 2401 927 2440 communiter
968 2402 1093 2454 gestis
1129 2415 1261 2455 paene
1293 2403 1415 2442 simul
1447 2417 1538 2442 cum
1570 2408 1685 2455 patre
1718 2402 2016 2455 triumpharet?

215 2470 253 2497 35
275 2459 331 2501 1⁶2.
364 2462 443 2501 Hic
473 2475 596 2511 vero,
634 2462 815 2511 iudices,
856 2469 896 2503 et
925 2463 1004 2503 fuit
1032 2465 1075 2503 in
1105 2464 1225 2512 Asia,
1263 2469 1304 2504 et
1333 2465 1421 2505 viro
1452 2464 1701 2513 fortissimo,
1740 2465 1897 2518 parenti
1928 2476 2016 2507 suo,

346 2649 375 2679 vi.
396 2656 461 2679 esse
477 2649 525 2684 M:v
551 2651 595 2679 esc
611 2657 643 2679 v.
657 2665 691 2669 ——
710 2649 737 2679 si
753 2658 773 2679 α
790 2652 819 2680 le
835 2650 871 2680 E.
885 2668 919 2672 —
939 2650 967 2681 2.
986 2650 1123 2681 inertiae
1138 2653 1217 2680 nota
1233 2648 1439 2681 Lambinus:
1459 2653 1536 2680 nola
1552 2658 1620 2680 om.
1641 2648 1741 2680 codd.
1758 2650 1794 2679 Ο.
1816 2650 1950 2688 (inercia
1966 2650 2015 2687 (ὲ.)

268 2716 301 2719 —
328 2698 483 2737 superbia.
506 2700 552 2735 (ὶς
579 2699 667 2729 nulla
691 2708 761 2737 sup.
788 2708 857 2730 oui.
882 2700 905 2730 T
920 2709 951 2730 v.
974 2718 1007 2721 κ
1034 2700 1064 2732 4.
1091 2701 1286 2740 supplicimn
1309 2700 1375 2737 Μχ
1390 2707 1435 2739 ψ.
1459 2717 1493 2721 -
1518 2700 1548 2730 53,
1575 2708 1753 2729 causamme
1779 2699 1801 2730 E
1817 2700 1839 2728 t]
1855 2700 1926 2738 Τψ
1952 2698 2017 2737 (ha-

264 2758 340 2780 rum
362 2751 407 2785 G,
434 2756 502 2779 om.
522 2749 623 2787 haec).
653 2766 687 2769 ἡ
715 2757 814 2787 quam
836 2758 893 2780 rnec
916 2750 982 2780 ind.
1003 2759 1071 2781 om.
1095 2751 1138 2782 M.
1162 2768 1195 2772 —
1223 2751 1253 2781 6.
1280 2750 1453 2789 quisquam
1477 2747 1693 2779 Gulielmius:
1721 2758 1821 2788 qnam
1845 2749 1931 2785 mei,
1958 2750 1981 2777 (2
1997 2749 2016 2776 S

265 2799 343 2837 Τχ,
370 2800 447 2829 Par.
467 2797 506 2835 [ις
541 2806 609 2829 om.
637 2798 810 2837 quisquam
833 2799 895 2830 LO
920 2801 954 2830 et
978 2799 1080 2831 codd.
1108 2800 1270 2839 quidam,
1297 2801 1332 2830 ut
1355 2799 1502 2831 xidetur.
1530 2816 1562 2819 —
1591 2801 1696 2837 posset
1719 2799 1844 2835 icuM,
1870 2799 1889 2829 5
1914 2798 2014 2833 Oxx.;

262 2851 365 2887 potest
388 2848 456 2878 Tv.
487 2865 520 2869 —
556 2848 586 2878 7.
610 2848 675 2887 fac.
701 2849 826 2888 reperis
847 2853 892 2887 ψ.
922 2867 957 2871 -
991 2850 1021 2880 9.
1047 2854 1184 2881 avocalo
1209 2851 1251 2882 M.
1281 2868 1312 2872 -
1344 2851 1394 2881 110.
1421 2857 1522 2880 causa
1545 2849 1595 2879 M:
1621 2857 1741 2879 causae
1764 2848 1787 2878 E
1803 2850 1825 2877 G
1842 2848 1904 2879 CT
1920 2856 1950 2878 v.
1980 2864 2009 2867 -ν

264 2900 375 2930 cedere
399 2899 435 2929 E.
465 2916 499 2920 —
526 2899 653 2929 tametsi
676 2899 814 2929 iniustus
837 2900 887 2935 M;
924 2902 992 2929 tam
1015 2899 1071 2930 ini.
1098 2908 1162 2931 csse
1186 2901 1221 2931 L.
1259 2917 1292 2921 —
1332 2901 1383 2930 llsi.
1409 2902 1534 2930 nostros
1558 2898 1712 2929 codices:
1749 2900 1874 2928 nostros
1896 2895 2017 2926 rivulos

266 2949 346 2981 edd.
374 2948 563 2989 pleraeque
588 2950 622 2978 et
645 2948 688 2985 Ο,
716 2948 809 2988 quod
834 2948 1025 2980 defendunt
1050 2958 1091 2979 ex
1116 2958 1165 2980 or.
1193 2959 1224 2989 p.
1246 2948 1338 2980 (lael.
1366 2958 1395 2980 c.
1414 2950 1444 2980 8.
1472 2948 1515 2978 de
1541 2950 1631 2979 Orat.
1652 2950 1690 2979 ll.
1717 2957 1747 2979 c.
1766 2948 1818 2978 27.
1841 2964 1874 2968 —-
1900 2947 1950 2977 112.
1969 2946 2016 2976 lui

265 3010 300 3037 χ.
330 3018 364 3022 —
397 2998 450 3030 43.
476 2998 588 3037 quinto
613 3000 649 3028 G.
686 3015 720 3020 —-
756 2999 807 3029 47.
833 2999 1067 3029 emisimnarem
1092 3000 1128 3029 C.
1157 3017 1191 3020 -—
1231 3000 1282 3030 48.
1309 3003 1352 3030 est
1375 3007 1443 3029 om.
1470 2999 1505 3029 T.
1536 3016 1569 3019 -
1596 2998 1647 3029 ⁶30.
1673 3001 1751 3029 esset
1774 2998 1848 3027 Gv:
1875 3004 1944 3026 om.
1972 2996 2011 3026 E:

264 3059 344 3081 »esses
368 3050 398 3081 M
413 3050 433 3080 S
448 3049 489 3087 L,
516 3048 534 3078 2
553 3049 661 3087 Parin,
688 3049 721 3079 in
745 3048 872 3088 quibus
895 3049 955 3079 islo
979 3049 1010 3078 in
1036 3049 1105 3079 loco
1129 3057 1209 3080 cum
1235 3050 1320 3088 quod
1343 3048 1415 3079 [rib.
1435 3051 1478 3078 es!
1503 3048 1727 3079 coniunctum
1752 3048 1813 3077 est.
1830 3064 1863 3068 ——
1889 3046 1942 3076 ei.
1968 3046 2013 3076 ila

266 3099 445 3130 meditabor
468 3107 503 3135 χ.
532 3113 567 3120 -
596 3098 646 3129 23.
673 3098 732 3129 tris
757 3099 780 3129 E
794 3099 825 3130 M
839 3107 871 3129 v,
901 3117 935 3121 —
964 3099 1072 3138 partis
1095 3099 1119 3130 Ε
1134 3099 1176 3130 M.
1206 3116 1240 3120 -——
1274 3098 1326 3130 24.
1352 3098 1629 3137 reprehensionem
1653 3097 1714 3128 EG
1730 3097 1805 3133 Tv,
1831 3096 1861 3126 M
1887 3103 1932 3126 nl.
1960 3104 2011 3135 pr.

268 3166 303 3170 —
329 3149 382 3179 ⁶26.
410 3147 540 3178 debebat
563 3155 628 3179 esse
652 3148 742 3179 mei:
780 3157 845 3179 esse
868 3148 936 3179 deb.
963 3149 1036 3179 LO.
1065 3166 1098 3169 -
1136 3149 1188 3179 27.
1214 3148 1286 3178 illos
1308 3156 1376 3178 om.
1404 3150 1440 3177 G.
1471 3165 1504 3168 --
1536 3156 1612 3178 'vero
1637 3150 1673 3178 G.
1709 3164 1742 3167 —
1775 3145 1827 3176 29.
1854 3145 1907 3175 sed
1930 3148 1957 3175 e!
1982 3145 2012 3174 in

266 3200 290 3228 (Σ
306 3199 329 3228 Τ
348 3200 381 3229 et
399 3198 478 3229 mei.
498 3215 532 3219 —
558 3197 610 3228 34.
636 3198 734 3228 hostis
756 3199 800 3233 (Ἐς
827 3199 947 3229 hostem
972 3198 1066 3230 EMv
1082 3199 1104 3228 l.
1119 3198 1155 3229 Ο.
1175 3215 1208 3220 -
1234 3197 1425 3237 repudiatus
1447 3206 1511 3228 esse
1528 3198 1569 3228 L:
1597 3197 1672 3228 sort.
1691 3204 1756 3227 esse
1778 3197 1858 3236 post
1878 3198 2015 3235 parente

266 3247 449 3278 intercidit.
479 3263 513 3268 -
540 3246 591 3278 3⁶2.
618 3247 673 3287 an]
699 3251 756 3278 aut
780 3248 866 3286 mei,
893 3248 910 3278 6
928 3249 1010 3279 Oxx.
1032 3265 1066 3268 —
1090 3247 1292 3286 praeterlata·
1309 3264 1354 3269 ——
1372 3247 1587 3286 triumpharet
1611 3255 1680 3277 om.
1698 3247 1733 3277 T.
1755 3262 1788 3266 --
1812 3246 2013 3284 potissimum

266 3296 310 3327 E:
335 3297 492 3336 potissimi
509 3298 587 3334 GV,
609 3297 774 3335 potissime
790 3297 832 3329 M.
856 3316 889 3319 —
917 3297 968 3329 34.
994 3306 1034 3328 iic
1056 3297 1151 3328 rebus
1168 3298 1214 3328 M:
1241 3300 1275 3327 ut
1295 3297 1389 3328 rebus
1412 3299 1435 3326 G
1453 3298 1473 3328 1.
1487 3299 1512 3327 Ο
1527 3306 1564 3334 v,
1590 3306 1629 3327 ize
1651 3299 1685 3327 ul
1701 3294 1795 3326 rebus
1812 3295 1854 3327 13.
1881 3295 1900 3324 5
1914 3294 2009 3324 Oxx.:

265 3353 306 3376 ne
328 3345 360 3375 in
385 3345 478 3377 rebus
502 3345 650 3379 klotzius
675 3348 708 3379 in
733 3347 788 3379 ed.
815 3349 856 3379 Η,
886 3365 919 3370 -
944 3347 1060 3387 paene]
1082 3356 1142 3387 per
1165 3351 1193 3377 te
1217 3350 1254 3378 G.
1285 3364 1318 3368 —
1346 3347 1564 3385 {ritmiphares
1587 3348 1624 3376 G.
