2143 3713
435 256 523 297 Lm.
552 256 600 296 v.
641 253 735 294 cst.
765 251 1145 292 Lxxl-Lxxn.
1183 248 1256 303 §§.
1288 246 1538 289 1181—487.
1610 223 1615 228 ’
1782 241 1855 284 441

127 371 278 410 lantem
297 381 386 409 esse
408 371 647 419 cognorunt,
669 364 905 403 existiment
925 363 966 402 in
989 363 1038 402 iis
1058 362 1309 408 hominibus,
1333 375 1507 414 quorum
1529 374 1606 413 ego
1629 358 1864 399 inimicitias

127 431 271 484 populi
302 430 473 470 Romani
504 428 645 468 salutis
675 438 797 465 causa
826 437 1068 478 suscepero,
1108 424 1233 465 multo
1263 423 1492 476 graviorem
1522 429 1644 475 atque
1665 422 1866 462 acriorem

126 493 319 533 futurum.

238 554 403 593 LXXII.
446 550 538 591 1184.
578 553 694 591 Nunc
728 556 789 597 te,
821 551 1007 603 Iuppiter
1037 548 1199 602 Optime
1230 548 1429 594 Maxime,
1459 548 1577 586 cuius
1606 547 1681 586 iste
1711 545 1863 585 donum

129 617 279 670 regale,
312 616 478 668 dignum
510 618 578 654 tuo
608 612 886 665 pulcherrimo
917 611 1083 664 templo,
1115 610 1283 662 dignum
1307 609 1508 662 Capitolio
1530 613 1653 662 atque
1675 608 1753 647 ista
1773 614 1896 647 arce5

126 679 309 720 omnium
339 677 570 723 nationum,
612 674 781 727 dignum
813 674 925 726 regio
956 686 1147 719 munere,
1188 672 1256 711 tibi
1297 671 1449 710 sactum
1481 671 1531 710 ab
1568 670 1754 723 regibuS,
1794 669 1868 709 tihi

128 742 309 781 dicatum
340 744 463 792 atque
494 737 754 791 promissum,
785 750 858 789 per
887 735 1088 775 nefarium
1111 733 1247 774 scelus
1268 733 1320 773 de
1342 733 1531 773 manibus
1553 733 1675 785 regiis
1697 732 1871 771 extorsit

128 806 327 857 cuiusque
370 799 669 840 sanctissimum
711 803 751 837 ct
786 798 1107 851 pulcherrimum
1139 795 1402 835 simulacrum
1435 796 1649 848 Syracusis
1681 793 1870 834 sustulit:

126 872 275 918 teque,
321 863 422 902 Iuno
451 860 614 913 regina,
656 861 772 899 cuius
806 860 885 899 duo
916 859 1010 899 fana
1041 858 1200 898 duabus
1231 858 1272 897 in
1306 857 1453 897 insulis
1483 857 1621 910 posita
1650 857 1869 902 sociorum,

125 927 287 967 Melitae
318 930 358 964 et
389 923 518 969 Sami,
560 922 817 961 sanctissima
858 928 898 961 et
935 920 1248 974 antiquissima,
1289 920 1411 960 simili
1448 920 1603 959 scelere
1640 919 1751 958 idem
1791 917 1868 957 iste
1884 931 1920 959 10

126 988 313 1029 omnibus
344 985 462 1025 donis
493 984 829 1037 ornamentisque
864 984 1054 1024 nudavit:
1094 989 1238 1036 teque,
1270 983 1476 1029 Minerva,
1508 995 1632 1035 quam
1663 981 1760 1020 item
1790 980 1869 1019 iste

125 1050 285 1091 duobus
317 1049 358 1087 in
381 1046 619 1086 clarissimis
641 1051 681 1085 et
700 1047 1023 1099 religiosissimis
1044 1046 1209 1098 templis
1232 1045 1431 1098 expilavit
1451 1044 1637 1091 Athenis,
1667 1057 1758 1083 cum
1780 1041 1869 1082 auri

125 1111 277 1165 grande
306 1108 482 1163 ponduS,
513 1108 741 1161 Syracusis,
774 1122 865 1147 cum
898 1108 1036 1147 omnia
1066 1113 1228 1160 praeter
1249 1112 1400 1147 tectum
1423 1113 1463 1146 et
1482 1107 1660 1160 parietes
1682 1105 1869 1146 abstulit:

128 1171 220 1212 Ἰ185.
251 1178 385 1224 teque,
417 1171 573 1210 Latona
603 1174 644 1209 et
664 1170 812 1222 Apollo
839 1175 879 1208 et
897 1171 1042 1216 Diana,
1075 1183 1254 1223 quorum
1285 1170 1362 1209 iste
1381 1169 1473 1209 Deli
1495 1182 1579 1208 non
1599 1168 1753 1215 fanum,
1784 1167 1870 1213 sed,

124 1242 169 1277 ut
187 1235 399 1276 hominum
421 1232 563 1286 opinio
585 1237 625 1271 et
645 1232 791 1284 religio
813 1231 904 1278 fert,
928 1231 1068 1271 sedem
1090 1232 1301 1284 antiquam
1323 1232 1594 1284 divinumque
1615 1230 1867 1270 domicilium
1883 1242 1919 1272 ⁴3

123 1304 323 1339 nocturno
355 1293 569 1336 latrocinio
600 1300 723 1347 atque
754 1295 910 1347 impetu
931 1293 1191 1345 compilavit:
1223 1294 1345 1333 etiam
1367 1298 1420 1340 te,
1451 1293 1615 1346 Apollo,
1645 1306 1769 1345 quem
1790 1291 1869 1331 iste

123 1360 224 1400 Chio
255 1357 442 1398 sustulit:
486 1361 612 1410 teque
644 1356 767 1396 etiam
798 1361 922 1409 atque
953 1356 1096 1402 etiam,
1136 1356 1286 1402 Diana,
1328 1368 1451 1408 quam
1481 1355 1634 1407 Pergae
1665 1353 1870 1407 spoliavit,

120 1421 235 1462 cuius
254 1420 518 1460 simulacrum
540 1419 844 1458 sanctissimum
862 1418 1072 1470 Segestae,
1093 1418 1153 1456 bis
1175 1417 1285 1471 apud
1304 1417 1554 1470 Segestanos
1576 1420 1869 1461 consecratum,

120 1482 245 1524 semel
276 1482 457 1535 ipsorum
487 1480 701 1533 religione,
732 1481 879 1520 iterum
909 1481 952 1519 P.
972 1479 1157 1519 Africani
1186 1480 1372 1527 victoria,
1403 1478 1632 1519 tollendum
1653 1483 1871 1531 asportan-

119 1546 302 1598 dumque
325 1544 502 1584 curavit:
535 1548 674 1596 teque,
696 1543 884 1589 Mercuri,
907 1556 1031 1596 quem
1047 1543 1196 1581 Verres
1218 1542 1261 1581 in
1283 1541 1408 1581 domo
1431 1546 1471 1581 et
1490 1542 1532 1581 in
1554 1542 1712 1594 privata
1731 1540 1868 1591 aliqua
1882 1553 1919 1583 20

118 1607 322 1662 palaestra
352 1605 504 1659 posuit,
534 1606 577 1644 P.
598 1605 814 1644 Africanus
845 1606 886 1644 in
915 1605 1017 1643 urbe
1049 1605 1253 1644 sociorum
1285 1609 1325 1643 et
1352 1604 1394 1643 in
1425 1603 1638 1657 gymnasio
1669 1601 1871 1656 Tyndari-

120 1676 309 1709 tanorum
331 1667 556 1707 iuventutis
577 1668 741 1707 illorum
764 1667 978 1707 custodem
998 1679 1044 1705 ac
1066 1665 1299 1719 praesidem
1320 1666 1453 1706 voluit
1473 1679 1584 1705 esse:
1616 1661 1708 1704 1186.
1733 1670 1870 1717 teque,

118 1731 343 1777 Hercules,
385 1743 509 1783 quem
551 1730 627 1769 iste
657 1729 870 1781 Agrigenti
908 1734 1031 1768 nocte
1071 1729 1319 1780 intempesta
1358 1741 1570 1767 servorum
1599 1728 1801 1768 instructa
1831 1730 1871 1765 et

120 1797 353 1845 comparata
383 1804 507 1830 manu
537 1791 768 1830 convellere
809 1803 862 1830 ex
906 1791 991 1830 suis
1033 1790 1201 1830 sedibus
1238 1796 1362 1843 atque
1393 1790 1555 1830 auferre
1587 1795 1758 1829 conatus
1789 1793 1870 1828 est:

119 1860 267 1907 teque,
312 1852 571 1892 sanctissima
610 1858 738 1892 mater
777 1852 918 1899 Idaea,
959 1865 1083 1905 quam
1123 1852 1231 1905 apud
1262 1853 1476 1905 Enguinos
1506 1851 1799 1906 augustissimo
1831 1855 1921 1895 etz-5

120 1915 432 1969 religiosissimo
474 1915 516 1954 in
558 1915 712 1968 templo
752 1915 810 1955 sic
851 1914 1069 1967 spoliatam
1107 1914 1299 1967 reliquit,
1343 1920 1387 1954 ut
1417 1928 1527 1954 nunc
1562 1928 1714 1955 nomen
1748 1913 1871 1954 modo

119 1977 301 2018 Africani
334 1982 374 2016 et
404 1977 574 2030 vestigia
594 1977 772 2016 violatae
793 1977 1007 2029 religionis
1028 1982 1233 2023 maneant,
1265 1982 1532 2017 monumenta
1551 1976 1747 2017 victoriae
1768 1976 1874 2016 fani-

123 2053 204 2094 que
237 2045 479 2079 ornamenta
509 2052 594 2078 non
625 2044 808 2078 exstent:
839 2051 1012 2092 vosque,
1045 2039 1229 2078 omnium
1250 2052 1385 2079 rerum
1407 2039 1646 2086 forensium,
1678 2038 1874 2078 consilio-

121 2118 211 2143 rum
244 2102 540 2148 maximorum,
583 2101 719 2153 legum
751 2100 1083 2152 iudiciorumque
1115 2101 1256 2140 arbitri
1289 2107 1329 2140 et
1358 2106 1497 2148 testes,
1529 2101 1798 2140 celeberrimo
1830 2101 1871 2139 in

123 2166 214 2205 loco
246 2163 389 2217 populi
411 2164 585 2203 Romani
616 2163 751 2209 locati,
785 2164 928 2202 Castor
959 2167 999 2201 et
1020 2163 1182 2209 Pollux,
1215 2177 1391 2216 quorum
1423 2177 1444 2203 e
1476 2164 1630 2216 templo
1654 2167 1870 2216 quaestum
1884 2177 1920 2206 30

121 2229 196 2267 iste
228 2225 305 2265 sibi
338 2231 378 2264 et
407 2225 601 2278 praedam
632 2225 978 2277 improbissimam
1010 2226 1279 2277 comparavit:
1312 2239 1539 2278 omnesque
1573 2226 1634 2272 di,
1666 2225 1737 2278 qui
1756 2223 1872 2263 vehi-

121 2289 223 2329 culis
254 2294 461 2327 tensarum
494 2287 717 2326 sollemnes
749 2292 890 2326 coetus
912 2287 1106 2326 ludorum
1127 2287 1256 2333 initis,
1289 2301 1464 2340 quorum
1486 2289 1564 2327 iter
1584 2288 1662 2327 iste
1680 2287 1731 2327 ad
1752 2300 1871 2327 suum

121 2355 352 2404 quaestum,
382 2362 466 2387 non
500 2349 550 2387 ad
582 2349 829 2402 religionum
851 2349 1106 2402 dignitatem,
1137 2348 1374 2389 faciundum
1397 2350 1733 2403 exigendumque
1755 2361 1872 2388 cura-

119 2412 197 2451 vit:
230 2409 324 2450 187,
355 2415 493 2464 teque,
527 2411 647 2451 Ceres
679 2416 718 2450 et
739 2411 902 2457 Libera,
934 2423 1110 2464 quarum
1131 2424 1259 2458 sacra,
1289 2413 1395 2451 sicut
1416 2413 1637 2465 opiniones
1657 2411 1870 2450 hominum

121 2487 166 2513 ac
198 2473 421 2526 religiones
452 2473 602 2520 serunt,
633 2473 755 2525 longe
787 2473 977 2512 maximis
1007 2479 1132 2526 atque
1154 2473 1441 2515 occultissimis
1463 2474 1719 2514 caerimoniis
1742 2474 1919 2518 conti-35

119 2540 281 2583 nentur,
313 2548 336 2574 a
366 2535 515 2588 quibus
546 2535 662 2575 initia
689 2535 796 2574 vitae
819 2540 943 2588 atque
964 2536 1109 2582 victus,
1140 2548 1315 2583 morum,
1345 2536 1496 2589 legum,
1527 2535 1870 2582 mansuetudinis,

119 2597 391 2638 humanitatis
430 2597 669 2637 hominibus
709 2604 747 2637 et
788 2597 1022 2637 civitatibus
1064 2597 1158 2636 data
1198 2611 1244 2637 ac
1285 2598 1501 2652 dispertita
1537 2612 1627 2638 esse
1660 2598 1869 2645 dicuntur3

121 2673 294 2714 quarum
316 2672 431 2699 sacra
451 2660 632 2712 populus
654 2660 862 2699 Romanus
883 2672 906 2698 a
925 2660 1091 2699 Graecis
1112 2659 1269 2700 adscita
1291 2665 1331 2700 et
1350 2666 1519 2713 accepta
1538 2665 1650 2701 tanta
1669 2660 1869 2713 religione

207 2814 236 2845 l.
264 2813 303 2844 iis
326 2814 369 2844 L:
406 2813 454 2843 his
477 2813 516 2844 R.
544 2830 580 2835 —
607 2812 637 2845 4.
662 2814 807 2853 Iuppiter
830 2814 870 2844 R:
902 2813 1026 2851 Iupiter
1049 2813 1085 2844 O.
1115 2831 1149 2835 —
1176 2814 1291 2853 quoius
1312 2815 1350 2846 R.
1379 2833 1414 2838 -—
1440 2816 1471 2847 7.
1497 2816 1535 2846 de
1557 2816 1706 2846 manibus
1729 2815 1827 2855 regias
1849 2813 1868 2845 λ

120 2867 154 2896 et
177 2864 264 2905 Lg29
291 2863 364 2902 (sed
388 2863 443 2894 hic
466 2862 583 2903 reyis):
611 2864 649 2894 de
670 2864 778 2894 manis
801 2862 928 2903 rcyibus
951 2863 994 2895 R:
1021 2862 1059 2892 de
1080 2865 1209 2903 magnis
1233 2864 1361 2904 reye‘bus
1384 2866 1429 2896 G?
1454 2864 1534 2902 Ld.;
1565 2866 1602 2896 de
1624 2866 1754 2906 maym's
1776 2864 1870 2896 rebus

121 2913 186 2949 Gt;
224 2914 261 2944 de
282 2913 381 2953 regiis
403 2913 553 2944 manibus
585 2913 668 2944 deu.
695 2914 730 2945 O.
761 2931 792 2934 —
822 2913 968 2943 castoraeit
997 2912 1021 2942 R
1047 2921 1097 2953 pr.
1126 2922 1171 2944 m.
1199 2931 1234 2935 —
1261 2915 1313 2944 4¹.
1339 2914 1414 2945 item
1437 2915 1494 2946 isle
1523 2915 1569 2946 G3
1595 2917 1628 2946 et
1651 2914 1756 2955 Lete:
1792 2915 1868 2945 ilem

122 2963 145 2993 R
173 2962 310 3003 [recte];
344 2963 400 2993 isle
424 2962 507 2993 dett.
536 2980 570 2983 —
598 2962 651 2993 43.
678 2963 804 2993 sustuli!
829 2963 927 3001 Lagg.
954 2962 1038 2993 dett.
1067 2980 1101 2984 —
1131 2962 1180 2994 44.
1207 2964 1339 2994 latrona
1364 2965 1399 2995 R.
1428 2982 1463 2986 —
1490 2965 1541 2995 46.
1567 2966 1743 3004 compilavit
1766 2966 1803 2996 R.
1829 2982 1864 2987 —-

123 3020 216 3049 quem
237 3013 352 3044 stechio
375 3012 502 3043 sustulit
525 3013 561 3042 R.
585 3028 619 3034 -
641 3013 691 3043 49.
719 3012 847 3052 ilerum]
874 3013 947 3042 item
971 3012 1071 3051 Lagg.
1097 3015 1237 3052 praeter
1261 3013 1312 3044 422.
1334 3031 1368 3034 —
1387 3015 1436 3052 Ρ.]
1458 3015 1519 3045 PR.
1545 3015 1581 3045 R.
1602 3032 1636 3036 -—-
1664 3015 1714 3045 ΞΟ.
1741 3014 1867 3055 aliqua]

122 3061 236 3100 aitqua
258 3063 295 3093 R.
323 3080 356 3083 —
383 3062 436 3093 ⁶2¹.
458 3062 568 3101 posuit
591 3070 659 3092 0111.
684 3063 722 3093 R.
750 3080 784 3083 —
812 3060 864 3092 25.
891 3070 933 3092 ege
960 3069 1029 3092 om.
1055 3061 1121 3097 R3:
1160 3071 1176 3093 e
1200 3063 1288 3094 coni.
1315 3064 1451 3104 Zumpt.
1479 3081 1513 3085 —
1541 3065 1592 3095 25.
1619 3072 1737 3104 eyynos
1764 3065 1800 3094 R.
1828 3080 1862 3085 —-

122 3110 174 3141 26.
200 3110 233 3140 in
256 3119 325 3142 om.
350 3111 408 3142 R3.
437 3129 470 3132 —
498 3112 551 3142 27.
575 3112 725 3151 Africani
748 3121 816 3143 om.
842 3111 944 3149 Lem.
969 3128 1003 3132 —
1030 3111 1250 3150 victoriaeque
1273 3117 1467 3144 ornamenta
1489 3114 1590 3154 ng.
1611 3132 1645 3135 —
1672 3114 1722 3144 29.
1749 3113 1865 3154 leyumj

122 3159 282 3198 reliquum
303 3161 361 3192 R3.
389 3177 424 3183 —
453 3160 504 3191 30.
527 3170 604 3200 pop.
630 3161 734 3202 Rom]
759 3161 923 3200 praetorii
948 3160 1030 3192 dett.
1059 3178 1093 3181 —
1121 3161 1172 3192 311.
1199 3161 1258 3191 sibi
1282 3162 1338 3192 isle
1361 3162 1443 3193 dett.
1471 3163 1507 3194 O.
1536 3182 1570 3185 -—
1597 3163 1867 3202 improbissimam

124 3207 169 3239 (33
195 3207 313 3248 (Madv.
339 3218 372 3250 p.
400 3210 504 3250 4370:
531 3211 827 3249 inprouisissimam
851 3211 895 3247 R;
922 3211 1108 3241 maximam
1130 3210 1365 3249 improbissime
1388 3211 1470 3243 dett.
1498 3213 1534 3243 O.
1555 3230 1589 3234 -—
1609 3221 1743 3251 conpar.
1769 3213 1806 3243 R.
1828 3229 1862 3233 —

125 3256 175 3287 32.
203 3257 386 3289 mensarum
409 3259 558 3290 solemnis
581 3260 616 3290 R.
644 3276 678 3280 -
705 3260 805 3299 initis]
828 3260 951 3290 inutilis
974 3261 1010 3290 R.
1038 3277 1073 3280 —
1101 3260 1161 3290 ista
1186 3261 1222 3291 R.
1243 3278 1277 3281 —
1304 3260 1356 3292 33.
1382 3270 1447 3292 non
1470 3270 1538 3293 om.
1565 3262 1601 3292 R.
1622 3278 1657 3282 —
1675 3261 1865 3300 faciundum

122 3305 147 3336 R
165 3305 229 3335 Ga:
254 3306 438 3345 faciendum
461 3310 519 3339 ott.
541 3309 576 3339 O.
598 3326 631 3329 —
651 3309 893 3348 amandumque
917 3310 980 3340 Gt:
1006 3310 1254 3348 effunduntque
1270 3311 1329 3341 62.
1350 3328 1384 3332 -
1405 3311 1457 3343 36.
1483 3311 1600 3352 legum,
1626 3319 1754 3341 morum
1778 3310 1861 3343 dett.

123 3354 160 3385 O.
188 3371 222 3375 —
249 3354 299 3385 37.
325 3355 535 3391 humanitatis
556 3359 706 3399 exempla
727 3359 847 3391 homin.
876 3359 959 3390 dett.
986 3360 1022 3391 O.
1050 3376 1084 3380 —
1111 3359 1258 3400 dispersa
1280 3360 1381 3400 Lagg.
