2143 3713
500 223 588 262 Lm.
619 221 667 262 v.
707 220 804 261 CAP.
835 219 1201 261 xxxlx—xm.
1241 218 1314 272 §§·
1347 217 1600 261 402—-1106.
1852 217 1931 262 413

184 335 249 375 cui
287 339 535 387 potestatem
575 331 882 385 imperiumque
923 332 1120 384 permisi?
1162 337 1360 384 poterone
1402 344 1472 370 eos
1511 330 1673 372 afficere
1712 333 1931 386 supplicio,

183 396 253 450 qui
287 397 551 437 Cleomenem
582 394 710 434 secuti
743 400 855 440 sunt,
888 395 1102 447 ignoscere
1135 393 1365 440 Cleomeni,
1398 394 1469 446 qui
1501 408 1640 434 secum
1662 394 1805 448 fugere
1828 402 1930 436 etse

183 459 384 511 consequi
425 458 569 498 iussit?
613 461 815 508 poterone
855 470 944 496 esse
976 457 1014 495 in
1048 470 1119 497 eos
1152 456 1397 503 vehemens,
1435 456 1505 509 qui
1537 470 1662 496 naves
1694 472 1775 497 non
1807 458 1931 498 modo

184 520 328 560 inanes
357 519 610 565 habuerunt,
642 518 713 557 sed
745 518 867 558 etiam
900 525 1081 572 apes-tim,
1124 519 1166 558 in
1199 531 1291 557 eum
1323 518 1576 564 dissolutus,
1615 520 1686 571 qui
1717 520 1830 560 solus
1859 521 1932 560 ha-

183 581 317 621 buerit
347 584 594 621 constratam
626 593 772 619 navem
804 586 843 619 et
878 581 1013 620 minus
1046 580 1328 619 exinanitam?
1374 581 1520 619 Pereat
1551 580 1795 621 Cleomenes
1828 583 1965 623 unatf»

181 665 235 672 -
268 643 340 683 Ubi
373 641 500 682 fides?
531 642 600 681 ubi
633 642 968 682 exsecrationes?
1011 642 1079 682 ubi
1111 642 1306 682 dexterae
1338 642 1695 696 complexusque?
1727 644 1796 683 ubi
1828 645 1928 683 illud

182 704 497 745 contubernium
541 703 754 743 muliebris
796 704 968 744 militiae
1008 705 1049 744 in
1090 705 1161 744 illo
1194 705 1492 745 delicatissimo
1525 704 1680 744 litore?
1726 727 1778 733 —
1823 706 1930 745 Fieri

179 767 294 807 nullo
325 765 449 806 modo
481 769 666 817 poterat,
700 765 801 818 quin
825 766 1035 807 Cleomeni
1067 772 1318 819 parceretur.
1360 763 1452 806 1025.
1485 767 1616 807 Vocat
1647 766 1930 807 Cleomenem:

179 829 281 868 dicit
311 828 347 867 ei
379 840 421 866 se
454 827 647 866 statuisse
679 827 1006 868 animadvertere
1037 829 1079 868 in
1111 842 1254 869 omnes
1288 830 1536 870 navarchos:
1576 829 1632 869 ita
1664 830 1727 869 sui
1758 829 1929 882 periculi

178 891 359 930 rationes
390 888 497 928 ferre
528 901 574 928 ac
606 889 830 941 postulare.
853 912 906 918 —
941 890 1057 930 «Tibi
1090 890 1161 930 uni
1194 906 1357 944 parcam
1390 897 1431 931 et
1461 891 1601 945 potius
1632 891 1752 932 istius
1784 891 1930 944 culpae
1947 898 1980 927 1¹0

179 952 331 991 crimen
363 951 796 1004 vituperationemque
828 952 1128 992 inconstantiae
1160 954 1407 1006 suscipiam,
1448 967 1572 1007 quam
1609 959 1680 994 aut
1710 955 1752 993 in
1783 959 1821 993 te
1853 953 1929 992 sim

177 1013 376 1060 crudelis,
424 1018 496 1053 aut
525 1019 586 1053 tot
623 1019 705 1053 tam
736 1028 879 1067 graves
914 1021 1035 1055 testes
1066 1015 1184 1055 vivos
1215 1015 1530 1068 incolumesque
1562 1029 1652 1055 esse
1681 1015 1853 1069 patiar.»
1877 1036 1930 1043 —-

176 1077 272 1129 Agit
302 1077 454 1128 gratias
488 1076 752 1117 Cleomenes:
784 1078 988 1130 approbat
1017 1077 1259 1117 consilium:
1292 1077 1390 1116 dicit
1411 1078 1466 1116 ita
1487 1075 1575 1117 lieri
1598 1083 1806 1131 oportere.
1847 1077 1931 1117 Ad-

176 1143 318 1178 monet
355 1143 493 1179 tamen
534 1138 659 1186 illud,
701 1139 815 1192 quod
858 1140 982 1179 istum
1012 1139 1192 1192 fugerat,
1233 1140 1274 1178 in
1305 1139 1572 1188 Phalacrum,
1616 1140 1928 1194 Centuripinum

173 1200 448 1249 navarchum,
490 1214 573 1241 non
613 1215 738 1254 posse
768 1201 1061 1249 animadverti,
1102 1207 1324 1254 propterea
1355 1202 1467 1255 quod
1499 1216 1638 1242 secum
1672 1217 1754 1243 una
1783 1202 1978 1242 fuissetis

173 1264 216 1304 in
249 1264 521 1317 Centuripina
553 1263 820 1317 quadriremi.
851 1286 905 1292 -
936 1264 1048 1312 Quid
1080 1265 1205 1317 ergo?
1237 1263 1315 1303 iste
1345 1263 1471 1303 homo
1503 1278 1555 1304 ex
1585 1266 1675 1304 eius
1697 1265 1810 1304 modi
1834 1265 1930 1304 civi-

173 1331 280 1373 tate,
311 1325 554 1366 adolescens
586 1326 893 1373 nobilissimus,
935 1327 1051 1366 testis
1081 1326 1376 1380 relinquetur?
1406 1348 1460 1354 —
1499 1327 1545 1366 In
1575 1328 1837 1379 praesentia,
1868 1329 1931 1368 in-

173 1388 265 1441 quit
296 1388 562 1436 Cleomenes,
608 1389 807 1442 quoniam
846 1389 902 1428 ita
931 1401 1103 1428 necesse
1134 1392 1219 1428 est:
1265 1387 1337 1427 sed
1368 1394 1463 1440 post
1492 1388 1651 1442 aliquid
1682 1389 1929 1437 videbimus,

170 1463 223 1490 ne
252 1451 330 1490 iste
360 1451 481 1491 nohis
514 1451 679 1491 obstare
710 1451 855 1503 possit.
876 1472 930 1479 —
960 1451 1067 1489 XLI.
1100 1446 1193 1489 1106.
1224 1450 1335 1490 Ilaec
1360 1456 1633 1504 posteaquam
1655 1457 1748 1493 acta
1771 1458 1812 1492 et
1832 1465 1931 1492 con—

171 1513 315 1552 stituta
344 1519 462 1560 sunt,
493 1513 683 1566 procedit
711 1513 789 1552 iste
819 1519 992 1566 repente
1024 1526 1045 1552 e
1076 1513 1311 1566 praetorio,
1349 1513 1627 1553 inflammatus
1659 1513 1836 1562 scelere,
1867 1513 1930 1553 fu-
1944 1522 1979 1551 20

169 1588 283 1622 rore,
322 1575 588 1616 crudelitate:
631 1577 673 1616 in
713 1575 848 1616 sorum
888 1575 1026 1615 venit:
1065 1576 1295 1616 navarchos
1327 1575 1382 1615 ad
1412 1590 1456 1616 se
1487 1576 1626 1615 vocari
1657 1575 1785 1616 iubet.
1846 1576 1929 1624 Qui

170 1638 275 1677 nihil
315 1643 567 1685 metuerent,
607 1638 710 1679 nihil
751 1639 1080 1691 suspicarentur,
1119 1639 1256 1678 statim
1286 1644 1518 1678 accurrunt.
1577 1639 1659 1678 Iste
1688 1639 1929 1680 hominibus

171 1700 334 1740 miseris
374 1700 666 1740 innocentibus
706 1701 822 1740 iniici
863 1706 1030 1741 catenas
1061 1701 1248 1753 imperat.
1309 1701 1535 1754 Implorare
1566 1702 1626 1741 illi
1658 1699 1778 1742 fidem
1810 1715 1931 1755 prae-

172 1761 272 1801 toris
304 1767 365 1809 et,
411 1776 540 1815 quare
579 1763 622 1802 id
659 1762 834 1810 faceret,
880 1776 1038 1816 rogare.
1098 1764 1201 1802 Tum
1242 1763 1318 1803 iste
1359 1764 1440 1804 hoc
1471 1778 1618 1804 causae
1650 1764 1770 1813 dicit,
1816 1764 1929 1818 quod

172 1823 347 1863 classem
388 1824 670 1875 praedonibus
705 1824 1002 1876 prodidissent.
1060 1825 1125 1866 Fit
1156 1826 1312 1866 clamor
1341 1833 1381 1866 et
1411 1826 1630 1866 admiratio
1661 1827 1809 1880 populi
1840 1832 1930 1867 tan-
1944 1835 1979 1863 25

173 1890 254 1925 tam
294 1898 384 1926 esse
427 1886 468 1925 in
499 1885 666 1927 homine
697 1886 998 1939 impudentiam
1029 1892 1153 1940 atque
1185 1888 1424 1936 audaciam,
1464 1894 1510 1929 ut
1539 1894 1610 1929 aut
1638 1889 1730 1929 aliis
1761 1902 1926 1929 causam

174 1948 424 1988 calamitatis
462 1948 723 1996 attribueret,
765 1963 872 2002 quae
914 1949 1047 1989 omnis
1087 1954 1260 2003 propter
1289 1951 1504 1991 avaritiam
1535 1951 1664 2004 ipsius
1694 1951 1928 1999 accidisset,

259 2091 287 2122 l.
314 2091 377 2130 cui]
404 2091 458 2131 qui
483 2092 518 2122 lt.
549 2109 581 2112 κ-
618 2092 694 2132 imp.
725 2094 980 2131 potestatemque
1004 2094 1104 2132 Lagg.
1132 2095 1272 2133 praeter
1297 2094 1347 2132 29,
1375 2094 1411 2125 O.
1439 2111 1473 2115 -—
1503 2095 1533 2125 ⁶2.
1561 2094 1747 2126 Cleomenen
1771 2095 1796 2126 R
1821 2095 1855 2125 et
1878 2094 1928 2126 sic

171 2138 242 2171 sere
268 2148 420 2181 semper.
450 2158 483 2163 -—
512 2140 542 2172 3.
571 2141 601 2171 in
626 2150 677 2172 eos
700 2150 764 2172 esse
788 2140 871 2172 dett.
900 2142 935 2172 O.
967 2160 1000 2164 —
1028 2143 1083 2181 qui
1107 2143 1215 2184 naves]
1242 2144 1297 2183 qui
1320 2144 1393 2174 auis
1416 2144 1452 2175 R.
1479 2161 1512 2165 —-
1540 2153 1604 2175 uon
1626 2144 1721 2175 modo
1746 2143 1858 2175 inanes
1882 2143 1928 2175 Ra

170 2190 274 2229 Lg29:
302 2190 415 2221 inanes
437 2200 502 2221 non
526 2199 568 2221 m.
595 2190 679 2222 dett.
707 2192 743 2222 Ο.
774 2208 808 2212 -
846 2191 877 2222 4.
904 2196 1037 2230 apertas
1054 2196 1211 2232 poterone
1234 2193 1268 2224 in
1291 2201 1364 2224 eum
1387 2194 1488 2233 ng.
1518 2210 1552 2214 —
1656 2194 1742 2224 lutus
1766 2193 1822 2232 qui
1843 2193 1930 2224 solus

169 2257 187 2262 -
204 2257 221 2262 -
237 2240 323 2270 donzi
355 2241 437 2272 reti.
456 2266 487 2272 ..
521 2240 552 2280 ἓ.
579 2242 654 2273 409.
681 2251 713 2273 ν.
740 2241 770 2272 3.
797 2240 903 2271 habet
928 2241 966 2273 V.
994 2259 1028 2263 η
1056 2243 1291 2282 ‹tissotutusque
1320 2243 1406 2274 sotus
1429 2244 1466 2275 R.
1486 2260 1524 2265 -
1549 2243 1580 2274 5.
1600 2252 1705 2282 perea
1728 2243 1767 2275 V.
1795 2243 1874 2283 (ΒΓ.)
1891 2261 1925 2266 ——

171 2289 200 2320 6.
227 2291 450 2322 execrationes
474 2291 550 2321 RV.
580 2308 614 2312 —
642 2291 796 2322 dea-berae
820 2291 844 2322 R
870 2292 903 2322 et
928 2291 955 2320 V
980 2291 1077 2331 (Br.):
1109 2293 1248 2323 (leuctrae
1270 2291 1344 2324 rell.
1372 2294 1409 2324 O.
1439 2311 1473 2314 —
1507 2292 1749 2332 conplexusque
1772 2293 1818 2325 V:
1849 2301 1929 2324 con-

167 2340 336 2379 fleaeusque
359 2341 399 2377 R;
426 2341 662 2380 constantisque
685 2339 745 2372 Ld.
775 2358 810 2362 -—
838 2340 907 2371 illut
930 2340 968 2371 V.
999 2358 1030 2364 -
1061 2341 1092 2372 7.
1118 2341 1225 2373 littore
1248 2343 1285 2373 R.
1315 2360 1349 2364 —
1375 2343 1406 2374 8.
1432 2346 1527 2373 vocat
1551 2342 1668 2374 Cleom.
1696 2343 1742 2375 R3
1764 2342 1793 2373 V
1817 2342 1925 2383 Lg29:

153 2388 286 2430 ¹Cleom.
314 2392 408 2421 vocat
432 2389 517 2421 dett.
544 2390 581 2421 Ο.
610 2390 807 2429 (Cleomenen
832 2391 874 2429 R,
902 2398 970 2421 non
988 2390 1040 2430 V.)
1069 2408 1102 2412 —-
1131 2391 1161 2422 9.
1188 2391 1227 2432 ei]
1251 2395 1281 2423 et
1304 2393 1340 2423 R.
1363 2410 1397 2414 —
1424 2392 1686 2424 animadvertere
1700 2393 1730 2424 V
1752 2394 1786 2424 et
1808 2393 1925 2433 Lagg.:

170 2438 316 2470 animum
341 2439 467 2471 adverti
490 2440 533 2476 R3
561 2440 780 2472 animadverti
804 2439 863 2470 G3.
893 2458 927 2462 —
954 2441 1058 2471 omnis
1081 2441 1105 2472 R
1124 2441 1162 2472 V.
1190 2458 1225 2463 —
1254 2442 1306 2473 40.
1330 2442 1414 2482 ferri
1437 2443 1462 2473 R
1479 2443 1545 2479 GM
1569 2443 1642 2483 fieri
1665 2441 1725 2474 Ld.
1754 2459 1789 2463 —
1816 2445 1845 2473 et
1866 2450 1928 2481 po-

169 2488 232 2518 tius
247 2505 294 2511 --
310 2489 488 2528 suscipiam
512 2488 557 2520 R3
575 2489 619 2520 V:
646 2493 676 2521 et
699 2490 796 2521 lolius
812 2507 829 2512 -
843 2489 984 2528 -polius
1005 2490 1184 2529 suscipiam
1207 2490 1290 2523 dett.
1311 2492 1348 2523 O.
1369 2510 1404 2514 --
1432 2493 1484 2523 Ἠ.
1512 2501 1612 2531 quam
1635 2496 1693 2524 aut
1717 2492 1744 2522 V
1769 2492 1804 2523 et
1825 2490 1929 2533 pleri-

170 2546 255 2577 que:
294 2547 393 2578 quam
416 2542 451 2570 ut
474 2540 516 2577 R;
554 2547 656 2578 quam
680 2540 726 2571 (33
743 2538 773 2571 λ.
802 2557 836 2561 -
872 2539 904 2569 in
928 2542 957 2570 te
979 2548 1049 2571 om.
1074 2541 1184 2573 Maius
1210 2542 1290 2582 (non
1314 2542 1342 2573 V
1365 2544 1453 2575 teste
1478 2542 1561 2583 Bu).
1596 2560 1630 2564 —
1666 2542 1717 2573 42.
1744 2544 1803 2572 aut
1826 2543 1927 2571 totam

168 2588 194 2619 R
210 2587 250 2619 V.
279 2605 314 2610 —
351 2589 465 2629 ιφάυἱε
488 2589 574 2620 testis
598 2590 690 2621 vivos
712 2590 948 2627 incotomesque
972 2589 1008 2620 R.
1046 2606 1080 2610 —
1119 2590 1170 2622 ¹¹3.
1197 2592 1359 2631 adprobat
1383 2594 1408 2624 R
1424 2593 1464 2625 V.
1499 2608 1535 2615 —
1574 2591 1626 2624 ⁴4.
1652 2591 1742 2632 illud]
1772 2592 1797 2622 it
1820 2590 1860 2622 V.
1888 2607 1922 2612 —

166 2637 365 2669 Phalacrum
388 2640 413 2670 R
430 2639 495 2670 Ge:
533 2639 712 2670 Falacrum
736 2640 775 2678 V,
810 2638 1002 2670 Phalatrum
1024 2639 1132 2680 Lg29,
1166 2641 1366 2684 Phalar9um
1390 2643 1426 2674 O.
1461 2661 1495 2664 —
1534 2643 1584 2674 45.
1610 2651 1679 2674 una
1699 2642 1812 2682 suisset
1836 2639 1881 2672 R3
1898 2640 1927 2671 V

169 2687 281 2727 Lg29:
304 2688 415 2728 fuisset
436 2697 505 2719 una
528 2688 612 2720 dett.
632 2690 668 2721 O.
691 2707 725 2711 -—
755 2690 806 2721 46.
835 2688 947 2729 Quid?
970 2697 1047 2729 erqo
1070 2689 1128 2721 iste
1150 2691 1271 2723 Lamb.
1292 2709 1327 2714 —
1353 2692 1445 2724 istius
1467 2692 1555 2724 modi
1570 2692 1672 2733 Lgeo.
1693 2709 1728 2713 —
1757 2691 1807 2722 ⁴7.
1835 2690 1924 2722 adul.

168 2736 250 2768 RV.
278 2754 312 2758 —
342 2737 392 2768 49.
419 2738 479 2769 iste
498 2738 613 2769 nobilis
635 2739 694 2771 R3.
723 2757 757 2760 —
785 2742 900 2778 optare
924 2746 1004 2769 cum
1029 2746 1043 2768 s
1067 2747 1144 2779 sup.
1170 2738 1227 2772 lin.
1254 2741 1292 2772 V.
1321 2741 1400 2781 (ΒΓ.)
1429 2759 1460 2763 -
1489 2743 1542 2774 ⁶20.
1568 2750 1584 2773 e
1608 2750 1678 2773 om.
1705 2742 1751 2773 33
1776 2742 1856 2781 (non
1872 2740 1924 2780 V).

171 2801 204 2807 -—
231 2786 284 2818 2⁴.
308 2786 428 2826 forum]
455 2788 589 2819 chorum
612 2789 649 2820 R.
678 2806 712 2810 —-
746 2789 791 2819 acl
820 2798 852 2820 se
873 2788 987 2819 vocari
1011 2788 1055 2817 V:
1090 2789 1134 2819 acl
1156 2798 1188 2821 se
1211 2799 1281 2821 om.
1309 2790 1410 2822 codd.
1437 2789 1510 2822 rell.
1538 2792 1572 2822 et
1596 2790 1677 2822 edd.
1705 2790 1925 2832 [Recepimus

168 2844 295 2867 novam
320 2835 525 2875 lectionem3
551 2846 633 2869 nam
656 2839 764 2871 Maius
789 2838 873 2870 salso
898 2839 931 2869 in
948 2836 1138 2871 verborum
1163 2841 1326 2871 contextu
1350 2841 1394 2871 ad
1416 2849 1447 2872 se
1468 2841 1579 2872 venire
1602 2840 1720 2872 habet.
1752 2839 1802 2871 Cf.
1821 2847 1926 2880 supra

168 2884 198 2925 ἓ.
225 2886 311 2927 402]
340 2904 375 2909 —
408 2887 461 2917 Ἡ..
486 2887 554 2928 iste]
584 2888 696 2919 sta-tim
725 2889 826 2929 Lgess.
862 2905 895 2909 —
930 2887 980 2918 23.
1009 2887 1228 2920 innocentibus
1256 2890 1303 2921 R3
1320 2890 1365 2920 V:
1403 2891 1685 2930 innocentibusque
1709 2890 1793 2921 dett.
1811 2889 1858 2920 .0.
1887 2906 1922 2911 —

167 2935 245 2966 inici
267 2936 346 2968 RV.
376 2954 410 2959 —
433 2937 611 2979 praetoris]
634 2938 668 2969 P.
687 2939 723 2969 R.
744 2938 788 2975 V;
811 2937 927 2977 populi
951 2938 986 2967 1³.
1014 2936 1097 2969 dett.
1119 2955 1153 2960 —
1180 2938 1232 2971 0222.
1260 2944 1327 2970 tum
1350 2940 1535 2980 R3V<B1=.)
1555 2939 1644 2980 Lg¹4
1662 2940 1719 2972 29:
1747 2943 1822 2970 tunc
1838 2937 1922 2969 dett.

170 2983 207 3014 O.
235 3002 269 3008 —
296 2985 349 3018 ⁶25.
377 2990 405 3017 et
428 2994 497 3016 om.
523 2986 582 3017 Ra.
612 3003 646 3007 —-
673 2987 862 3028 admiralio]
893 2988 1160 3018 admurmuratio
1183 2990 1211 3019 V
1235 2992 1269 3021 et
1293 2990 1410 3021 neseio
1435 2990 1511 3031 quis
1536 2990 1580 3021 de
1605 2990 1694 3021 coni.
1720 2998 1774 3030 ap.
1802 2987 1922 3019 Lamb.

170 3032 269 3071 prob.
288 3034 398 3068 Halm.
436 3036 478 3067 At
500 3035 590 3068 male
609 3036 647 3077 [2]
672 3037 891 3079 sublungitur
915 3039 1181 3070 admurmuratio
1204 3039 1353 3070 clamori.
1384 3040 1456 3077 Qua
1480 3039 1514 3071 in
1530 3049 1568 3071 re
1586 3039 1645 3070 fiat
1661 3037 1926 3070 admurmuratio

171 3080 349 3116 hominum
372 3085 510 3126 indigne
535 3085 664 3127 aliquid
688 3087 892 3127 serentium,
922 3088 998 3120 vide
1030 3096 1071 3119 ex
1095 3088 1125 3128 g.
1152 3088 1224 3121 41.:
1262 3088 1329 3120 hoc
1352 3091 1471 3121 autem
1498 3088 1575 3121 loco
1599 3088 1766 3130 populum
1793 3091 1926 3127 «stupor

171 3130 386 3165 admiratione
409 3138 476 3166 tam
500 3136 622 3167 atrocis
642 3136 691 3167 rei
720 3137 875 3178 defiyit‚»
905 3140 943 3169 ut
967 3138 1036 3169 Liv.
1064 3138 1109 3168 ait
1132 3139 1186 3170 111.
1213 3137 1266 3169 47.
1300 3137 1342 3170 cf.
1368 3139 1511 3171 homiues
1538 3138 1748 3179 obstupefacti
1773 3138 1924 3169 admira-

171 3179 256 3211 tione
281 3189 313 3222 p.
340 3183 450 3216 Deiot.
477 3184 508 3225 g.
535 3184 586 3216 34.
623 3186 661 3217 In
690 3185 820 3218 bonam
850 3189 987 3228 partem
1010 3187 1170 3220 clamores
1191 3191 1221 3220 et
1243 3188 1478 3220 admirationes
1500 3189 1688 3230 iunguntur
1711 3187 1753 3218 de
1778 3187 1870 3218 Orat.
1896 3186 1921 3217 I.

173 3227 203 3268 ἓ.
230 3229 302 3261 452.
338 3232 377 3264 Ut
399 3233 432 3264 h.
459 3233 480 3265 l.
507 3242 612 3276 supra
636 3236 691 3268 IV.
718 3236 749 3277 ἓ.
775 3237 827 3268 27.
854 3237 946 3269 haec·
966 3246 1022 3268 vv.
1049 3237 1192 3270 confusa
1215 3239 1296 3269 sunt
1319 3246 1338 3268 a
1361 3236 1522 3272 librariis.
1557 3256 1591 3261 -—
1628 3238 1681 3268 ⁶26.
1706 3237 1741 3267 in
1763 3235 1924 3268 hominem

172 3277 212 3307 V-
239 3294 273 3299 -
298 3279 409 3320 inpud.
434 3283 463 3314 V
478 3283 517 3316 R.
545 3301 580 3306 —
605 3288 641 3317 ut
663 3285 738 3317 aliis
762 3285 847 3318 dett.
869 3304 903 3310 -
929 3287 982 3319 27.
1008 3286 1128 3318 adtrib.
1153 3288 1192 3321 R.
1220 3304 1254 3310 —
1282 3287 1382 3328 ipsius
1404 3287 1513 3321 habet
1534 3289 1564 3321 V
1589 3288 1668 3328 (non
1690 3287 1798 3327 istius,
1823 3288 1862 3318 ut
1876 3286 1923 3318 ait

172 3325 307 3368 Maius);
332 3329 401 3362 eius
421 3332 524 3373 Lg29.
