2143 3713
283 218 364 258 590
802 218 1000 260 ORATIO
1031 220 1134 261 PRO
1164 220 1213 261 A.
1245 221 1508 263 CLUENTIO

281 331 361 371 lius
390 330 529 370 Habiti
559 330 704 370 merito
735 330 854 379 fecit,
890 345 1027 385 neque
1058 331 1125 372 hic
1155 333 1198 372 in
1229 337 1475 374 testamento
1505 332 1695 373 faciendo
1726 333 1932 383 interfuit,
1962 336 2024 376 id-

281 406 363 446 que
404 397 692 433 testamentum
733 394 783 433 ab
822 394 946 434 huius
985 394 1153 434 inimico
1186 394 1415 448 Oppianico
1447 401 1510 436 est
1539 395 1813 448 obsignatum.
1861 398 2023 438 «Florio

280 456 460 508 legatum
492 468 544 494 ex
573 461 822 496 testamento
854 454 1073 495 infitiatum
1104 469 1234 496 esse.»
1281 458 1373 497 Non
1404 462 1466 497 est
1494 459 1572 504 ita3
1604 457 1675 496 sed
1707 471 1800 498 cum
1831 458 1908 498 HS
1939 473 2025 498 xxx

280 517 429 569 scripta
459 523 598 557 essent
626 531 700 572 pro
732 519 809 559 HS
843 531 936 566 000,
968 531 1104 571 neque
1135 519 1173 558 ei
1205 524 1367 558 cautum
1396 519 1494 559 satis
1515 519 1748 566 videretur,
1780 520 1912 560 voluit
1932 534 2025 560 eum

248 579 435 632 saliquid
475 585 691 634 acceptum
726 581 878 621 referre
917 580 1153 620 liberalitati
1194 594 1306 620 suae.
1354 582 1489 621 Primo
1522 581 1672 621 debere
1702 582 1889 634 negavit:
1932 587 2027 634 post

279 643 368 683 sine
407 643 689 683 controversia
725 643 860 683 solvit.
914 642 1023 682 «Ceii
1065 642 1281 682 cuiusdam
1320 643 1515 683 Samnitis
1547 656 1720 684 uxorem
1750 649 1843 696 post
1869 643 2024 682 bellum

277 705 328 745 ab
358 705 436 745 hoc
467 718 558 745 esse
588 705 846 758 repetitam.»
904 705 1121 744 Mulierem
1152 718 1245 744 cum
1277 706 1445 746 emisset
1473 720 1496 746 a
1528 706 1779 753 sectoribus,
1811 719 1893 757 quo
1926 711 2025 745 tem-

277 780 378 820 pore
410 780 501 807 eam
531 766 709 819 primum
740 766 912 805 liberam
944 780 1035 806 esse
1067 765 1227 806 audivit
1257 767 1346 807 sine
1376 767 1532 807 iudicio
1563 767 1745 808 reddidit
1777 767 1889 806 Ceio.
1933 764 2024 806 463.

279 830 484 870 «Ennium
523 841 614 868 esse
653 828 880 881 quendam,
927 829 1044 869 cuius
1084 829 1193 867 bona
1232 834 1371 869 teneat
1407 830 1621 870 Habitus.»
1668 831 1742 869 Est
1770 829 1838 870 hic
1866 829 2025 869 Ennius

226 901 262 931 40
276 906 402 946 egens
433 890 601 945 quidam
640 890 934 937 calumniator,
970 891 1280 930 mercennarius
1312 891 1552 944 Oppianici,
1597 892 1667 946 qui
1699 890 1926 945 permultos
1955 903 2026 929 an-

274 968 352 994 nos
392 952 572 1007 quievit:
613 951 764 992 deinde
802 952 1030 1005 aliquando
1069 966 1161 992 cum
1193 953 1321 993 servis
1351 954 1491 994 Habiti
1522 954 1620 994 furti
1652 955 1757 1006 egit:
1802 965 1938 1005 nuper
1975 951 2026 991 ab

274 1017 365 1070 ipso
396 1015 548 1055 Habito
580 1019 723 1067 petere
755 1014 905 1067 coepit.
952 1014 1028 1053 Hic
1058 1014 1130 1053 illo
1162 1015 1320 1067 privato
1352 1016 1529 1063 iudicio,
1572 1016 1670 1056 mihi
1703 1017 1877 1063 credite,
1907 1014 2026 1054 vobis

274 1078 407 1118 isdem
437 1077 612 1117 fortasse
642 1076 855 1129 patronis,
887 1076 1136 1116 calumniam
1168 1090 1253 1116 non
1274 1077 1455 1130 effugiet.
1500 1080 1637 1132 Atque
1661 1078 1806 1125 etiam,
1836 1082 1882 1117 ut
1904 1077 2025 1116 nobis

272 1141 553 1186 renuntiatur,
591 1138 803 1178 hominem
841 1138 1067 1178 multorum
1096 1138 1326 1192 hospitem,
1366 1140 1600 1180 Ambivium
1633 1140 1862 1193 quendam,
1902 1153 2026 1193 copo-

222 1211 256 1242 45
273 1217 368 1244 nem
409 1202 458 1242 de
499 1201 565 1241 via
602 1201 772 1248 Latina,
811 1201 1070 1249 subornatis,
1112 1201 1185 1254 qui
1225 1201 1301 1240 sibi
1338 1214 1361 1241 a
1392 1202 1584 1242 Cluentio
1617 1202 1831 1255 servisque
1863 1202 1952 1242 eius
1982 1202 2025 1241 in

272 1267 443 1306 taberna
473 1277 546 1304 sua
576 1276 723 1302 manus
755 1262 899 1303 allatas
930 1275 1019 1302 esse
1051 1263 1173 1303 dicat.
1225 1263 1317 1311 Quo
1349 1264 1399 1304 de
1430 1264 1597 1304 homine
1630 1264 1734 1303 nihil
1761 1264 1884 1303 etiam
1915 1277 2025 1303 nunc

272 1329 410 1368 dicere
452 1327 570 1366 nobis
613 1330 675 1365 est
714 1338 897 1365 necesse.
958 1326 1001 1365 Si
1031 1325 1292 1373 invitaverit,
1336 1326 1377 1366 id
1409 1326 1520 1380 quod
1556 1327 1686 1374 solet,
1726 1326 1783 1365 sic
1812 1326 2024 1366 hominem

270 1391 541 1445 accipiemus,
571 1393 619 1428 ut
648 1388 822 1428 moleste
852 1387 957 1427 ferat
986 1400 1029 1427 se
1061 1387 1111 1426 de
1132 1387 1199 1427 via
1223 1388 1464 1428 decessisse.
1513 1385 1606 1427 1164.
1630 1388 1821 1436 Habetis,
1852 1388 2025 1435 iudices,

272 1468 379 1508 quae
413 1454 455 1493 in
485 1457 612 1492 totam
635 1464 802 1492 causam
824 1450 875 1490 de
905 1450 1089 1490 moribus
1111 1450 1158 1489 A.
1181 1450 1383 1498 Cluentii,
1415 1464 1538 1504 quem
1569 1451 1630 1489 illi
1660 1450 1911 1490 invidiosum
1934 1463 2024 1490 esse

220 1525 257 1555 20
270 1530 388 1557 reum
418 1516 589 1562 volunt,
629 1526 760 1554 annos
797 1518 890 1552 octo
921 1512 1107 1552 meditati
1139 1518 1401 1552 accusatores
1432 1512 1701 1565 collegerunt.
1752 1513 1885 1561 Quam
1916 1513 2025 1553 levia

271 1593 422 1632 genere
464 1578 581 1631 ipso!
622 1590 744 1630 quam
782 1575 887 1615 falsa
927 1574 994 1614 re!
1043 1587 1167 1627 quam
1206 1573 1347 1613 brevia
1378 1575 1607 1626 responsu!
1658 1576 1744 1614 LX.
1777 1575 2022 1628 Cognoscite

268 1655 379 1683 nunc
417 1640 480 1687 id,
524 1640 634 1693 quod
674 1638 725 1678 ad
767 1642 949 1677 vestrum
991 1637 1056 1676 ius
1087 1636 1307 1676 iurandum
1338 1636 1536 1688 pertinet,
1583 1636 1695 1690 quod
1726 1638 1851 1677 vestri
1882 1636 2022 1677 iudicii

269 1711 353 1752 est,
387 1703 499 1758 quod
530 1702 647 1742 vobis
679 1701 815 1741 oneris
846 1700 1041 1754 imposuit
1072 1713 1119 1739 ea
1149 1699 1239 1745 lex,
1277 1711 1358 1751 qua
1389 1698 1519 1738 coacti
1550 1698 1630 1737 huc
1662 1699 1940 1746 convenistis,
1971 1698 2022 1738 de

268 1766 509 1807 criminibus
540 1763 717 1804 veneni:
749 1768 793 1802 ut
823 1774 967 1801 omnes
998 1761 1255 1815 intelligant,
1288 1773 1413 1814 quam
1444 1761 1587 1813 paucis
1617 1761 1754 1801 verbis
1775 1762 1877 1802 haec
1899 1774 2023 1802 causa

219 1828 451 1882 25perorari
481 1826 665 1880 potuerit
695 1830 735 1865 et
765 1837 891 1878 quam
921 1824 1049 1864 multa
1078 1837 1102 1864 a
1132 1837 1197 1863 me
1229 1824 1337 1863 dicta
1371 1823 1473 1870 sint,
1505 1837 1612 1877 quae
1643 1824 1694 1863 ad
1724 1823 1848 1864 huius
1877 1824 2023 1864 volun-

268 1896 393 1931 tatem
423 1889 626 1935 maxime,
657 1887 709 1927 ad
739 1891 921 1927 vestrum
955 1886 1154 1926 iudicium
1191 1886 1361 1925 minime
1392 1886 1661 1938 pertinerent.

381 1948 473 1990 465.
505 1951 724 1991 Obiectum
755 1954 836 1996 est,
870 1948 912 1988 C.
944 1948 1109 1988 Vibium
1141 1948 1342 2001 Capacem
1373 1948 1423 1986 ab
1454 1947 1533 1987 hoc
1563 1948 1609 1987 A.
1635 1947 1827 1988 Cluentio
1857 1960 2019 1987 veneno

269 2027 359 2054 esse
391 2013 614 2053 sublatum.
664 2011 909 2064 Opportune
940 2009 1058 2050 adest
1088 2010 1211 2050 homo
1242 2023 1402 2050 summa
1432 2007 1512 2049 fide
1535 2014 1574 2049 et
1595 2009 1707 2049 omni
1729 2010 1877 2049 virtute
1905 2023 2024 2063 prae—

269 2077 402 2123 ditus,
442 2075 487 2114 L.
518 2073 770 2120 Plaetorius,
809 2078 998 2120 senator,
1040 2073 1113 2126 qui
1149 2073 1261 2112 illius
1292 2072 1401 2112 Vibii
1431 2072 1585 2125 hospes
1615 2072 1694 2112 fuit
1724 2077 1765 2112 et
1792 2072 2021 2112 familiaris.

219 2149 255 2178 30
268 2138 388 2191 Apud
419 2137 531 2177 hunc
562 2136 632 2176 ille
663 2137 816 2176 Romae
846 2135 1066 2182 habitavit,
1098 2135 1208 2188 apud
1238 2134 1347 2174 hunc
1376 2134 1621 2187 aegrotavit,
1663 2134 1787 2173 huius
1819 2134 1931 2173 domi
1963 2140 2024 2174 est

268 2205 468 2239 mortuus.
516 2197 612 2252 [«At
640 2199 761 2238 heres
793 2202 855 2238 est
877 2193 1148 2249 Cluentius.»]
1196 2198 1439 2237 lntestatum
1461 2197 1554 2236 dico
1584 2209 1675 2236 esse
1696 2200 1904 2236 mortuum
1925 2209 2023 2249 pos-

267 2261 583 2315 sessionemque
615 2261 703 2300 eius
735 2261 939 2300 bonorum
970 2273 1023 2299 ex
1054 2259 1189 2299 edicto
1216 2260 1418 2312 praetoris
1448 2259 1565 2306 huic,
1596 2258 1709 2298 illius
1741 2259 1894 2299 sororis
1924 2257 2022 2307 filio,

267 2322 521 2363 adolescenti
562 2322 870 2375 pudentissimo
913 2326 953 2361 et
991 2322 1034 2360 in
1073 2322 1217 2374 primis
1247 2322 1446 2369 honesto,
1486 2321 1615 2375 equiti
1654 2322 1840 2362 Romano
1872 2321 2021 2371 datam,

265 2385 464 2425 Numerio
497 2383 710 2432 Cluentio,
742 2397 865 2438 quem
896 2383 1060 2424 videtis.

216 2459 251 2488 35
378 2445 471 2487 466.
502 2446 690 2486 Alterum
719 2444 908 2486 veneficii
930 2447 1106 2493 crimen,
1140 2445 1371 2500 Oppianico
1393 2446 1489 2486 huic
1511 2446 1786 2494 adolescenti,
1818 2460 1911 2486 cum
1932 2446 2019 2487 eius

263 2511 307 2550 in
336 2509 490 2563 nuptiis
522 2521 638 2549 more
668 2509 925 2548 Larinatium
957 2508 1179 2548 multitudo
1203 2508 1419 2549 hominum
1441 2508 1680 2562 pranderet,
1711 2521 1918 2548 venenum
1937 2509 2021 2549 Ha-

262 2572 338 2612 biti
377 2571 550 2612 consilio
590 2576 802 2624 paratum:
843 2570 884 2610 id
923 2584 1015 2611 cum
1054 2571 1221 2611 daretur
1262 2571 1304 2611 in
1335 2571 1491 2618 mulso,
1531 2570 1765 2611 Balbutium
1796 2571 2018 2624 quendam,

349 2740 381 2771 2.
406 2739 503 2770 Floro
527 2738 547 2769 S
561 2738 596 2769 T.
617 2755 651 2759 —
680 2737 712 2770 4..
730 2737 815 2778 CCC]
833 2739 921 2769 nx
941 2740 983 2770 M.
998 2755 1032 2759 —-
1059 2741 1194 2769 cautum
1216 2737 1295 2768 satis
1312 2738 1332 2768 S
1345 2737 1386 2768 T:
1411 2737 1490 2767 satis
1512 2739 1645 2768 cautum
1662 2738 1686 2769 R
1700 2738 1727 2769 A
1740 2738 1763 2769 L
1777 2736 1797 2771 Q
1812 2739 1849 2770 Ο.
1869 2756 1903 2761 -
1929 2739 1959 2770 5.
1977 2739 2019 2770 li-

260 2788 442 2821 beralitatis
464 2789 498 2819 S.
515 2803 552 2809 —
578 2787 689 2819 debere
712 2788 732 2817 S
746 2788 770 2818 T
784 2786 822 2821 Q:
850 2788 956 2819 deberi·
982 2788 1002 2818 F
1015 2788 1047 2819 M
1060 2789 1084 2819 A
1097 2789 1139 2824 O:
1166 2787 1278 2819 debere
1300 2796 1332 2818 se
1348 2788 1429 2818 L.-
1457 2787 1487 2817 6.
1507 2786 1559 2818 Cei
1576 2788 1596 2818 S
1611 2788 1654 2818 T:
1682 2787 1744 2819 Gn.
1764 2789 1789 2819 R
1802 2788 1847 2825 A;
1874 2788 1951 2819 Celti
1975 2789 2015 2826 L;

260 2838 358 2871 Coelii
382 2836 421 2875 83
448 2837 548 2869 Caelii
571 2837 607 2868 Ο.
636 2854 670 2858 -
698 2838 728 2868 7.
755 2846 776 2868 a
800 2838 858 2869 ST
874 2839 915 2869 L:
942 2838 979 2869 do
1002 2838 1066 2869 ΗΑ
1082 2837 1153 2871 20.
1182 2855 1218 2860 —
1250 2838 1282 2869 8.
1307 2836 1412 2868 reddit
1435 2837 1467 2867 S.
1489 2854 1522 2858 —
1551 2836 1622 2868 Ceio
1647 2838 1725 2869 ST:
1763 2837 1833 2868 Celo
1856 2838 1906 2874 M;
1933 2838 2018 2869 Celio

260 2889 285 2919 A
301 2889 341 2924 L;
369 2887 474 2919 Coelio
497 2885 539 2923 83
571 2886 679 2918 Caelio
702 2887 739 2918 Ο.
768 2904 804 2909 -
832 2888 883 2918 40.
910 2888 1155 2918 mercennarius
1177 2888 1211 2927 S,
1236 2896 1268 2918 v.
1288 2896 1319 2918 c.
1345 2887 1377 2917 in
1402 2894 1471 2926 mg.
1498 2885 1537 2919 8:
1563 2887 1787 2918 mercenarius
1809 2886 1927 2918 ceteri.
1965 2887 2015 2918 Cf.

259 2946 323 2978 pro
341 2937 488 2969 Caecina
507 2936 537 2976 ἓ.
556 2936 607 2968 58.
629 2954 663 2957 —
691 2937 743 2967 Μ.
761 2937 863 2967 servis
886 2938 906 2967 S
920 2937 960 2968 T:
987 2945 1079 2968 servo
1095 2938 1119 2968 P.
1133 2939 1158 2968 A
1174 2938 1196 2968 L
1210 2933 1229 2969 ss
1243 2936 1279 2968 O.
1301 2953 1335 2957 —
1360 2936 1486 2976 furtum
1511 2938 1531 2967 S
1545 2937 1581 2968 T.
1603 2954 1638 2959 —
1669 2936 1720 2967 ⁴2.
1744 2935 1834 2967 vobis
1856 2937 1876 2967 S
1891 2937 1915 2968 T
1929 2937 1950 2968 F
1964 2937 2011 2968 M:

257 2986 348 3018 nobis
369 2988 396 3018 Α
410 2987 433 3017 L
447 2984 467 3018 Q
480 2986 517 3016 O.
535 3002 569 3007 —-
598 2985 649 3017 44.
675 2986 829 3025 hospitem
853 2987 873 3017 S
888 2987 930 3017 T:
956 2986 1118 3025 hospitum
1141 2987 1163 3017 F
1176 2987 1245 3018 MA
1259 2986 1282 3017 L
1296 2982 1315 3017 53.
1331 2985 1369 3016 O.
1385 3003 1416 3008 —
1444 2985 1628 3016 Ambivium
1651 2986 1691 3017 T:
1717 2985 1754 3016 Α.
1773 2985 1903 3015 Bivium
1926 2986 1947 3016 S
1964 2986 2014 3022 M:

257 3036 295 3068 A.
321 3035 470 3067 Brivium
493 3035 515 3066 F
528 3035 573 3073 A3
597 3035 635 3066 A.
651 3035 806 3067 Binnium
829 3033 937 3067 [ΒΟ.
967 3052 1002 3058 -
1028 3044 1209 3076 cauponem
1233 3035 1268 3066 L.
1297 3051 1332 3056 —-
1359 3034 1410 3065 49.
1437 3043 1572 3066 cansam
1596 3035 1671 3066 ST:
1695 3034 1797 3064 vitam
1820 3034 1924 3065 RAL
1939 3033 1959 3068 8
1975 3036 2014 3065 O.

262 3103 297 3108 —
323 3086 362 3117 de
382 3084 538 3126 moribus]
562 3087 591 3115 ct
612 3093 718 3116 mores
740 3086 777 3117 L.
795 3103 830 3107 —
856 3094 922 3117 esse
944 3094 1037 3117 reum
1059 3086 1170 3117 volunt
1186 3085 1260 3115 ST:
1286 3091 1378 3114 reum
1400 3084 1511 3115 volunt
1536 3092 1600 3115 esse
1615 3084 1639 3115 R
1653 3081 1751 3116 ALQ
1766 3083 1802 3114 O.
1823 3100 1857 3105 —
1883 3083 1937 3114 Ἥ.
1962 3092 2016 3115 re-

258 3143 373 3174 sponso
397 3137 417 3167 S
431 3136 471 3173 T3
497 3142 653 3174 responsa
669 3135 782 3166 ΓΑ.ἡ
809 3136 861 3167 ⁶27.
889 3135 922 3167 C.
942 3144 1011 3167 om.
1031 3135 1100 3166 ST.
1123 3153 1157 3157 —-
1185 3133 1410 3173 Cappadocem
1434 3134 1508 3172 ST3
1536 3134 1721 3172 Cauponem
1744 3133 1783 3163 A.
1803 3151 1837 3155 -—
1864 3133 1918 3164 ⁶29.
1940 3141 2014 3172 pre-

259 3184 362 3215 torius
384 3185 465 3221 ST:
496 3184 652 3215 Pictor-ius
674 3186 713 3216 A.
742 3202 776 3206 —
807 3185 888 3216 Vibii
916 3185 1011 3226 (uibi)
1035 3185 1109 3216 ST:
1143 3182 1264 3223 capaci
1296 3183 1317 3213 F
1328 3182 1376 3220 M;
1409 3182 1574 3222 Cauponis
1596 3184 1639 3219 A}
1673 3182 1813 3221 Capacis
1839 3180 1945 3214 Lsso.
1975 3200 2010 3204 -—

260 3232 312 3263 31.
337 3232 452 3264 Verba
482 3233 580 3264 uncis
604 3232 735 3265 inclusa
760 3242 829 3265 om.
856 3234 914 3265 ST
930 3234 950 3265 F
964 3234 1001 3265 A.
1031 3249 1066 3256 -
1097 3233 1138 3265 At
1162 3241 1244 3264 eum
1269 3231 1347 3263 Car.
1373 3233 1548 3273 Stephano
1580 3232 1660 3263 LO:
1693 3235 1751 3262 aui
1781 3232 1829 3269 M;
1865 3231 1955 3263 haud
1977 3229 2009 3263 53.

263 3299 298 3303 —
330 3281 382 3313 32.
407 3291 450 3314 ea:
473 3282 574 3314 edicto
595 3283 759 3321 praetoris
782 3283 857 3314 ST:
890 3282 1057 3322 praetoris
1079 3282 1180 3314 edicto
1204 3282 1285 3322 (om.
1311 3282 1362 3320 eas)
1389 3283 1414 3314 R
1428 3280 1575 3316 ΑιὲΟ.
1604 3298 1641 3304 —
1676 3281 1751 3313 huic
1775 3289 1843 3313 om.
1870 3281 1944 3313 FA.
1973 3297 2006 3302 —

260 3329 313 3362 33.
333 3332 585 3371 prudentissimo
608 3331 642 3365 8.
671 3349 707 3355 -
733 3332 785 3364 37.
810 3331 999 3364 Babuttz‘um
1022 3332 1099 3371 ST3
1124 3330 1325 3364 Balbumum
1348 3332 1390 3363 M.
