2175 3718
584 237 676 277 Lm.
706 235 737 274 Ι.
779 234 875 276 Cu.
906 234 1177 275 ΧΧ-ΧΧΙ.
1212 233 1287 288 §S-
1317 233 1508 277 50-57.
1846 235 1928 278 447

168 348 408 390 hominibus
438 348 481 388 iu
511 346 757 401 proverbio,
789 360 915 400 quem
947 347 1086 387 omnia
1117 347 1229 386 intus
1261 359 1409 386 canere
1441 346 1656 395 dicebant,
1689 349 1857 389 sustulit
1887 355 1928 390 et

168 412 210 452 in
241 411 398 452 intimis
429 411 513 451 suis
543 409 717 450 aedibus
749 410 911 461 posuit,
944 416 990 449 ut
1019 410 1143 449 etiam
1175 409 1291 448 illum
1324 408 1461 461 ipsum
1493 422 1569 449 suo
1596 409 1771 451 artificio
1803 425 1927 464 supe-

166 488 280 515 rasse
311 475 513 515 videatur.
559 469 624 510 54.
656 472 808 523 Pergae
840 471 982 510 sanum
1013 470 1355 524 antiquissimum
1379 475 1420 509 et
1440 471 1747 512 sanctissimum
1770 474 1926 512 Dianae

167 537 322 577 scimus
353 548 456 575 esse.
507 533 551 573 ld
583 546 753 586 quoque
785 546 808 572 a
840 539 877 572 te
909 532 1111 572 nudatum
1145 546 1191 571 ac
1215 532 1442 583 spoliatum
1465 546 1578 579 esse,
1612 546 1663 572 ex
1686 534 1775 585 ipsa
1795 536 1926 574 Diana

168 600 282 653 quod
312 597 490 638 habebat
518 594 607 635 auri
640 595 871 634 detractum
904 600 1030 647 atque
1061 594 1247 634 ablatum
1277 608 1368 635 esse
1401 595 1508 635 dico.
1571 595 1710 643 Quae,
1751 598 1958 638 mammis

167 667 229 702 est
264 662 343 702 ista
381 664 491 700 tanta
523 657 698 697 audacia
729 663 856 710 atque
889 657 1101 696 amentia?
1148 670 1253 709 quas
1285 657 1397 697 enim
1428 658 1639 697 sociorum
1671 663 1797 711 atque
1828 660 1928 698 ami-

167 738 310 764 corum
339 722 462 762 urbes
493 719 615 760 adisti
649 719 873 771 legationis
905 720 994 759 iure
1025 724 1063 758 et
1096 719 1289 767 nomine,
1322 719 1355 759 si
1387 720 1430 759 in
1462 732 1532 760 eas
1553 720 1593 760 vi
1626 734 1720 760 cum
1743 722 1928 760 exercitu

166 785 426 838 imperioque
457 781 704 828 invasisses,
747 786 908 827 tamen,
950 781 1122 833 opinor,
1153 794 1260 833 quae
1292 781 1410 834 signa
1443 787 1570 835 atque
1602 788 1846 822 ornamenta
1877 797 1928 822 ex

165 847 215 887 iis
245 846 418 886 urbibus
456 842 722 889 sustulisses‚
763 843 865 882 haec
908 857 992 883 non
1024 843 1067 882 in
1101 848 1211 882 tuam
1243 844 1414 883 domum
1445 857 1584 897 neque
1616 845 1658 883 in
1690 845 1927 885 suburbana

164 908 416 953 amicorum,
456 905 529 946 sed
571 906 745 945 Romam
787 906 828 944 in
877 906 1089 958 publicum
1122 904 1402 956 deportasses.
1462 907 1575 946 XXI.
1606 904 1672 946 55.
1706 908 1817 955 Quid
1851 922 1927 961 ego
1946 925 1979 954 ιο

165 971 216 1011 de
245 971 300 1011 Μ.
321 967 516 1010 Marcello
538 967 708 1020 loquar,
741 967 812 1020 qui
837 967 1086 1020 Syracusas,
1120 967 1265 1006 urbem
1288 969 1620 1017 ornatissimam,
1653 970 1794 1023 cepit?
1828 971 1929 1024 quid

165 1033 216 1073 de
246 1033 291 1073 L.
324 1031 545 1084 Scipione,
578 1029 649 1082 qui
680 1029 839 1068 bellum
871 1029 913 1068 in
944 1029 1043 1069 Asia
1073 1029 1201 1081 gessit
1222 1030 1584 1084 Antiochumque,
1615 1045 1755 1085 regem
1782 1039 1930 1085 poten-

164 1095 396 1141 tissimum,
436 1092 564 1132 vicit?
609 1091 709 1145 quid
742 1092 792 1130 de
824 1092 1084 1138 Flaminino,
1117 1091 1190 1144 qui
1221 1105 1362 1144 regem
1393 1093 1636 1147 Philippum
1667 1099 1707 1134 et
1736 1095 1930 1136 Macedo-

165 1157 276 1197 niam
308 1155 499 1208 subegit?
531 1154 632 1208 quid
663 1153 714 1193 de
746 1154 791 1192 L.
824 1153 991 1200 Paullo,
1023 1153 1095 1206 qui
1128 1166 1268 1205 regem
1301 1155 1455 1194 Persen
1487 1156 1527 1195 vi
1558 1170 1606 1196 ac
1629 1156 1781 1197 virtute
1806 1172 1930 1211 supe-

164 1219 304 1260 ravit?
347 1218 447 1272 quid
491 1217 541 1257 de
575 1217 618 1256 L.
650 1216 875 1263 Mummio,
918 1216 989 1269 qui
1020 1216 1165 1255 urbem
1199 1216 1524 1268 pulcherrimam
1554 1224 1682 1273 atque
1714 1221 1980 1264 ornatissi-t5

166 1294 296 1328 mam,
320 1279 577 1325 Corinthum,
609 1278 897 1330 plenissimam
921 1292 1060 1318 rerum
1084 1278 1269 1317 omnium
1285 1308 1295 1325 ,
1327 1280 1497 1319 sustulit
1517 1281 1728 1335 urbesque
1748 1283 1930 1324 Achaiae

166 1342 449 1394 Boeotiaeque
479 1341 630 1380 multas
662 1339 739 1379 sub
770 1340 992 1392 imperium
1033 1340 1179 1392 populi
1219 1341 1395 1380 Romani
1435 1341 1727 1398 ditionemque
1759 1345 1932 1385 subiun-

165 1405 259 1444 xit?
300 1416 479 1458 quorum
522 1403 670 1443 domus
701 1416 795 1442 cum
825 1403 986 1442 honore
1018 1416 1065 1442 ac
1095 1403 1249 1442 virtute
1280 1404 1501 1452 florerent,
1545 1405 1677 1458 signis
1709 1412 1750 1447 et
1779 1408 1932 1448 tabulis

165 1466 287 1519 pictis
319 1470 437 1505 erant
465 1478 634 1506 vacuae.
684 1464 736 1503 At
766 1477 864 1504 vero
888 1466 1033 1505 urbem
1054 1470 1184 1505 totam
1220 1466 1462 1520 templaque
1493 1466 1669 1508 deorum
1699 1482 1932 1523 omnesque

164 1529 307 1569 Italiae
338 1533 477 1581 partes
509 1527 675 1567 illorum
709 1527 830 1566 donis
861 1540 909 1567 ac
940 1528 1224 1568 monumentis
1256 1535 1480 1570 exornatas
1508 1530 1713 1572 videmus.
1764 1531 1830 1572 56.
1852 1534 1933 1572 Ve-
1946 1548 1982 1577 ρο

164 1603 260 1630 reor
314 1604 366 1630 ne
408 1590 512 1630 haec
552 1589 659 1629 forte
701 1588 887 1641 cuipiam
925 1590 1047 1630 nimis
1080 1590 1254 1644 antiqua
1284 1596 1326 1631 et
1354 1591 1437 1632 iam
1470 1593 1661 1634 obsoleta
1690 1595 1932 1636 videantur:

165 1653 221 1692 ita
250 1652 361 1692 enim
392 1657 479 1692 tum
510 1651 786 1705 aequabiliter
817 1665 960 1691 omnes
998 1657 1116 1692 erant
1147 1652 1377 1700 eiusmodi,
1418 1658 1465 1693 ut
1493 1654 1598 1694 haec
1628 1655 1721 1696 laus
1753 1657 1932 1698 eximiae

165 1714 331 1754 virtutis
379 1719 420 1754 et
463 1714 729 1753 innocentiae
747 1730 757 1743 -·
774 1727 859 1753 non
906 1714 1042 1754 solum
1080 1714 1317 1763 hominum,
1364 1730 1510 1757 verum
1541 1717 1665 1757 etiam
1696 1724 1932 1772 temporum

166 1777 334 1816 illorum
366 1790 457 1817 esse
488 1775 691 1816 videatur.
751 1777 794 1815 P.
825 1776 1046 1824 Servilius,
1078 1776 1140 1815 vir
1172 1777 1451 1826 clarissimus,
1481 1780 1677 1821 maximis
1708 1783 1832 1823 rebus
1863 1797 1933 1836 ge-

168 1838 242 1878 stis
274 1839 391 1878 adest
421 1838 471 1878 de
503 1844 542 1878 te
575 1839 824 1878 sententiam
857 1838 1034 1878 laturus:
1079 1839 1302 1892 Olympum
1335 1840 1397 1887 vi,
1430 1841 1584 1894 copiis,
1617 1844 1818 1893 consilio,
1850 1846 1932 1886 vir·
1947 1859 1982 1888 25

168 1905 255 1940 tute
287 1900 418 1952 cepit,
448 1900 594 1939 urbem
624 1901 839 1953 antiquam
870 1906 910 1940 et
953 1901 1147 1940 omnibus
1178 1901 1303 1941 rebus
1335 1908 1499 1943 auctam
1531 1909 1572 1944 et
1602 1911 1803 1947 ornatam.
1853 1909 1933 1948 Re-

169 1974 266 2001 cens
298 1961 535 2014 exemplum
565 1960 781 2001 fortissimi
813 1962 889 2001 viri
921 1961 1102 2014 profero.
1154 1963 1257 2000 Nam
1288 1969 1437 2015 postea
1469 1964 1673 2006 Servilius
1702 1968 1932 2021 imperator

169 2023 314 2076 populi
353 2023 529 2063 Romani
567 2023 817 2077 Olympum,
862 2023 1007 2064 urbem
1041 2023 1247 2071 hostium,
1296 2027 1428 2078 cepit,
1475 2040 1601 2080 quam
1632 2032 1677 2068 tu
1714 2029 1759 2069 in
1798 2031 1930 2071 isdem

168 2084 252 2125 illis
294 2085 397 2125 locis
437 2085 598 2138 legatus
639 2087 905 2139 quaestorius
937 2086 1092 2139 oppida
1121 2091 1270 2140 pacata
1299 2088 1512 2129 sociorum
1542 2095 1668 2143 atque
1699 2093 1930 2134 amicorum

168 2145 402 2199 diripienda
432 2159 479 2186 ac
509 2147 700 2187 vexanda
731 2148 899 2188 curasti.
961 2147 1027 2187 57.
1060 2150 1122 2188 Tu
1154 2162 1261 2203 quae
1293 2162 1346 2189 ex
1377 2150 1486 2190 fanis
1507 2151 1835 2204 religiosissimis
1855 2169 1931 2208 per
1944 2171 1980 2201 30

167 2207 304 2248 scelus
335 2213 378 2248 et
406 2207 670 2249 latrocinium
700 2210 935 2258 abstulisti,
967 2224 1016 2251 ea
1046 2224 1123 2250 nos
1153 2211 1295 2251 videre
1326 2212 1407 2252 nisi
1439 2213 1481 2252 in
1508 2214 1591 2254 tuis
1611 2215 1929 2270 amicorumque

165 2274 334 2310 tuorum
364 2270 484 2311 tectis
514 2285 599 2311 non
630 2285 881 2325 possumus:
913 2274 955 2313 P.
979 2274 1204 2321 Servilius,
1236 2288 1344 2328 quae
1376 2276 1495 2329 signa
1523 2282 1652 2332 atque
1684 2284 1931 2320 ornamenta

165 2344 218 2372 ex
256 2332 358 2372 urbe
399 2331 585 2373 hostium
623 2334 663 2373 vi
704 2339 745 2374 et
785 2334 938 2374 virtute
971 2342 1093 2389 capta
1122 2336 1223 2375 belli
1254 2336 1345 2389 lege
1377 2342 1502 2391 atque
1534 2338 1807 2392 imperatorio
1839 2342 1929 2381 iure

165 2394 356 2442 sustulit,
388 2407 438 2435 ea
467 2396 624 2449 populo
656 2397 843 2437 Romano
866 2399 1127 2451 apportavit,
1159 2411 1234 2451 per
1254 2399 1514 2452 triumphum
1534 2401 1668 2450 vexit,
1701 2403 1741 2442 in
1767 2404 1929 2444 tabulas

165 2455 353 2509 publicas
383 2456 437 2497 ad
467 2458 675 2498 aerarium
695 2459 993 2511 perscribenda
1015 2461 1186 2500 curavit.
1229 2460 1480 2514 Cognoscite
1503 2476 1555 2502 ex
1575 2463 1725 2505 litteris
1747 2465 1928 2517 puhlicis
1943 2483 1979 2512 35

163 2517 347 2558 hominis
377 2519 623 2572 amplissimi
656 2521 931 2574 diligentiam.
980 2523 1136 2562 Recita.
1188 2523 1399 2564 Rfflomzs
1430 2538 1620 2566 RELATAE
1652 2527 1694 2566 P.
1727 2527 1927 2568 SERVILI!-

162 2580 257 2619 Non
287 2579 424 2621 solum
453 2594 675 2622 numerum
705 2583 934 2636 signorum,
966 2585 1038 2625 sed
1061 2585 1184 2624 etiam
1205 2585 1332 2626 unius
1355 2587 1561 2642 cuiusque
1582 2590 1927 2642 magnitudinem,

162 2639 356 2697 figuram,
387 2648 540 2685 statum
570 2645 719 2686 litteris
752 2645 916 2686 definiri
946 2646 1078 2687 vides.
1124 2646 1242 2687 Certe
1272 2647 1407 2688 maior
1437 2654 1500 2689 est
1519 2650 1684 2690 virtutis
1705 2651 1927 2691 victoriae-

249 2803 278 2835 4.
304 2802 489 2836 affininibus
512 2803 558 2836 G3
571 2814 604 2844 ς.
634 2823 668 2829 -
703 2806 1027 2846 quem--dicebanc
1059 2807 1154 2838 Serv.
1181 2808 1225 2840 ad
1250 2809 1336 2840 Aen.
1362 2809 1402 2840 V.
1430 2809 1504 2841 ς203.
1535 2827 1568 2832 -
1596 2810 1626 2841 2.
1654 2810 1787 2851 intimis]
1811 2811 1927 2843 vicinis

162 2853 222 2886 64.
249 2870 285 2875 -
309 2863 369 2888 suo
392 2854 484 2895 artis.
511 2856 552 2886 64
572 2856 648 2895 Ξςε
681 2860 747 2888 arc.
773 2865 831 2888 suo
855 2857 918 2888 dtt.
945 2857 1004 2894 0.;
1037 2866 1096 2889 suo
1119 2865 1189 2889 om.
1215 2859 1253 2889 A.
1283 2874 1318 2881 —
1347 2859 1377 2890 7.
1403 2858 1430 2889 si
1454 2860 1489 2890 in
1512 2859 1577 2901 eas]
1611 2860 1690 2899 quin
1714 2869 1769 2892 eas
1792 2862 1833 2892 Gt
1853 2862 1923 2900 ⁵2;;

160 2911 262 2944 quam
284 2912 340 2935 eas
362 2903 443 2942 Ld.;
478 2913 553 2936 cum
575 2905 609 2937 in
633 2915 688 2937 eas
709 2905 760 2938 Kl.
789 2924 821 2928 —
851 2907 881 2939 8.
908 2907 1016 2948 alque]
1041 2911 1071 2938 et
1095 2916 1180 2947 quae
1203 2907 1300 2948 6Ξς;
1338 2911 1368 2940 et
1391 2909 1450 2940 64.
1486 2910 1529 2940 At
1553 2909 1595 2940 cf.
1622 2909 1652 2950 g.
1679 2910 1732 2941 57.
1761 2928 1796 2932 -
1823 2919 1865 2941 ex
1887 2911 1928 2942 iis

161 2945 250 2988 eoni.
272 2952 431 2994 Zumpt.:
457 2963 500 2985 ea:
521 2954 590 2986 iscis
613 2955 683 2993 G23
718 2965 760 2987 ea:
782 2956 831 2987 his
854 2956 918 2987 dtt.
945 2957 981 2987 O.
1017 2974 1051 2978 -
1085 2957 1114 2988 9.
1141 2957 1220 2988 haec
1236 2974 1253 2980 -
1268 2974 1286 2979 —
1302 2957 1504 2997 ‹tepor-[asses
1525 2960 1626 2990 Arus.
1653 2960 1695 2990 M.
1722 2968 1755 3000 p.
1783 2959 1856 2991 225.
1887 2976 1922 2983 -

161 3001 214 3034 43.
240 3001 278 3034 de
298 3002 462 3034 Flaminio
479 3003 576 3035 multi
594 3004 698 3037 codd.
719 3023 754 3027 —
783 3005 834 3038 44.
860 3006 963 3037 Paulo
988 3006 1028 3037 64
1048 3006 1067 3037 ⁵2.
1081 3006 1170 3046 Lg29
1195 3006 1241 3038 al.
1263 3024 1298 3028 —
1326 3008 1378 3038 47.
1397 3007 1454 3038 sub
1476 3008 1556 3047 imp.
1575 3024 1623 3031 --
1638 3008 1807 3040 subiunxit
1821 3011 1923 3042 Arus.

157 3050 203 3083 M.
228 3059 264 3092 p.
289 3051 366 3084 263.
394 3069 430 3075 —-
457 3052 508 3085 48.
534 3062 575 3084 ac
596 3055 673 3085 virt.
701 3056 741 3086 64
762 3055 942 3095 engw:
975 3058 1004 3087 ec
1025 3056 1102 3088 virt.
1129 3055 1191 3088 dtt.
1219 3057 1256 3087 Ο.
1283 3055 1359 3088 coll.
1387 3056 1419 3097 ἓ.
1445 3058 1499 3088 57.
1530 3075 1565 3079 -
1591 3057 1644 3089 49.
1670 3059 1854 3098 templaque
1878 3060 1918 3091 64

158 3099 341 3141 25Lg‘29:
367 3101 487 3141 templa
511 3102 573 3134 dtt.
600 3104 637 3136 O.
666 3120 701 3127 —
730 3105 781 3137 24.
807 3106 891 3146 forte
915 3113 984 3137 om.
1012 3106 1071 3138 64.
1101 3124 1133 3129 -
1162 3106 1310 3146 cuipiam
1333 3107 1374 3138 64
1399 3117 1421 3146 ς
1443 3107 1524 3148 ng.
1552 3115 1686 3139 omnes.
1713 3108 1745 3140 S.
1773 3108 1879 3140 Prisc.
1897 3109 1922 3140 Ι,

158 3157 194 3191 p.
219 3147 305 3182 468:
331 3151 465 3191 cupiam
487 3152 557 3190 G2;
583 3153 739 3194 cuiquam
761 3153 803 3186 al.
832 3171 868 3177 -
897 3155 950 3186 ⁶2⁵2..
976 3155 1160 3195 aequaliter
1183 3157 1243 3187 64.
1272 3173 1308 3178 —-
1334 3156 1491 3188 eiusmodi
1514 3158 1556 3189 64
1575 3155 1697 3197 ng42
1714 3157 1778 3188 Α.;
1803 3157 1854 3188 vel
1868 3157 1927 3188 lm-

158 3198 299 3234 iusmodt'
319 3200 393 3240 G23
417 3201 468 3234 vel
490 3202 646 3235 eiusmodi
669 3204 741 3243 Ld3
766 3204 952 3236 huiusmodi
975 3203 1038 3236 dtt.
1059 3205 1097 3236 Ο.
1119 3223 1154 3227 -
1180 3205 1234 3236 25.
1261 3204 1391 3236 laturus
1413 3206 1495 3244 63ς
1517 3206 1536 3237 2
1556 3205 1658 3237 codd.
1683 3204 1762 3236 Lbi:
1797 3206 1927 3238 laturus

159 3251 206 3281 est
241 3247 303 3281 dtt.
329 3250 367 3283 Ο.
401 3267 437 3274 -
471 3251 646 3292 Olympum
675 3254 849 3286 Manutius
881 3263 923 3286 ex
950 3254 1050 3285 Asc.:
1099 3254 1273 3294 Olynthum
1304 3255 1408 3288 codd.
1442 3274 1478 3279 —
1514 3256 1567 3288 29.
1599 3255 1662 3286 illis
1693 3263 1763 3287 om.
1790 3256 1836 3288 (32
1860 3256 1922 3289 Lb.

162 3296 257 3335 4584.
285 3316 321 3322 -
346 3299 399 3333 34.
416 3303 448 3334 et
458 3309 522 3342 per
543 3302 659 3335 latroc.
686 3303 747 3336 dtt.
766 3304 803 3335 O.
825 3321 860 3326 ——
887 3303 939 3336 33.
964 3304 997 3335 vi
1014 3313 1083 3337 om.
1103 3306 1144 3337 64
1166 3306 1196 3337 2.
1223 3305 1265 3338 cf.
1284 3305 1315 3348 S.
1333 3306 1385 3338 55.
1408 3324 1444 3330 -
1470 3306 1523 3339 34.
1541 3307 1576 3338 in
1592 3305 1711 3338 tabulis
1725 3304 1868 3345 publicis
1884 3307 1920 3339 C.

164 3363 201 3369 —
225 3346 278 3380 36.
301 3349 618 3386 recitans-milii
640 3361 711 3386 om.
738 3353 809 3393 G33
835 3352 978 3387 seclusit
1001 3354 1138 3396 Zumpt.
