2127 3708
643 238 739 280 en.
769 238 936 278 xm-
951 237 1042 279 xv.
1079 234 1153 291 §§·
1182 234 1237 277 40
1248 258 1303 268 -
1315 235 1382 277 48.
1807 235 1887 278 443

142 352 327 393 facturus
358 351 430 399 sit,
469 354 516 391 ut
545 349 673 402 eligas
703 354 841 390 utrum
871 350 1001 390 velis:
1041 349 1195 389 factum
1226 362 1316 389 esse
1347 361 1502 396 necne;
1538 362 1680 389 verum
1712 363 1802 390 esse
1833 363 1886 390 an

142 413 315 462 falsum3
346 418 483 454 utrum
505 412 681 459 dixeris,
713 411 753 450 id
786 417 929 451 contra
960 417 998 452 te
1024 411 1222 451 futurum.
1271 412 1352 459 Qui
1375 411 1449 450 tibi
1471 416 1631 458 aestus,
1667 412 1737 464 qui
1760 426 1886 459 error,

142 489 249 530 quae
280 477 496 523 tenebrae,
528 475 568 514 di
598 474 872 514 immortalesl
905 480 1046 521 erunt,
1077 474 1236 513 homini
1265 474 1434 513 minime
1455 472 1588 513 maloi
1621 474 1761 520 Quid-2
1794 489 1886 514 cum

142 538 420 579 accusationis
460 542 554 577 tuae
591 536 774 576 membra
815 536 1000 576 dividere
1039 537 1225 589 coeperit
1261 541 1301 576 et
1342 537 1384 575 in
1416 535 1556 588 digitis
1588 535 1672 575 suis
1703 536 1888 588 singulas

141 606 280 654 partes
312 612 459 641 causae
490 598 773 638 constituere?
819 598 958 646 Quid?
1002 611 1095 638 cum
1124 598 1445 652 unumquidque
1476 598 1727 650 transigere,
1764 612 1889 651 expe·
1920 611 1938 639 5

143 663 253 711 dire,
284 663 525 704 absolvere?
563 661 656 714 Ipse
688 660 874 714 profecto
906 665 1088 700 metuere
1119 661 1309 714 incipies,
1340 674 1392 700 ne
1413 661 1626 701 innocenti
1656 660 1888 713 periculum

143 725 372 766 facesseris.
430 721 496 763 46.
528 722 671 771 Quid?
712 737 804 763 cum
845 723 1150 770 commiserari,
1193 723 1396 777 conqueri
1439 727 1480 762 et
1509 736 1562 763 ex
1591 721 1702 761 illius
1733 722 1890 761 invidia

144 788 369 827 deonerare
409 785 568 839 aliquid
608 789 648 824 et
687 785 730 824 in
760 790 811 825 te·
830 786 1021 825 traiicere
1053 786 1257 839 coeperit,
1299 798 1623 825 commemorare
1655 784 1889 837 quaestoris

143 863 236 889 cum
266 852 457 902 praetore
487 847 837 887 necessitudinem
868 848 1156 895 constitutam,
1197 861 1353 888 morem
1384 848 1612 895 maiorum,
1643 847 1765 886 sortis
1796 846 1891 885 reli-

142 912 329 965 gionem,
369 910 579 964 poterisne
620 909 711 949 eius
749 910 952 950 orationis
990 910 1129 950 subire
1168 911 1395 951 invidiam?
1442 910 1548 951 Vide
1579 909 1726 949 modo:
1767 909 1890 949 etiam
1909 920 1939 949 10

142 978 267 1027 atque
305 973 430 1012 etiam
461 971 694 1012 considera.
743 972 847 1011 Mihi
878 972 989 1011 enim
1018 972 1183 1012 videtur
1212 973 1446 1026 periculum
1475 972 1585 1020 fore,
1624 986 1676 1012 ne
1706 972 1776 1012 ille
1806 984 1891 1010 non

142 1035 266 1075 modo
311 1034 447 1076 verbis
490 1039 529 1074 te
565 1034 734 1081 obruat,
778 1033 851 1074 sed
891 1039 1011 1087 gestu
1049 1034 1141 1087 ipso
1173 1048 1220 1075 ac
1250 1041 1367 1076 motu
1398 1035 1585 1088 corporis
1615 1033 1893 1088 praestringat

142 1097 274 1137 aciem
318 1096 477 1150 ingenii
521 1096 582 1136 tui
627 1101 755 1149 teque
800 1096 850 1136 ab
890 1096 1089 1136 institutis
1127 1097 1208 1137 tuis
1249 1098 1659 1151 cogitationibusque
1700 1097 1890 1137 abducat.

142 1157 208 1199 47.
239 1160 376 1213 Atque
406 1159 582 1199 huiusce
623 1159 682 1198 rei
718 1157 919 1198 iudicium
950 1159 1031 1198 iam
1063 1160 1262 1199 continuo
1293 1161 1415 1200 video
1446 1160 1645 1200 futurum.
1705 1159 1748 1198 Si
1780 1159 1891 1198 enim

143 1221 244 1261 mihi
273 1221 401 1261 hodie
430 1221 685 1274 respondere
716 1221 767 1260 ad
797 1220 922 1268 haec,
964 1234 1071 1274 quae
1103 1221 1219 1269 dico,
1260 1222 1470 1275 potueris;
1512 1223 1546 1262 si
1578 1222 1628 1262 ab
1658 1221 1738 1261 isto
1769 1221 1890 1268 libro,
1906 1232 1941 1261 45

143 1297 268 1338 quem
306 1284 381 1324 tibi
419 1283 616 1336 magister
653 1282 740 1322 ludi
779 1283 920 1323 nescio
953 1284 1024 1337 qui
1061 1296 1113 1323 ex
1142 1283 1292 1323 alienis
1324 1284 1582 1324 orationibus
1614 1284 1892 1337 compositum

143 1347 276 1395 dedit,
305 1346 432 1387 verbo
462 1358 547 1385 uno
579 1345 843 1393 discesseris3
874 1359 998 1398 posse
1030 1350 1070 1386 te
1102 1351 1142 1386 et
1172 1346 1232 1386 illi
1256 1360 1426 1400 quoque
1455 1347 1611 1387 iudicio
1640 1359 1726 1386 non
1748 1347 1892 1386 deesse

143 1413 183 1449 et
228 1421 376 1449 causae
416 1411 542 1461 atque
579 1405 717 1447 officio
748 1412 821 1447 tuo
853 1408 954 1448 satis
989 1407 1126 1448 facere
1157 1408 1410 1449 arbitrabor:
1457 1409 1522 1449 siu
1551 1422 1713 1449 mecum
1744 1410 1787 1449 in
1816 1409 1893 1450 hac

142 1471 386 1525 prolusione
415 1470 523 1510 nihil
550 1469 699 1517 fueris,
731 1483 855 1523 quem
886 1475 926 1511 te
956 1471 1000 1511 in
1029 1471 1122 1525 ipsa
1150 1484 1291 1525 pugna
1314 1485 1409 1512 cum
1430 1472 1633 1512 acerrimo
1654 1472 1893 1514 adversario

142 1534 232 1574 fore
262 1534 486 1587 putemus?
1907 1545 1944 1575 20

253 1596 343 1636 XV.
372 1596 496 1635 Esto:
535 1594 626 1648 ipse
665 1594 771 1635 nihil
801 1600 884 1644 est,
924 1595 1028 1636 nihil
1058 1601 1219 1650 potest:
1260 1602 1302 1637 at
1330 1597 1445 1638 venit
1472 1602 1642 1651 paratus
1675 1611 1768 1638 cum
1799 1598 1896 1638 sub-

142 1659 413 1712 scriptoribus
443 1657 680 1698 exercitatis
711 1663 753 1698 et
783 1659 962 1699 disertis.
1019 1659 1095 1699 Est
1124 1664 1263 1700 tamen
1292 1659 1373 1700 hoc
1403 1660 1585 1714 aliquid,
1615 1661 1780 1701 tametsi
1809 1674 1896 1700 non

142 1726 204 1762 est
234 1721 346 1762 satis.
406 1719 610 1760 Omnibus
642 1720 755 1760 enim
784 1721 908 1761 rebus
939 1722 996 1770 is,
1029 1722 1102 1776 qui
1132 1723 1327 1776 princeps
1357 1723 1401 1762 in
1422 1724 1583 1776 agendo
1607 1728 1689 1772 est,
1720 1723 1897 1763 ornatis·-

143 1784 271 1824 simus
301 1788 342 1824 et
369 1783 656 1837 paratissimus
678 1796 771 1823 esse
793 1783 929 1824 debet.
976 1785 1130 1825 Verum
1151 1791 1290 1826 tamen
1316 1787 1362 1826 L.
1383 1786 1638 1839 Appuleium
1660 1799 1751 1826 esse
1771 1786 1896 1826 video

143 1846 381 1899 proximum
419 1845 766 1898 subscriptorem,
803 1845 1016 1887 hominem
1056 1860 1142 1887 non
1172 1852 1330 1896 aetate,
1371 1849 1444 1888 sed
1474 1862 1554 1888 usu
1583 1847 1740 1888 forensi
1770 1853 1896 1901 atque
1910 1858 1947 1888 25

144 1907 444 1947 exercitatione
482 1907 674 1947 tironem.
733 1905 800 1947 48.
838 1908 1021 1957 Deinde,
1066 1914 1114 1949 ut
1153 1910 1321 1963 opinor,
1362 1909 1488 1949 habet
1524 1910 1741 1958 Alienum,
1785 1909 1897 1949 hunc

142 1973 280 2009 tamen
310 1969 360 2009 ab
391 1969 622 2018 subselliis,
654 1970 726 2023 qui
759 1970 861 2023 quid
891 1970 935 2009 in
957 1971 1132 2010 dicendo
1158 1977 1314 2024 posset,
1344 1984 1574 2025 numquam
1595 1972 1694 2012 satis
1716 1971 1897 2012 attendi:

142 2032 187 2071 in
217 2031 434 2072 clamando
466 2032 637 2086 quidem
668 2032 788 2072 video
821 2045 915 2072 eum
946 2046 1036 2073 esse
1065 2033 1172 2073 bene
1204 2034 1424 2074 robustum
1454 2039 1580 2088 atque
1609 2035 1896 2074 exercitatum.

142 2094 190 2134 In
219 2094 300 2134 hoc
330 2107 424 2148 spes
454 2099 550 2135 tuae
581 2099 677 2135 sunt
708 2108 872 2135 omnes:
910 2094 1002 2142 hic,
1044 2095 1078 2135 si
1116 2100 1160 2136 tu
1191 2096 1272 2136 eris
1303 2102 1419 2137 actor
1448 2097 1723 2145 constitutus,
1762 2101 1898 2137 totum

142 2155 348 2196 iudicium
391 2157 624 2197 sustinebit.
682 2158 741 2197 Ac
784 2171 837 2197 ne
876 2157 911 2197 is
951 2157 1123 2211 quidem
1163 2163 1323 2198 tantum
1363 2159 1589 2200 contendet
1627 2159 1671 2199 in
1705 2159 1897 2206 dicendo,
1911 2170 1947 2200 30

145 2222 348 2271 quantum
377 2223 538 2272 potest,
570 2220 642 2259 sed
674 2220 866 2259 consulet
894 2219 1009 2260 laudi
1040 2225 1081 2261 et
1107 2221 1406 2261 existimationi
1428 2226 1524 2262 tuae
1547 2226 1662 2262 etex
1683 2235 1752 2270 eo,
1784 2221 1898 2276 quod

142 2280 232 2333 ipse
261 2285 402 2334 potest
430 2282 474 2321 in
506 2282 706 2329 dicendo,
747 2282 1011 2335 aliquantum
1052 2283 1253 2331 remittet,
1293 2289 1341 2324 ut
1370 2288 1416 2324 tu
1446 2289 1585 2324 tamen
1615 2284 1776 2338 aliquid
1808 2297 1898 2324 esse

141 2343 322 2384 videare.
366 2344 418 2384 Ut
446 2344 489 2384 in
520 2344 730 2384 actoribus
762 2344 930 2385 Graecis
960 2343 1049 2385 fieri
1071 2345 1281 2394 videmus,
1313 2359 1438 2400 saepe
1468 2347 1606 2395 illum,
1639 2349 1712 2401 qui
1742 2352 1805 2387 est
1835 2361 1899 2387 se-

228 2467 260 2500 3.
287 2467 390 2508 quid?
413 2484 465 2491 --
487 2468 680 2500 constituere
704 2467 824 2500 Claud.
851 2468 990 2500 Sacerd.
1017 2477 1051 2510 p.
1075 2469 1142 2507 36.,
1169 2470 1228 2510 qui
1252 2469 1359 2502 habet
1382 2470 1524 2502 dividere
1546 2470 1695 2503 membra
1717 2472 1752 2503 et
1773 2472 1848 2503 tum
1872 2474 1901 2503 el

141 2516 178 2549 in
199 2517 310 2559 digitis
331 2517 416 2558 sina.
435 2520 551 2558 partes
573 2518 785 2550 constituerit.
807 2535 842 2540 —
867 2519 898 2550 5.
925 2527 1028 2549 unum
1051 2519 1199 2559 quodque
1221 2519 1282 2551 dtt.
1303 2520 1341 2552 O.
1369 2537 1404 2541 -
1431 2520 1463 2552 7.
1486 2520 1668 2561 facessieris
1687 2521 1777 2561 Lg29
1794 2522 1899 2561 atque

142 2567 189 2599 ita
212 2567 247 2598 in
271 2566 483 2608 quibusdam
506 2567 608 2599 codd.
634 2568 815 2599 inventum
839 2576 916 2599 esse
942 2569 1087 2600 testatur
1109 2569 1216 2601 Prisc.
1241 2570 1266 2601 Ι.
1291 2578 1326 2610 p.
1353 2569 1442 2609 505„
1481 2571 1539 2611 qui
1569 2571 1688 2602 tamen
1711 2578 1792 2602 cum
1815 2571 1900 2602 Dio-

141 2616 263 2657 mede,
291 2617 420 2658 Capro‚
447 2617 603 2650 Charisio
627 2616 773 2649 alteram
797 2616 962 2656 sormam,
994 2625 1101 2658 quam
1123 2618 1157 2650 h.
1183 2617 1205 2650 l.
1232 2618 1353 2660 optimi
1376 2618 1478 2651 codd.
1504 2620 1662 2658 tuentur,
1695 2620 1899 2661 praeferen-

142 2665 225 2699 dam
248 2667 381 2699 censet.
406 2667 519 2708 Reisig
542 2666 656 2698 Schol.
682 2667 718 2698 L.
737 2667 774 2698 L.
800 2675 834 2707 p.
852 2666 927 2698 228.
954 2668 988 2698 et
1011 2667 1122 2700 Haase
1146 2667 1230 2700 ibid.
1256 2677 1290 2710 p.
1309 2667 1384 2700 230.
1402 2668 1605 2710 praeferunt
1626 2670 1818 2710 facessieris.
1846 2669 1896 2701 Cf.

142 2716 248 2748 Tacit.
273 2717 359 2749 Hist.
384 2717 439 2750 lV.
465 2715 517 2750 43.
547 2734 580 2741 —
609 2717 640 2749 8.
667 2717 864 2748 delionerare
888 2717 947 2755 G2,
977 2716 1177 2750 dehonorare
1201 2718 1260 2749 Gi.
1297 2718 1353 2750 Sic
1376 2717 1457 2750 alibi
1480 2719 1515 2750 in
1538 2718 1592 2750 his
1617 2718 1720 2751 codd.
1745 2719 1896 2758 hostium,

140 2766 333 2798 habundare
346 2775 410 2808 pro
427 2767 555 2806 osliwm,
581 2766 751 2798 abundare
774 2767 808 2798 et
831 2767 905 2797 eius
923 2767 1060 2806 generis
1079 2765 1154 2799 alia.
1177 2785 1211 2790 —
1238 2767 1268 2799 9.
1287 2768 1495 2800 constitutam
1516 2777 1608 2800 more
1622 2770 1790 2801 maiorum
1807 2769 1895 2801 coni.

143 2816 293 2848 Gronov.
314 2833 350 2838 —-
376 2816 429 2847 40.
454 2817 523 2848 eius
537 2817 696 2848 orationis
710 2816 817 2848 subire
835 2816 994 2847 invidiam
1017 2816 1141 2848 codd.:
1167 2817 1234 2848 eius
1255 2818 1398 2849 orationi
1412 2818 1521 2849 subire
1536 2819 1623 2850 Non.
1642 2827 1676 2860 p.
1695 2819 1770 2851 404.
1789 2821 1899 2851 Asco-

142 2865 190 2896 nii
213 2864 293 2897 edd.
311 2865 442 2906 princc.
462 2867 496 2898 et
511 2866 577 2898 MS.
597 2867 748 2905 Graew'i3
775 2867 843 2898 eius
865 2866 1024 2897 oracionis
1046 2866 1152 2898 subire
1173 2867 1317 2898 invidiae
1338 2868 1417 2899 Asc.
1437 2867 1492 2899 ed.
1511 2867 1586 2899 Ald.
1606 2867 1663 2907 al.;
1689 2869 1733 2900 eis
1749 2869 1900 2900 oratione

141 2913 251 2947 subire
272 2916 374 2948 Arus.
399 2915 443 2948 M.
467 2924 502 2957 p.
527 2916 625 2954 259.;
661 2916 729 2947 eius
757 2916 900 2947 orationi
927 2915 1063 2948 subire?
1092 2917 1255 2948 Invidiam
1275 2917 1348 2948 vide
1371 2915 1420 2948 Kl.
1457 2918 1647 2958 Postquam
1671 2918 1829 2949 orationis
1851 2917 1896 2949 ob

142 2972 296 3005 sequens
317 2973 334 2997 s
355 2964 391 2996 in
414 2966 557 2998 orationi
579 2965 810 3006 depravatum
834 2966 904 3004 est,
938 2964 1028 2997 male
1057 2965 1217 2997 invidiam
1246 2974 1327 2998 cum
1354 2967 1427 2998 vide
1455 2975 1475 2998 a
1498 2965 1648 2999 librariis
1672 2967 1898 2999 coniunctum

144 3014 208 3046 est.
237 3031 274 3037 -
299 3014 352 3047 44.
378 3015 405 3046 si
426 3016 485 3047 hoe
506 3014 585 3047 mihi
608 3016 658 3047 die
681 3016 728 3048 G2
752 3015 813 3047 Ld.
841 3032 876 3036 -
903 3014 955 3046 46.
981 3015 1037 3054 qui
1059 3016 1101 3047 Gi
1118 3016 1138 3048 2
1156 3016 1196 3047 D.
1222 3017 1309 3048 Non.
1335 3024 1370 3056 p.
1388 3016 1474 3047 257:
1500 3017 1572 3056 quis
1595 3016 1658 3048 dtt.
1686 3034 1722 3039 —
1749 3015 1800 3047 49.
1817 3015 1899 3046 nihil

141 3063 257 3105 feceris
271 3072 376 3096 nonn.
395 3064 457 3097 dtt.
484 3065 525 3097 cf.
546 3065 577 3107 S.
595 3064 648 3097 49.
668 3082 705 3088 —
732 3068 761 3097 te
781 3066 887 3105 ipsum
908 3065 944 3095 in
964 3064 1037 3104 ipsa
1053 3064 1111 3096 (32.
1133 3082 1168 3086 —
1186 3065 1240 3097 20.
1253 3068 1412 3105 putamus
1428 3066 1517 3098 coni.
1534 3066 1648 3099 Madv.
1667 3066 1707 3097 ΙΙ.
1733 3073 1767 3106 p.
1785 3063 1821 3096 44
1841 3073 1895 3105 sq.

145 3129 184 3136 —
207 3113 262 3145 23.
285 3113 322 3145 in
354 3114 501 3147 omnibus
528 3116 556 3147 A
579 3114 662 3156 ibiq.
687 3116 813 3147 Baiter.
841 3133 876 3137 -
909 3114 962 3145 26.
986 3113 1135 3146 Alienum
1158 3115 1199 3146 Gi
1217 3113 1310 3147 ΞΑ).
1333 3113 1393 3146 al.:
1424 3115 1585 3147 Allienum
1607 3116 1652 3154 Ο;
1685 3115 1828 3147 alienum
1851 3113 1895 3146 al.

144 3171 200 3204 ap.
224 3164 306 3196 Asc.
334 3181 370 3186 —-
394 3165 448 3197 27.
474 3165 593 3204 tamen]
619 3165 664 3196 tm
688 3165 720 3206 (i.
746 3173 777 3197 e.
802 3167 871 3196 tum
893 3172 921 3196 s.
947 3163 1084 3204 tantum)
1110 3165 1150 3195 Gi
1168 3164 1199 3196 2.
1235 3165 1273 3196 In
1296 3164 1350 3197 his
1375 3164 1476 3197 codd.
1503 3169 1587 3205 tum,
1613 3168 1742 3204 tamen,
1768 3167 1897 3196 tantum

142 3214 289 3254 propter
317 3215 479 3247 notarum
509 3213 771 3247 similitudinem
801 3214 932 3246 centies
962 3214 1229 3246 commutantur.
1257 3232 1293 3237 —-
1324 3215 1365 3247 ab
1395 3215 1480 3247 subs.
1504 3215 1635 3256 Lg29A
1658 3214 1694 3245 in
1716 3213 1894 3246 lemmate.

146 3260 188 3294 cf.
214 3261 259 3294 ad
284 3262 315 3304 S.
340 3263 412 3303 28.;
438 3273 461 3296 a
481 3263 566 3297 subs.
592 3265 650 3297 ctt.
678 3281 714 3288 -
736 3264 837 3304 possit
860 3263 900 3294 Gi
919 3262 980 3293 dtt.
1008 3279 1044 3284 —
1069 3262 1122 3295 30.
1145 3264 1304 3295 iudicium
1326 3273 1396 3297 om.
1423 3266 1469 3297 G2
1481 3273 1513 3303 ς.
1539 3265 1670 3296 Tuetur
1685 3264 1719 3296 h.
1737 3273 1770 3296 V.
1791 3265 1896 3296 etiam

146 3309 266 3344 Claud.
285 3313 360 3345 Sac.
378 3322 413 3354 p.
430 3313 483 3347 73.
505 3332 541 3338 —-
564 3314 610 3347 Ac
632 3323 672 3347 ne
687 3314 775 3346 G2D
788 3313 878 3355 Lg29
895 3321 902 3344 :
927 3315 962 3345 al
982 3321 1022 3346 ne
1038 3313 1079 3345 Gi
1100 3311 1144 3346 al.
1169 3313 1211 3347 cf.
1230 3314 1261 3356 ἓ.
1280 3314 1334 3347 64.
1353 3331 1390 3338 -
1415 3314 1468 3348 33.
1488 3314 1633 3356 Graecis]
1652 3314 1788 3357 tragicis
1804 3315 1894 3347 coni.

144 3359 286 3401 valck.;
310 3363 467 3397 scaenicis
486 3365 576 3399 coni.
599 3365 728 3406 Lange.

203 3421 320 3456 Cicutio
340 3422 376 3455 Τ.
393 3423 431 3456 11.
1580 3427 1608 3468 8
