2143 3713
611 239 679 280 ΑΙ)
709 237 907 278 LIBRUM
935 237 987 276 ΙΙ.
1016 233 1412 277 ACCUSATIONIS.
1803 230 1883 272 457

154 343 191 373 ut
213 341 435 382 saepissime;
460 339 509 371 sie
532 338 613 370 item
638 344 671 378 p.
688 335 763 373 244,
783 335 811 365 4.
830 334 860 366 8.
887 334 960 373 228,
981 334 1031 366 49.
1056 333 1131 372 234,
1149 333 1180 365 3.
1205 332 1280 371 268,
1298 331 1350 364 24.
1377 333 1443 363 cet.
1471 348 1505 354 —-
1533 331 1583 364 35.
1609 332 1769 364 credimus
1791 330 1831 364 42
1849 339 1882 372 p.

156 415 190 420 —
217 396 379 428 dubitaret
403 395 507 426 idem.

239 461 314 493 pag.
340 452 414 483 240.
439 459 471 481 v.
489 449 520 480 2.
544 449 647 479 movet
662 444 703 477 42
721 453 753 486 p.
774 463 808 467 -
836 445 869 477 C.
896 454 966 477 om.
986 446 1086 485 Lagg.
1105 445 1246 485 praeter
1269 442 1321 475 48.
1341 460 1375 464 —
1402 442 1570 483 sequester]
1593 443 1779 482 frequenter
1793 441 1833 474 42
1848 450 1882 484 p.

155 526 188 530 —
216 508 247 539 7.
273 508 356 538 hanc
379 507 409 538 M
433 507 467 536 et
488 503 598 544 Lg42:
632 509 700 533 om.
727 501 829 532 codd.
856 500 929 532 reli.
956 501 1024 532 noti
1050 502 1084 532 et
1107 500 1145 531 O.
1172 516 1207 521 —
1242 498 1426 538 improbam
1447 498 1522 538 falsi
1545 499 1720 538 cognitoris
1743 498 1819 530 ΝΟ.
1847 515 1881 520 -

154 564 204 595 44.
230 563 361 594 illorum
380 561 523 592 iudicum
544 558 596 590 29.
627 575 660 580 —
688 557 740 588 42.
767 557 886 596 Opunti
910 556 961 588 42.
990 574 1024 579 —
1053 555 1103 587 43.
1131 554 1239 595 atque]
1264 554 1313 585 sic
1338 555 1416 594 Lag.
1436 553 1476 584 29
1501 554 1535 585 et
1559 552 1620 584 42:
1647 557 1675 584 et
1690 553 1791 585 codd.
1810 551 1884 584 rell.

154 620 223 651 noti
247 620 281 650 et
303 617 382 649 edd.
401 617 514 655 (atque
535 621 599 645 nos
623 612 854 650 restituimus;
882 621 961 644 nam
985 612 1085 643 deest
1107 609 1209 642 lectio
1227 609 1319 650 apud
1337 610 1384 649 Z.)
1404 627 1438 631 —
1465 609 1570 650 leqato
1587 607 1627 640 42
1644 617 1677 649 p.
1700 627 1734 631 —
1762 609 1813 639 45.
1830 617 1888 639 nos

155 674 257 706 idem.
278 691 312 695 —
336 672 387 703 46.
412 669 562 702 dubitatis
584 668 636 700 42.
657 667 708 700 48.
733 686 767 690 —
796 668 846 699 48.
867 677 960 707 quem
982 667 1141 699 hominem
1156 665 1317 697 absentem
1332 666 1384 696 29.
1404 683 1438 688 -
1458 663 1510 696 24.
1528 664 1678 696 invitavit
1702 667 1737 695 at
1759 664 1786 694 si
1802 665 1888 702 quod

153 729 305 770 quicquid
326 727 426 760 Marii
448 725 498 758 42.
519 742 553 746 —
579 724 632 756 25.
650 724 778 762 Pompei
794 724 846 755 29.
869 740 902 746 -
927 724 978 755 27.
997 723 1161 754 hominum
1183 721 1441 753 clarissimorum
1455 721 1508 752 29.
1531 738 1565 743 —
1584 720 1637 752 28.
1657 720 1695 751 de
1712 721 1746 751 et
1762 719 1888 751 deinde

152 788 182 817 et
203 793 272 817 om.
291 783 330 816 42
347 791 380 824 p.
400 799 435 804 —
453 781 504 813 30.
522 780 654 820 iqnorat
670 787 739 810 om.
758 779 864 811 idem.
886 795 922 802 -
949 779 1000 810 32.
1018 780 1150 818 possunt
1166 776 1271 808 idem.
1293 794 1327 798 —
1347 775 1398 807 33.
1417 777 1484 808 eius
1498 776 1586 807 modi
1602 775 1696 808 solus
1713 775 1754 806 29
1770 775 1888 808 habet.

239 854 314 887 pag.
339 845 412 876 244.
437 852 470 874 v.
495 843 526 874 5.
551 841 782 880 communibus]
807 841 934 872 casibus
956 840 996 873 42
1019 849 1054 881 p.
1083 857 1117 862 -
1149 839 1179 870 7.
1206 839 1244 870 de
1266 839 1358 870 cuius
1381 837 1523 879 beneficii
1546 838 1586 869 29
1612 837 1692 877 (om.
1719 837 1785 877 Z.);
1819 835 1891 868 for-

154 903 245 934 tasse
268 901 358 932 cuius
381 907 422 931 ex
445 898 512 930 eius
535 899 737 938 corruptum
762 899 830 935 est,
864 896 958 938 quod
981 895 1075 927 idem
1107 903 1301 936 pronomen
1326 894 1431 926 etiam
1454 902 1486 925 v,
1513 893 1544 925 9.
1572 902 1612 924 ex
1638 892 1678 924 42
1702 893 1890 924 restituen-

154 958 238 990 dum
260 955 406 987 videtur.
442 971 476 975 —
512 951 563 984 44.
589 952 682 993 hunc]
708 962 794 983 nunc
817 952 856 984 42
881 961 914 993 p.
954 969 988 974 ——
1027 951 1078 982 47.
1104 953 1171 981 tola
1194 950 1318 982 Stennii
1342 949 1540 981 absolutione
1562 947 1614 980 42.
1653 966 1688 970 —
1727 948 1778 980 49.
1804 949 1893 988 apud

153 1014 236 1045 cives
255 1019 328 1042 suos
350 1009 402 1041 29.
423 1027 457 1031 —
480 1009 651 1049 proficeret
675 1007 727 1040 42.
748 1026 782 1030 -
809 1009 863 1040 24.
889 1017 931 1039 ως
955 1007 1083 1047 optimis
1106 1006 1231 1038 nullum
1254 1005 1294 1038 42
1311 1015 1344 1047 p.
1365 1023 1399 1028 —
1425 1005 1506 1036 nihil
1528 1013 1570 1036 ex
1583 1013 1677 1036 sacro
1694 1012 1763 1036 om.
1783 1003 1889 1036 idem.

155 1086 189 1091 -
215 1068 267 1099 22.
293 1069 321 1098 et
343 1068 443 1097 essent
465 1064 571 1096 habet
595 1064 697 1095 etiam
722 1064 760 1095 V.
791 1081 824 1086 -—
851 1063 902 1095 23.
929 1064 1031 1095 videte
1054 1062 1094 1095 42
1118 1072 1152 1104 p.
1180 1063 1260 1102 (om.
1287 1062 1334 1102 Z.)
1362 1080 1395 1083 —
1422 1044 1763 1097 25.⁸Romaeflestant
1785 1060 1834 1091 sic
1849 1060 1889 1090 V.

155 1141 189 1146 -
215 1123 268 1155 26.
293 1121 446 1153 scribtum
467 1121 506 1159 V,
533 1121 570 1151 ut
594 1121 647 1151 est
671 1120 702 1151 in
728 1119 816 1159 Lg42
842 1128 876 1160 p.
904 1137 938 1141 —
970 1120 1022 1150 27.
1049 1118 1089 1150 ab
1113 1122 1142 1150 te
1165 1117 1204 1150 42
1229 1126 1261 1158 p.
1291 1136 1326 1141 -
1353 1118 1404 1149 30.
1429 1117 1626 1149 Marcellina
1648 1116 1762 1147 civitas
1784 1115 1890 1147 idem.

158 1197 192 1202 —
216 1178 455 1220 slaqitiosorum
476 1176 516 1207 V.
553 1193 587 1197 —
624 1175 723 1216 leqati
751 1175 882 1207 laedant
913 1183 982 1206 om.
1010 1174 1050 1207 42
1074 1183 1107 1216 p.
1147 1190 1182 1196 —
1221 1174 1271 1205 33.
1304 1182 1336 1205 se
1366 1182 1434 1205 om.
1468 1174 1568 1213 Lagg.
1600 1173 1741 1213 praeter
1767 1171 1818 1204 42.
1852 1188 1887 1193 -

154 1234 205 1267 34.
228 1235 335 1273 Eryco
357 1232 463 1264 habet
485 1233 525 1263 V.
551 1249 586 1253 —
613 1231 666 1263 35.
691 1234 823 1262 tuorum
845 1232 1010 1272 furtorum
1031 1230 1235 1272 slaqitiorum
1250 1229 1278 1260 V
1300 1230 1449 1269 egregie.
1470 1246 1504 1251 —
1532 1229 1584 1260 37.
1609 1237 1683 1259 cum
1706 1227 1813 1268 lapide
1836 1226 1892 1267 qui

154 1321 282 1353 tandem
304 1319 344 1352 42
360 1328 394 1361 p.
420 1277 501 1360 (quil
512 1319 640 1350 tandem
657 1319 706 1350 sic
722 1318 775 1358 V.)
795 1335 830 1339 —
852 1317 904 1349 38.
929 1320 1041 1349 utrum
1063 1316 1113 1347 hic
1129 1315 1181 1348 42.
1204 1334 1238 1339 -—
1265 1319 1412 1355 tropeum
1428 1314 1488 1354 423
1514 1316 1682 1356 tropheum
1697 1314 1771 1347 rell.
1790 1315 1892 1355 Lagg.

157 1395 191 1400 —
217 1375 268 1408 40.
293 1375 435 1407 homines
456 1375 513 1406 hoc
536 1375 596 1412 293
623 1375 680 1406 hoc
704 1383 773 1405 om.
800 1374 818 1405 7
843 1373 927 1405 dett.
953 1373 1074 1413 Lagg.;
1100 1372 1134 1403 in
1156 1372 1186 1402 V
1210 1373 1262 1403 est
1284 1372 1342 1403 hoc
1365 1380 1441 1413 sup.
1467 1370 1524 1403 lin.

237 1465 315 1498 pag.
339 1456 414 1488 242,
438 1465 470 1487 v.
497 1456 527 1486 4.
552 1426 713 1487 υοίιιηῧαε
734 1454 773 1486 V.
793 1472 827 1476 —
855 1453 884 1486 3.
911 1454 1033 1493 hospite
1054 1453 1094 1485 V.
1117 1470 1152 1475 —
1179 1451 1210 1485 4.
1236 1452 1314 1484 seiri
1337 1452 1414 1494 tum]
1444 1451 1598 1483 scribtum
1620 1451 1660 1483 V.
1682 1467 1716 1474 -
1744 1452 1775 1483 5.
1795 1459 1894 1491 quam

153 1521 221 1545 om.
238 1513 291 1544 27.
310 1512 362 1544 29.
383 1530 418 1534 -
437 1513 467 1543 7.
488 1516 517 1544 te
540 1514 592 1544 est
609 1512 642 1543 in
659 1512 699 1550 V,
724 1510 787 1543 sed
811 1510 864 1543 bis
880 1509 988 1541 habet
1003 1513 1148 1550 qratum.
1163 1525 1197 1530 -
1224 1509 1258 1539 in
1275 1508 1347 1540 deos
1366 1516 1460 1548 posse
1473 1507 1532 1539 hoc
1547 1508 1667 1539 donum
1685 1508 1825 1547 (domum
1841 1506 1893 1547 29)

150 1569 223 1601 veni
238 1577 302 1600 non
317 1569 354 1600 de
376 1568 468 1600 stenii
484 1568 517 1599 id
533 1568 653 1599 dedisse
668 1568 719 1599 sic
736 1566 775 1599 42
794 1575 826 1607 p.
844 1584 879 1588 —
907 1566 938 1597 9.
954 1566 1090 1597 venisset
1112 1565 1257 1596 redditus
1273 1563 1313 1596 42
1330 1573 1363 1604 p.
1385 1582 1420 1587 —-
1441 1564 1492 1595 44.
1514 1564 1688 1604 provincia
1707 1563 1897 1604 propetisset

151 1624 256 1656 idem.
289 1642 323 1646 —
359 1625 410 1655 47.
436 1632 619 1664 cognossem
642 1621 735 1654 solus
758 1622 810 1654 29.
847 1640 880 1643 —
920 1622 973 1653 20.
999 1620 1170 1661 Domitius]
1203 1620 1234 1651 d.
1268 1620 1318 1651 sie
1341 1619 1382 1652 42
1405 1628 1438 1660 p.
1474 1637 1508 1641 ——
1546 1620 1599 1651 24.
1624 1619 1685 1660 Μ.]
1707 1620 1749 1651 Ν.
1775 1619 1828 1651 42.
1855 1636 1891 1642 -

152 1681 205 1712 27.
227 1680 449 1721 privatimque
471 1688 535 1710 uno
558 1682 701 1718 tempore
717 1678 932 1718 defendantur
947 1677 965 1708 7
982 1678 1084 1717 Lagg.
1106 1676 1189 1708 dett.
1211 1692 1246 1697 —
1272 1675 1326 1707 29.
1345 1676 1383 1707 de
1397 1675 1491 1707 rebus
1507 1684 1577 1708 om.
1595 1675 1635 1708 42
1653 1684 1687 1716 p.
1707 1693 1742 1697 -
1769 1676 1821 1707 34.
1838 1683 1896 1706 nos

152 1737 247 1768 modo
270 1735 375 1767 idem.
403 1753 438 1758 —-
471 1734 522 1767 34.
549 1733 727 1775 nummum]
752 1743 816 1765 non
839 1733 880 1766 42
904 1742 938 1775 p.
966 1751 1001 1756 -
1032 1733 1084 1765 36.
1110 1731 1328 1773 comprobari]
1359 1734 1387 1763 et
1412 1731 1551 1772 probari
1581 1731 1622 1764 42
1653 1740 1688 1773 p.
1716 1748 1751 1754 -—
1777 1731 1897 1771 equites

155 1791 206 1833 R.]
231 1792 269 1823 Ε.
296 1792 332 1831 Q.
358 1790 464 1822 idem.

242 1855 319 1888 pag.
345 1846 419 1878 243.
445 1855 477 1877 v.
496 1846 526 1878 3.
552 1846 691 1877 edictum
714 1848 815 1877 totum
837 1845 890 1877 29.
912 1861 946 1867 —
975 1844 1005 1877 4.
1032 1844 1087 1885 qui
1110 1845 1144 1875 in
1166 1844 1214 1875 his
1236 1843 1278 1875 ab
1301 1842 1341 1876 42
1365 1852 1399 1885 p.
1420 1862 1455 1866 —
1482 1843 1512 1875 6.
1539 1843 1624 1875 enim
1646 1851 1715 1875 om.
1734 1843 1765 1875 6.
1783 1843 1836 1875 29.
1857 1861 1891 1866 -

155 1903 188 1934 8.
216 1911 300 1942 equa
322 1902 380 1940 29,
410 1902 527 1941 hecque
550 1901 608 1940 42,
640 1905 669 1934 et
699 1910 782 1941 quae
804 1901 823 1932 7
846 1900 921 1933 rell.
955 1900 1074 1941 (Scrib.
1101 1900 1249 1940 ecquae.)
1280 1917 1315 1921 —
1353 1900 1404 1931 45.
1430 1900 1492 1931 nisi
1521 1908 1590 1931 om.
1616 1899 1657 1932 42
1681 1908 1716 1940 p.
1742 1901 1776 1931 et
1799 1899 1830 1931 6.
1858 1917 1893 1923 -

159 1958 209 1989 49.
234 1957 385 1989 voluerat
407 1957 513 1989 habet
536 1958 638 1989 etiam
661 1957 701 1988 V.
730 1975 764 1980 -
790 1957 844 1988 24.
869 1956 1150 1995 IDONEJ'SSET
1174 1956 1380 1988 VINCERET
1399 1955 1445 1993 V,
1479 1954 1590 1987 littera
1613 1957 1693 1996 post
1714 1955 1809 1987 idone
1831 1954 1898 1987 ob-

156 2015 293 2045 scurata
317 2015 392 2055 est,
416 2013 479 2046 sed
502 2013 638 2045 videtur
659 2023 692 2045 u.
729 2014 845 2045 Lectio
871 2013 1008 2053 egregia
1033 2012 1161 2044 codicis
1186 2011 1244 2049 42,
1271 2020 1360 2052 quae
1385 2015 1419 2043 in
1443 2011 1522 2043 adn.
1545 2012 1620 2043 crit.
1639 2019 1659 2042 a
1681 2020 1739 2043 me
1762 2011 1899 2043 adiecta

158 2070 210 2100 est
235 2069 286 2100 «si
310 2070 381 2108 quis
399 2070 505 2108 pretio
528 2071 617 2109 apud
639 2070 735 2101 istum
758 2070 890 2100 idoneus
913 2069 1151 2106 inveniretur»,
1184 2068 1265 2099 satis
1291 2067 1449 2099 distincte
1472 2068 1506 2099 in
1530 2076 1639 2108 marg.
1666 2076 1685 2098 a
1708 2067 1897 2100 Niebuhrio

157 2124 330 2165 adscripta
355 2127 418 2157 est.
452 2126 488 2156 In
513 2125 702 2166 archetypo
724 2125 878 2156 Vaticani
903 2124 1006 2156 fuisse
1032 2124 1184 2155 videtur:
1211 2118 1343 2155 idoneus
1366 2127 1442 2155 esset
1464 2127 1499 2154 ut
1521 2124 1672 2155 vinceret.
1704 2122 1753 2155 Cf.
1779 2125 1898 2155 tamen

157 2180 268 2212 Madv.
295 2181 356 2221 Op.
383 2182 406 2212 Ι.
431 2191 466 2222 p.
492 2181 564 2213 352.
593 2198 628 2202 -
653 2182 705 2213 22.
732 2189 766 2212 re
790 2189 859 2212 om.
886 2180 938 2211 29.
970 2198 1003 2202 —
1033 2180 1085 2211 29.
1111 2180 1285 2220 honorifice
1308 2179 1347 2211 42
1371 2188 1405 2221 p.
1433 2197 1467 2201 —
1494 2179 1546 2211 30.
1568 2179 1683 2219 pulcer
1707 2179 1736 2210 4.
1764 2178 1816 2211 44.
1842 2179 1895 2211 29.

156 2235 209 2268 48.
237 2253 271 2258 -
299 2235 350 2267 32.
374 2237 471 2277 finxit
494 2236 534 2268 42
558 2245 591 2277 p.
621 2255 655 2259 —
686 2236 737 2268 33.
763 2245 802 2267 ne
825 2237 896 2275 quis
918 2236 970 2267 27.
996 2236 1048 2267 29.
1075 2236 1126 2268 48.
1155 2254 1191 2258 -
1218 2234 1269 2267 34.
1296 2236 1368 2274 quis
1391 2235 1444 2266 29.
1473 2254 1508 2257 —
1541 2235 1565 2275 f.
1591 2235 1813 2276 neqleqeretur
1835 2234 1895 2274 29,

155 2293 180 2333 f.
204 2292 422 2333 neqiiqeretur
444 2291 483 2324 42
507 2301 540 2333 p.
569 2310 604 2314 —
631 2291 683 2323 36.
710 2292 787 2331 quid
808 2292 910 2323 voluit
932 2291 985 2323 42.
1014 2309 1049 2313 -
1076 2291 1129 2323 37.
1154 2294 1380 2331 septenumque
1405 2300 1444 2322 ac
1467 2291 1583 2322 denum
1606 2290 1646 2323 42
1669 2299 1704 2332 p.

242 2362 320 2395 pag.
345 2353 420 2386 244.
451 2363 484 2385 V.
511 2355 540 2385 4.
566 2357 595 2386 et
615 2353 685 2395 fid]
715 2354 771 2385 otii
797 2354 854 2395 fid.
880 2353 921 2385 42
945 2362 978 2394 p.
1012 2370 1047 2375 —
1081 2353 1112 2386 4.
1138 2353 1225 2393 Scip.
1252 2354 1334 2395 leges
1362 2353 1542 2393 cooptando
1565 2352 1605 2385 42
1629 2362 1663 2394 p.
1699 2371 1735 2375 -
1769 2353 1821 2384 42.
1846 2352 1897 2384 Ad

157 2409 343 2442 lectionem
365 2410 485 2441 civium
507 2419 665 2441 novorum
679 2413 886 2449 veterumque
901 2409 1056 2441 delectum
1072 2410 1280 2448 ordinemque
1298 2409 1444 2441 turbavit
1463 2408 1647 2450 adscripsit
1667 2408 1895 2440 Niebuhrius:

158 2466 312 2498 delectum
335 2466 542 2505 ordinemque
565 2464 707 2496 turbavit
731 2474 799 2496 om.
827 2473 950 2497 omnes
973 2466 1074 2505 Lagg.
1102 2467 1136 2497 et
1159 2464 1289 2506 aliquot
1312 2464 1393 2497 edd.
1409 2466 1494 2497 vett.
1523 2483 1557 2488 —
1585 2465 1636 2496 47.
1661 2464 1773 2505 novus]
1797 2473 1900 2495 nouos

158 2521 199 2554 42
223 2530 255 2562 p.
285 2539 319 2544 —
353 2521 404 2553 48.
430 2521 551 2562 leqatos
573 2522 617 2552 ad
645 2522 742 2552 istum
766 2521 818 2553 29.
847 2538 880 2544 —
918 2521 969 2553 49.
996 2522 1324 2561 consuetudinumque
1347 2521 1385 2552 V.
1415 2539 1450 2544 —
1484 2521 1536 2552 24.
1563 2523 1667 2560 oport.
1693 2528 1757 2551 esse
1779 2519 1832 2551 29.
1859 2537 1894 2542 -—

157 2578 211 2610 22.
235 2586 281 2608 na
303 2586 338 2609 eo
362 2577 401 2608 V.
430 2595 465 2600 —-
490 2577 543 2608 25.
569 2577 687 2617 accipit
710 2576 750 2608 42
774 2585 807 2617 p.
834 2592 868 2598 —
900 2576 953 2608 28.
980 2577 1113 2609 dedisset
1136 2586 1205 2609 om.
1231 2578 1283 2609 27.
1308 2577 1362 2608 29.
1390 2594 1425 2599 —
1451 2576 1502 2608 34.
1530 2577 1568 2608 de
1590 2584 1659 2608 om.
1685 2576 1724 2607 V.
1754 2593 1788 2597 —
1815 2585 1900 2616 quae

158 2641 227 2665 om.
253 2632 294 2665 42
318 2641 352 2674 p.
380 2651 415 2655 —
441 2632 493 2664 32.
518 2633 612 2672 Iovis]
636 2633 663 2664 si
686 2633 758 2672 quis
780 2632 886 2664 idem.
915 2650 950 2655 -
976 2633 1082 2664 oratio
1104 2641 1168 2674 pro
1191 2633 1304 2664 sortito
1319 2632 1359 2664 V.
1388 2650 1422 2655 —
1448 2631 1567 2664 uubeat
1591 2632 1670 2671 (non
1693 2631 1834 2672 iubebat)
1856 2631 1896 2663 V.

162 2738 197 2743 -
222 2719 274 2752 33.
299 2720 455 2761 sufrayiis
475 2719 514 2751 V.
543 2737 579 2742 —-
604 2719 678 2761 tres]
704 2723 745 2751 tr.
767 2720 815 2759 pl.
841 2719 882 2752 42
905 2728 939 2761 p.
969 2737 1003 2741 —
1030 2719 1082 2751 35.
1107 2719 1386 2760 familiarissimus
1406 2719 1441 2750 in
1464 2721 1486 2750 t.
1504 2718 1610 2750 idem.
1635 2717 1826 2759 (familiaris
1845 2684 1899 2750 mus

158 2776 197 2807 V.
225 2792 262 2798 —
288 2775 340 2807 36.
361 2778 516 2815 potuerat
539 2776 577 2815 V,
603 2776 641 2807 ut
664 2776 717 2807 est
739 2776 773 2807 in
796 2775 827 2807 4.

245 2846 324 2880 pag.
350 2838 424 2869 245.
457 2846 490 2869 v,
516 2839 546 2869 4.
567 2847 628 2878 per
649 2838 840 2879 reliqionem
863 2838 942 2878 Lag.
969 2837 1014 2877 6.,
1047 2839 1085 2869 ut
1106 2836 1291 2869 voluerunt
1313 2838 1484 2870 Manutius
1508 2837 1543 2868 et
1567 2835 1687 2868 Lamb.
1715 2854 1750 2858 -
1785 2835 1815 2867 3.
1841 2836 1900 2867 iste

159 2892 265 2926 habet
288 2894 393 2925 etiam
415 2893 454 2924 V.
477 2911 512 2916 —
537 2895 622 2933 quod
645 2897 744 2926 essent
767 2894 808 2925 29
833 2895 867 2925 et
890 2892 930 2925 42
954 2903 987 2935 p.
1007 2910 1042 2915 —
1068 2892 1100 2925 4.
1124 2893 1234 2924 cuium
1257 2902 1325 2925 om.
1343 2894 1384 2925 29
1408 2894 1442 2925 et
1465 2893 1484 2924 6
1501 2892 1585 2924 dett.
1607 2908 1642 2914 -
1668 2891 1698 2923 7.
1724 2900 1810 2922 >nunc
1829 2892 1900 2930 qui-

159 2950 231 2981 dem
251 2950 354 2991 iqitur
375 2948 416 2981 42
439 2957 473 2990 p.
501 2965 536 2972 —
563 2950 594 2981 8.
619 2950 699 2981 coici
723 2949 798 2991 (bis)
826 2951 854 2981 4.
881 2949 933 2981 29.
961 2966 996 2970 -
1027 2949 1058 2980 9.
1084 2949 1276 2989 inscriptum
1297 2952 1376 2980 esset
1397 2948 1450 2980 29.
1478 2947 1613 2988 (fallitur
1635 2948 1683 2987 Z.)
1709 2964 1744 2970 —
1771 2948 1822 2978 40.
1847 2947 1900 2978 vi-

161 3005 254 3037 detur
274 3005 328 3037 29.
357 3023 392 3028 —
416 3005 465 3036 ita
487 3005 580 3046 Iovis]
604 3009 699 3037 tanta
719 3006 770 3037 vis
792 3004 831 3037 42
854 3014 888 3046 p.
911 3023 946 3028 —-
973 3005 1024 3037 43.
1049 3005 1198 3036 Arthenis
1219 3004 1260 3036 42
1285 3003 1366 3045 (rell.
1393 3003 1550 3045 Artemo).
1577 3021 1613 3026 --
1639 3003 1829 3035 Dimachias
1843 3003 1896 3034 29.

166 3077 200 3082 —
226 3059 277 3092 44.
303 3061 452 3101 locuplex
475 3060 515 3092 42
540 3062 574 3092 et
598 3061 616 3092 6
640 3061 724 3093 dett.
751 3079 786 3082 —
814 3062 865 3092 45.
892 3061 920 3092 ei
944 3062 977 3092 et
999 3069 1032 3092 Υ.
1060 3060 1111 3092 46.
1136 3070 1176 3092 ne
1199 3069 1269 3092 om.
1295 3059 1335 3092 42
1359 3069 1393 3101 p.
1416 3078 1451 3082 —
1476 3060 1529 3091 20.
1555 3068 1637 3091 com.
1654 3058 1742 3100 hab.]
1765 3061 1901 3090 contra-

163 3115 292 3147 heretur
312 3115 352 3148 42
370 3125 403 3157 p.
424 3132 459 3139 -
486 3117 539 3148 24.
559 3116 754 3149 Climachias
774 3117 903 3149 velabat
924 3117 995 3147 disci
1018 3116 1142 3148 mediis
1159 3124 1227 3148 om.
1247 3115 1287 3148 42
1304 3124 1339 3157 p.
1360 3134 1396 3138 —
1414 3116 1467 3147 22.
1485 3119 1530 3147 est
1546 3124 1615 3147 om.
1632 3114 1685 3147 42.
1707 3131 1741 3136 —
1766 3114 1819 3146 23.
1837 3114 1901 3146 ha-

165 3170 278 3202 bentur
298 3171 402 3204 idem.
430 3190 465 3194 —-
499 3172 552 3204 24.
583 3173 684 3212 possit
705 3173 812 3204 idem.
846 3189 881 3195 -
915 3173 968 3204 27.
993 3173 1213 3204 eoeereasimos
1235 3171 1275 3204 42
1299 3180 1332 3212 p.
1360 3171 1439 3211 (om.
1465 3171 1533 3211 Z.),
1566 3172 1587 3202 i.
1613 3179 1645 3202 e.
1671 3170 1899 3209 exaeresimos,

167 3227 205 3257 ut
226 3226 390 3260 Iordanus
414 3227 569 3260 scrihere
593 3219 723 3260 debuit.
745 3247 780 3251 ——
806 3228 858 3260 32.
883 3237 919 3259 eo
943 3227 1003 3268 die]
1027 3228 1061 3258 in
1084 3236 1120 3259 eo
1143 3228 1194 3259 die
1215 3227 1256 3259 42
1281 3228 1315 3259 et
1334 3227 1368 3265 F,
1393 3226 1486 3259 unde
1510 3225 1738 3268 probabiliter
1753 3226 1900 3258 coniecit

166 3281 383 3323 Wesenberg
404 3284 439 3315 in
462 3283 656 3315 Emendatt.
676 3285 747 3316 Cic.
767 3285 865 3325 epist.
884 3292 918 3325 p.
937 3285 1029 3315 407.;
1055 3284 1089 3314 in
1111 3292 1184 3315 eum
1204 3284 1298 3315 diem.
1321 3301 1355 3305 —
1381 3282 1434 3315 33.
1457 3283 1486 3314 is
1508 3291 1577 3314 om.
1595 3281 1636 3314 42
1651 3290 1686 3324 p.
1706 3298 1741 3304 -
1768 3281 1820 3314 37.
1838 3281 1900 3313 ab·

163 3335 249 3378 hinc]
273 3337 313 3369 ab
334 3347 385 3370 me
405 3339 446 3371 29
471 3339 525 3380 (ex
547 3339 669 3380 ante‘P).
