2143 3713
613 220 710 260 CAP.
740 218 920 258 111—v.
950 214 1211 271 551-12.
1244 215 1290 271 [1.
1313 214 1450 270 4-2]
1821 215 1900 256 465

269 332 306 373 8.
346 332 555 373 Frumenti
587 331 788 370 maximus
818 343 1014 370 numerus
1046 345 1067 370 e
1099 330 1248 377 Gallia,
1288 330 1494 382 peditatus
1524 329 1800 382 amplissimae
1832 343 1901 370 eo-

156 397 245 451 piae
277 411 299 436 e
331 396 481 442 Gallia,
513 394 672 447 equites
703 405 873 432 numero
904 393 1068 445 plurimi
1100 408 1121 432 e
1153 392 1298 431 Gallia.

266 458 305 498 9.
337 457 476 498 Gallos
506 460 597 509 post
625 454 726 493 haec
758 454 929 494 dilutius
960 468 1051 495 6556
1081 459 1265 508 poturos.

268 518 332 560 110.
363 518 551 559 Plaetorii
581 521 773 564 matrem,
805 516 902 556 dum
932 517 1124 564 vixisset,
1157 516 1322 564 ludum,
1353 522 1572 570 postquam
1594 521 1754 556 mortua
1779 522 1901 564 esset,

157 584 371 637 magistros
400 580 605 620 habuisse.
1915 588 1932 615 5

336 687 425 731 ΙΙΙ.
470 685 592 728 Pars
624 688 848 728 orationis
880 690 928 728 iu.
959 686 1185 728 codicibus
1215 686 1479 741 ciimatibus
1515 690 1714 729 serrata.

264 769 312 809 V.
343 763 407 806 lll.
441 763 486 818 [1.
516 761 566 817 l]
601 793 611 804 .
643 794 652 803 .
681 764 759 804 hoc
796 770 984 817 praetore
1025 778 1267 818 oppressam
1299 778 1389 805 esse
1420 778 1514 805 aere
1546 765 1681 805 alieno
1714 766 1901 805 Galliam.

153 834 186 871 A
218 831 364 885 quibus
403 840 592 869 versuras
631 831 836 865 tantarum
876 827 1142 880 pecuniarum
1183 826 1312 867 factas
1344 840 1434 867 esse
1465 828 1641 867 dicunt?
1680 829 1713 867 A
1745 828 1901 867 Gallis?

154 894 265 933 Nihil
304 892 450 931 minus.
505 890 539 928 A
571 888 719 942 quibus
760 888 913 941 igitur?
956 890 990 928 A
1021 888 1174 929 civibus
1206 890 1422 937 Romanis,
1463 889 1533 943 qui
1565 890 1830 943 negotiantur
1859 890 1952 929 1010

154 955 299 994 Gallia.
357 953 436 992 Cur
465 964 607 990 eorum
638 950 762 990 verba
792 964 875 990 non
907 951 1126 991 audimus?
1169 964 1241 990 cur
1271 965 1414 991 eorum
1444 952 1608 992 tabulae
1639 952 1777 992 nullae
1808 965 1903 1004 pro-

151 1016 371 1056 feruntur?
402 1014 587 1053 Insector
607 1013 713 1053 ultro
735 1018 858 1066 atque
881 1014 990 1053 insto
1013 1014 1260 1061 accusatori,
1292 1013 1470 1054 iudices:
1503 1015 1695 1061 insector,
1717 1014 1902 1067 inquam,

152 1084 193 1117 et
222 1078 359 1130 ssagito
395 1081 534 1115 testes.
594 1075 689 1115 Plus
725 1088 800 1128 ego
838 1076 878 1114 10
911 1076 987 1115 1106
1022 1089 1143 1115 causa
1182 1075 1334 1115 laboris
1375 1083 1414 1117 et
1444 1090 1593 1130 operae
1630 1090 1828 1117 consumo
1860 1077 1902 1115 in

151 1139 372 1193 poscendis
411 1138 584 1178 testibus
623 1150 747 1190 quam
787 1139 910 1177 ceteri
940 1137 1179 1177 defensores
1210 1137 1251 1176 in
1283 1137 1521 1177 refutandis.
1565 1139 1790 1178 Audaciter
1822 1138 1902 1177 hoc

151 1202 264 1250 dico,
311 1201 490 1247 iudices3
537 1213 620 1239 non
655 1204 809 1239 temere
845 1198 1055 1239 conlirmo.
1114 1198 1279 1238 Referta
1315 1200 1447 1239 Gallia
1483 1202 1787 1253 negotiatorum
1828 1204 1901 1246 est,
1916 1211 1951 1240 15

149 1265 274 1318 plena
303 1263 453 1303 civium
482 1263 770 1302 Romanorum.
820 1263 949 1300 Nemo
982 1261 1193 1300 Gallorum
1225 1262 1312 1301 sine
1343 1262 1431 1301 eive
1463 1263 1647 1302 Romano
1679 1263 1902 1315 quicquam

150 1326 305 1380 negotii
335 1325 459 1378 gerit:
498 1336 688 1363 nummus
729 1322 772 1362 10
803 1323 936 1363 Gallia
971 1323 1110 1362 nullus
1142 1324 1230 1362 sine
1261 1323 1409 1363 civium
1440 1325 1720 1364 Romanorum
1752 1323 1901 1363 tabulis

149 1392 442 1429 commovetur.
483 1382 548 1425 ⁵1¹2.
582 1383 653 1439 [⁹2]
682 1386 828 1426 Videte
850 1399 933 1439 quo
955 1384 1226 1432 descendam,
1257 1385 1441 1433 iudices,
1473 1399 1596 1440 quam
1617 1387 1739 1439 longe
1760 1386 1903 1426 videar

150 1452 199 1492 ab
238 1448 534 1491 consuetudine
574 1461 666 1488 mea
705 1454 744 1488 et
779 1449 969 1488 cautione
1001 1461 1047 1487 ac
1076 1447 1289 1500 diligentia
1318 1448 1544 1489 discedere.
1592 1449 1706 1488 Unae
1737 1448 1901 1488 tabulae

150 1513 431 1567 proferantur,
471 1511 514 1550 in
555 1511 706 1565 quibus
736 1510 957 1564 vestigium
988 1510 1040 1550 sit
1075 1509 1265 1563 aliquod,
1306 1511 1417 1564 quod
1448 1508 1652 1564 significet
1680 1511 1900 1563 pecuniam
1914 1523 1949 1552 eo

150 1577 203 1615 Μ.
233 1575 406 1614 Fonteio
437 1573 596 1622 datam;
626 1587 754 1613 unum
785 1587 838 1613 ex
867 1578 981 1612 tanto
1011 1573 1335 1625 negotiatorum,
1367 1573 1629 1620 colonorum,
1660 1573 1901 1626 publicano-

150 1650 262 1684 rum,
293 1641 518 1682 aratorum,
555 1635 844 1688 pecuariorum
873 1647 1046 1674 numero
1078 1639 1224 1674 testem
1254 1635 1507 1687 producant:
1538 1649 1633 1675 vere
1664 1642 1901 1676 accusatum

151 1712 242 1739 esse
274 1697 510 1738 concedam.
552 1698 629 1736 Pro
660 1697 700 1735 di
729 1696 1003 1736 immortalesl
1036 1709 1141 1750 quae
1162 1696 1265 1736 haec
1291 1702 1352 1737 est
1372 1699 1524 1737 causa?
1556 1710 1661 1752 quae
1683 1697 1900 1738 defensio?

151 1760 392 1800 Provinciae
433 1758 589 1798 Galliae
628 1758 681 1797 Μ.
712 1759 908 1798 Fonteius
939 1757 1138 1810 praefuit,
1181 1771 1289 1812 quae
1321 1764 1481 1799 constat
1511 1773 1564 1799 ex
1594 1760 1646 1800 iis
1677 1762 1900 1814 generibus

151 1823 364 1863 hominum
395 1826 435 1860 et
464 1821 694 1868 civitatum,
736 1821 828 1874 qui,
867 1824 913 1860 ut
950 1825 1089 1860 vetera
1130 1820 1312 1868 mittam,
1351 1821 1501 1874 partim
1531 1827 1672 1862 nostra
1701 1824 1950 1864 memoria-25

152 2000 229 2022 non
262 1990 316 2021 sii
350 1989 484 2020 eadem
518 1996 622 2027 quae
661 1987 829 2019 Verris.»
870 1988 1031 2019 Extrema
1056 1987 1162 2018 verba
1188 1990 1266 2029 post
1290 1986 1453 2019 Orellium
1478 1986 1627 2021 Klotzius
1652 1990 1683 2021 in
1708 1990 1901 2032 fragmenta

152 2041 315 2073 orationis
339 2039 488 2080 recepit3
516 2047 579 2079 ego
604 2046 673 2069 non
698 2038 800 2075 item,
827 2036 920 2077 quod
945 2046 1012 2068 non
1031 2038 1206 2068 Ciceronis
1224 2038 1330 2078 ipsius
1348 2037 1519 2068 videntur.
1541 2055 1575 2059 -—
1604 2039 1634 2070 l.
1655 2040 1696 2081 (g.
1715 2040 1759 2082 8.)
1777 2044 1901 2078 AQVILA

152 2092 307 2123 Romxvs
331 2090 374 2121 de
398 2089 454 2127 fig.
482 2091 570 2120 sent.
599 2091 632 2120 61
656 2087 743 2119 6106.
770 2088 799 2128 5.
827 2088 896 2119 35.:
925 2087 1245 2126 «ANTISTROPHE,
1271 2088 1437 2119 conversio
1459 2105 1477 2110 -
1492 2105 1530 2127 -,
1556 2089 1736 2120 cuiusmodi
1758 2094 1803 2122 est
1825 2091 1904 2122 haec

146 2151 211 2181 pro
233 2140 384 2173 Fonteio:
410 2138 587 2170 Frumenti
603 2155 650 2160 -—
668 2136 804 2178 plurimi
829 2146 846 2168 e
872 2136 1008 2168 Gallia.»
1046 2138 1191 2177 Repetiit
1216 2146 1257 2168 ex
1280 2135 1402 2176 Aquila
1427 2136 1542 2168 locum
1559 2138 1746 2170 Martianus
1765 2139 1903 2181 Capella

150 2191 190 2222 V.
217 2191 247 2231 5.
273 2189 348 2222 534.
374 2197 407 2229 p.
433 2187 506 2219 457.
534 2187 589 2218 ed.
615 2188 724 2227 Kopp.
754 2204 790 2209 —
817 2187 846 2218 3.
874 2186 916 2227 (g.
937 2186 981 2225 9.)
1006 2188 1177 2217 Amurxxvs
1202 2187 1432 2218 MAizcsstmxvs
1456 2187 1526 2218 XV.
1552 2187 1605 2226 «¹2,
1632 2187 1682 2220 4.:
1715 2190 1808 2221 «sini
1830 2190 1905 2221 avi-

150 2241 228 2272 dum
249 2248 350 2282 9611115
374 2236 593 2279 [Galim-unu,
627 2238 795 2277 adfectans
819 2237 861 2268 ad
893 2237 959 2267 vini
981 2236 1225 2268 similitudinem
1246 2237 1439 2277 multiplices
1457 2240 1577 2277 potus:
1611 2240 1639 2269 et
1662 2238 1746 2269 inter
1769 2247 1821 2269 eos
1842 2239 1905 2269 hu—

149 2291 240 2323 miles
262 2290 396 2330 quidam
418 2287 536 2318 obtusis
559 2287 711 2318 ebrietate
732 2287 888 2318 continua
909 2285 1067 2325 sensibus,
1095 2294 1194 2324 quam
1215 2286 1340 2326 furoris
1360 2286 1584 2317 voluntariam
1606 2288 1743 2326 speciem
1759 2297 1824 2319 esse
1840 2288 1906 2320 Ca-

150 2341 287 2372 toniana
309 2338 465 2371 sententia
487 2337 647 2378 definivit,
680 2340 860 2377 raptantur
883 2335 1078 2367 discursibus
1099 2336 1193 2376 rapis
1207 2345 1216 2365 .·
1248 2338 1283 2366 ut
1304 2345 1418 2367 cerum
1441 2336 1521 2367 illud
1547 2336 1717 2376 videatur,
1750 2339 1836 2376 quod
1859 2339 1906 2370 ait

150 2391 318 2431 defendens
340 2387 509 2419 Fonteium
533 2387 670 2425 Tullius,
698 2386 810 2418 Gallos
834 2387 913 2427 post
936 2386 1023 2418 haec
1047 2385 1186 2417 dilutius
1212 2394 1289 2417 esse
1314 2388 1473 2427 poturos,
1501 2387 1586 2426 quod
1608 2387 1827 2420 illic-enemim
1842 2397 1907 2420 esse

150 2439 435 2471 arbitrabantur.»
462 2453 497 2457 —
531 2435 561 2468 4.
590 2436 630 2476 (g.
650 2436 716 2476 40.)
742 2438 972 2474 warirmxvs
996 2436 1077 2466 lnst.
1104 2437 1190 2466 orat.
1217 2435 1271 2466 Vl.
1299 2436 1329 2473 3,
1355 2436 1430 2468 51.:
1466 2437 1637 2467 «Pervenit
1666 2446 1719 2468 res
1742 2446 1840 2477 usque
1863 2439 1906 2469 ad

149 2490 320 2531 aeniqma,
346 2486 442 2528 quale
464 2489 509 2518 est
533 2486 695 2518 Ciceronis
719 2486 750 2516 in
765 2485 962 2516 Plaetorium
986 2485 1097 2516 Fontei
1120 2489 1360 2523 accusatorem,
1387 2486 1485 2518 cuius
1509 2488 1659 2517 matrem
1683 2486 1830 2517 (litii--
1847 2487 1902 2518 ha-

149 2539 302 2571 buisse.»
317 2554 353 2560 —-
379 2537 523 2568 Praeter
546 2534 634 2566 haec
658 2535 850 2575 fragmenta
874 2533 938 2565 alia
963 2543 1050 2565 nova
1076 2535 1302 2575 quadraginta
1326 2535 1398 2567 fere
1422 2545 1546 2567 versus
1570 2534 1836 2576 complectentia
1861 2536 1907 2567 la-

149 2591 222 2621 tere
247 2588 408 2620 dicuntur
430 2586 464 2617 in
488 2585 609 2616 codice
634 2584 767 2625 aliquo,
805 2593 911 2624 quem
935 2585 1132 2616 Timononcs
1157 2585 1329 2616 0611161165
1354 2586 1653 2617 Francofurtensis
1678 2585 1711 2616 in
1736 2585 1905 2617 coenobio

149 2637 302 2679 quodam
325 2637 456 2668 tractus
480 2636 635 2667 Rhenani
660 2635 831 2667 interioris
854 2635 1000 2671 invenit.
1028 2643 1095 2675 qua
1121 2634 1164 2666 de
1189 2643 1226 2666 re
1251 2635 1396 2675 exposui
1412 2636 1445 2667 in
1463 2635 1715 2667 Schneidewini
1731 2634 1905 2676 Philologo

148 2687 202 2719 IV.
227 2695 261 2728 p.
288 2685 350 2717 373
374 2693 451 2726 sqq.
488 2685 642 2717 Schcdas
667 2685 819 2716 defuncti
842 2684 948 2715 frater
973 2684 1066 2720 eius.
1094 2685 1152 2724 qui
1177 2683 1258 2716 olim
1282 2684 1390 2717 rebus
1415 2684 1630 2717 scholasticis
1654 2685 1688 2716 in
1711 2694 1799 2726 pago
1822 2686 1907 2716 Aro-

147 2737 250 2767 viano
275 2735 420 2775 (Καηιοη
442 2734 570 2775 Aarau)
594 2735 815 2776 praepositus
841 2735 932 2772 erat,
963 2742 1056 2764 nunc
1080 2733 1294 2765 Francofurti
1317 2734 1360 2765 ad
1383 2735 1546 2765 Moenum
1570 2735 1786 2765 mercaturas
1811 2734 1903 2771 facit,

147 2785 305 2827 possidet
327 2784 603 2824 thesaurumque
628 2784 788 2816 draconis
813 2784 921 2815 instar
944 2783 1095 2814 custodit
1119 2786 1344 2824 exspectans,
1371 2785 1509 2824 opinor,
1536 2784 1618 2815 dum
1637 2783 1760 2824 aliquis
1775 2785 1902 2821 veniat,

149 2836 208 2876 qui
230 2832 383 2874 singulos
406 2842 530 2866 versus
558 2835 710 2866 nummis
734 2834 849 2865 aureis
877 2833 1052 2864 redimere
1076 2832 1168 2864 velit.
1206 2834 1316 2866 Unum
1340 2836 1459 2865 tamen
1486 2833 1719 2873 fragmentum
1743 2835 1901 2872 innotuit,

149 2885 243 2926 quod
271 2883 402 2917 Theod.
429 2882 596 2915 Oehlerus
628 2892 709 2915 cum
740 2883 876 2914 Baitero
901 2892 965 2923 per
987 2881 1117 2913 litteras
1143 2883 1476 2914 communicaverat.
1512 2883 1601 2921 Hoc,
1634 2882 1746 2914 donec
1770 2882 1902 2924 reliqua

150 2936 341 2976 fragmenta
369 2932 506 2974 vulgata
542 2935 659 2972 erunt,
696 2935 875 2974 praestare
905 2933 1019 2963 visum
1045 2933 1097 2962 est
1127 2932 1183 2963 hic
1207 2932 1241 2963 in
1266 2933 1353 2964 notis
1376 2934 1561 2972 repetere:
1598 2933 1761 2973 Eoeurslile
1783 2941 1903 2972 quaeso

148 2985 214 3016 viri
235 2985 346 3025 optimi
369 2987 466 3023 atque
487 2983 674 3023 fortissimi,
699 2983 798 3023 leqali
821 2981 1041 3021 amplissimae
1057 2984 1155 3020 atque
1168 2982 1408 3013 honestissimae
1423 2983 1580 3019 civitatis,
1607 2984 1742 3015 resistite
1752 2992 1814 3023 per
1829 2984 1903 3015 deos

150 3034 347 3066 immortales
368 3041 480 3065 eorum
500 3033 658 3072 periuriis
678 3032 889 3072 iniuriisqud,
915 3039 1054 3069 quorum
1076 3038 1171 3069 saepe
1193 3040 1328 3062 numero
1351 3031 1421 3062 telis
1442 3031 1612 3064 restitistis.

235 3085 267 3116 8.
291 3084 424 3116 alieniso
447 3083 580 3114 calliam
595 3082 634 3113 V.
655 3099 690 3104 —
717 3083 747 3113 9.
773 3085 878 3113 tactas
892 3081 932 3112 V.
954 3098 988 3102 —
1016 3081 1067 3111 lt.
1094 3089 1243 3111 11011001.
1261 3081 1301 3110 V.
1331 3079 1442 3112 Nolim
1467 3083 1590 3122 putare
1607 3082 1701 3122 quod
1725 3083 1899 3115 coniicere

151 3133 280 3174 possis,
304 3133 395 3164 nulla
417 3132 649 3164 intercidisse.
678 3149 712 3153 —
740 3132 792 3163 ΔΞ.
817 3135 894 3162 utro
916 3131 956 3162 V.
985 3148 1019 3151 —
1051 3130 1102 3161 13.
1128 3131 1169 3170 et]
1193 3140 1232 3161 ac
1256 3129 1336 3161 edd.
1362 3132 1444 3161 vett.
1473 3148 1508 3152 —
1536 3132 1664 3171 flayilio
1686 3132 1725 3163 V.
1754 3150 1788 3154 -
1814 3134 1900 3164 testis

151 3182 224 3214 VS.
251 3199 286 3204 —
313 3182 365 3215 44.
391 3183 550 3214 audacter
572 3183 604 3213 S.
632 3198 667 3203 —-
694 3182 747 3213 45.
771 3181 912 3222 refercio
936 3181 968 3211 S.
994 3198 1028 3202 -—
1055 3179 1107 3211 16.
1134 3179 1404 3219 quicquamvs:
1431 3180 1651 3219 quidquamO
1677 3183 1710 3212 et
1734 3182 1783 3212 sic
1807 3190 1898 3214 sem-

151 3240 226 3272 per.
253 3249 288 3254 —
315 3233 367 3265 ⁴7.
390 3241 510 3264 numus
531 3234 564 3264 S.
591 3249 627 3254 —
661 3231 712 3264 49.
736 3240 806 3262 una
827 3231 867 3262 V.
897 3248 932 3252 -
965 3230 1017 3260 ⁶21.
1043 3230 1089 3260 M.
1116 3238 1185 3260 om.
1211 3229 1292 3266 VS;
1319 3228 1451 3260 addidit
1473 3230 1641 3261 Baiterus.
1671 3248 1705 3252 —
1730 3239 1833 3262 anam
1855 3232 1894 3263 V.

153 3297 188 3301 —
214 3289 256 3313 ex
278 3284 367 3313 tanto
390 3284 533 3325 scripsi:
559 3291 602 3315 ea:
624 3285 688 3313 toto
713 3281 792 3318 VS;
818 3290 861 3312 ex
883 3283 928 3312 tot
951 3277 1162 3310 Gulielmius.
1195 3278 1244 3311 Cf.
1271 3278 1302 3319 g.
1327 3278 1359 3310 3.
1385 3279 1438 3310 45.
1457 3279 1510 3312 46.
1530 3297 1565 3302 —
1593 3281 1646 3311 22.
1666 3281 1899 3320 producantur

149 3329 189 3361 V.
218 3348 253 3353 —
276 3331 329 3363 23.
348 3333 435 3372 proh
457 3334 490 3366 S.
517 3350 552 3357 —
579 3333 612 3365 di
633 3332 681 3364 V:
707 3331 754 3363 clii
775 3331 847 3363 SO.

204 3390 320 3422 Cranno
338 3390 371 3422 T.
386 3391 422 3423 11.
1549 3390 1603 3434 30
