2143 3713
593 214 687 255 CAP.
718 212 1085 253 LXVIII—Lxx.
1124 210 1197 265 55.
1228 207 1479 250 1193-«1110.
1826 207 1905 247 599

170 329 406 383 diligentia,
452 329 494 368 in
526 327 710 380 singulos
742 325 968 377 municipes
999 324 1253 377 benignitas,
1284 324 1324 361 in
1357 335 1499 361 omnes
1532 322 1720 361 homines
1752 321 1907 361 iustitia

170 398 210 432 et
249 390 362 431 lides.
415 391 627 430 Praeterea
665 386 918 426 nobilitatem
961 387 1071 426 illam
1113 388 1218 425 inter
1249 397 1348 424 suos
1379 384 1600 437 locumque
1632 398 1655 423 a
1685 382 1908 422 maioribus

171 454 361 494 traditum
393 453 451 492 sic
482 456 639 497 tuetur,
668 453 713 488 ut
735 448 935 488 maiorum
967 449 1230 501 gravitatem,
1263 446 1556 492 constantiam,
1588 446 1779 498 gratiam,
1810 444 1910 483 libe-

171 516 373 555 ralitatem
413 517 667 566 assequatur.
732 511 876 563 Itaque
918 511 964 550 iis
1006 524 1098 549 eum
1139 508 1273 548 verbis
1315 507 1478 560 publice
1520 506 1711 553 laudant,
1752 511 1911 546 utnon

171 577 305 616 solum
348 575 626 616 testimonium
667 586 786 611 suum
827 572 1108 625 iudiciumque
1149 569 1405 622 significent,
1447 581 1590 607 verum
1621 569 1740 608 etiam
1773 580 1943 608 curam5

171 640 295 679 animi
334 652 380 678 ac
411 637 607 676 dolorem.
658 634 774 682 Quae
805 635 901 673 dum
935 634 1114 673 laudatio
1148 633 1364 677 recitatur,
1405 644 1478 670 vos
1510 643 1687 683 quaeso,
1720 629 1791 682 qui
1824 642 1913 669 eam

172 700 396 746 detulistis,
426 698 640 749 assurgite.

291 759 375 800 197.
405 761 464 799 Ex
496 758 672 798 lacrimis
704 758 870 805 horum,
914 757 1092 802 iudices,
1133 755 1371 796 existimare
1403 754 1600 807 potestis,
1641 766 1784 793 omnes
1814 752 1916 792 haec

173 823 415 864 decuriones
457 821 690 860 decrevisse
731 820 1001 859 lacrimantes.
1057 820 1141 871 Age
1182 831 1298 864 vero,
1339 818 1568 857 vicinorum
1600 820 1802 869 quantum
1833 819 1918 854 stu-

173 886 306 932 dium,
338 896 460 937 quam
484 882 736 921 incredibilis
760 882 1067 928 benevolentia,
1100 886 1250 934 quanta
1277 893 1374 919 cura
1397 879 1478 919 est!
1511 880 1601 918 Non
1623 876 1682 917 illi
1704 877 1746 916 in
1767 875 1918 915 libellis
1934 891 1966 919 Ἰιο

173 945 450 986 laudationem
482 943 687 982 decretam
720 943 940 989 miserunt,
973 943 1043 982 sed
1070 943 1257 981 homines
1279 941 1618 986 honestissimos,
1650 952 1756 993 quos
1777 951 1920 978 nosse-

172 1021 260 1046 mus
292 1019 452 1053 omnes,
481 1006 562 1045 huc
593 1005 831 1057 frequentes
862 1006 1007 1044 adesse
1030 1011 1070 1045 ct
1100 1005 1209 1044 hunc
1233 1009 1473 1057 praesentes
1496 1003 1665 1042 laudare
1687 1001 1920 1041 voluerunt.

170 1069 329 1108 Adsunt
357 1068 601 1115 Ferentani,
640 1068 830 1107 homines
862 1067 1130 1113 nobilissimi,
1169 1066 1393 1106 Marrucini
1439 1066 1534 1105 item
1572 1064 1661 1118 pari
1694 1063 1920 1115 dignitate:

170 1131 310 1170 Teano
347 1130 482 1182 Apulo
524 1136 648 1183 atque
690 1130 862 1169 Luceria
895 1129 1057 1182 equites
1094 1130 1325 1173 Romanos,
1367 1128 1558 1167 homines
1588 1125 1920 1170 honestissimos,

170 1192 405 1232 laudatores
446 1191 619 1232 videtis:
662 1193 845 1231 Boviano
889 1196 1058 1243 totoque
1090 1204 1141 1229 ex
1173 1191 1342 1229 Samnio
1376 1205 1468 1229 cum
1501 1188 1761 1229 laudationes
1791 1186 1970 1230 hone-45

171 1254 376 1294 stissimae
407 1255 559 1294 missae
590 1260 705 1300 sunt,
740 1260 824 1293 tum
856 1253 1045 1293 homines
1076 1253 1322 1305 amplissimi
1351 1251 1684 1304 nobilissimique
1705 1252 1921 1288 venerunt.

171 1314 263 1354 198.
294 1316 379 1355 13111
411 1317 480 1369 qui
512 1317 552 1355 in
584 1329 682 1369 agro
716 1316 897 1355 Larinati
930 1315 1120 1367 praedia,
1162 1315 1232 1367 qui
1266 1315 1455 1366 negotia,
1500 1314 1572 1367 qui
1603 1326 1668 1352 res
1708 1310 1921 1363 pecuarias

170 1377 346 1424 habent,
377 1377 542 1417 honesti
573 1378 764 1417 homines
797 1383 836 1416 et
867 1390 1026 1416 summo
1050 1376 1272 1429 splendore
1303 1376 1500 1429 praediti,
1532 1374 1702 1414 difficile
1727 1373 1840 1412 dictu
1862 1377 1924 1411 est

172 1453 294 1493 quam
336 1439 418 1479 sint
456 1440 647 1486 solliciti,
688 1453 811 1492 quam
853 1439 1052 1479 laborent.
1109 1441 1197 1478 Non
1243 1438 1358 1478 multi
1392 1438 1490 1477 mihi
1524 1437 1574 1476 ab
1603 1450 1687 1476 uno
1719 1436 1777 1475 sic
1807 1435 1922 1487 diligi

171 1501 385 1548 videntur,
416 1507 462 1541 ut
490 1501 557 1541 hic
589 1502 638 1541 ab
669 1502 718 1542 iis
751 1502 967 1541 universis.
1936 1512 1971 1541 20

283 1563 409 1602 LXX.
442 1564 575 1611 Quam
607 1564 731 1603 doleo
762 1563 905 1603 abesse
938 1564 986 1602 ab
1017 1563 1141 1603 huius
1174 1562 1329 1602 iudicio
1361 1562 1406 1601 L.
1433 1561 1729 1607 Volusienum,
1761 1572 1921 1599 summo

174 1626 397 1679 splendore
437 1625 647 1666 hominem
691 1639 736 1665 ac
777 1626 926 1665 virtute
965 1625 1219 1678 praeditum!
1265 1624 1425 1664 Vellem
1465 1627 1725 1677 praesentem
1756 1634 1923 1675 possem

171 1690 213 1728 P.
245 1688 483 1728 Helvidium
514 1688 688 1735 Rufum,
730 1688 911 1741 equitem
944 1688 1176 1726 Romanum
1207 1687 1391 1727 omnium
1423 1685 1751 1731 ornatissimum,
1790 1683 1925 1723 nomi-

171 1750 293 1790 nare!
335 1750 406 1803 qui
446 1764 538 1789 cum
576 1750 700 1790 11111115
739 1763 862 1789 causa
902 1750 990 1789 dies
1029 1754 1258 1803 noctesque
1300 1748 1491 1801 vigilaret
1529 1752 1694 1787 etcum
1724 1759 1789 1786 me
1817 1745 1924 1786 hanc

173 1825 340 1852 causam
372 1811 559 1859 doceret,
592 1813 633 1851 in
666 1813 854 1852 morbum
887 1825 1051 1865 gravem
1083 1812 1448 1864 periculosumque
1479 1808 1652 1849 incidit:
1684 1809 1726 1849 in
1750 1821 1832 1862 quo
1863 1813 1924 1848 ta-
1937 1824 1973 1854 25

174 1888 268 1915 men
301 1887 382 1913 non
415 1875 548 1914 minus
581 1874 631 1914 de
663 1875 796 1927 capite
833 1874 955 1914 huius
987 1888 1107 1927 quam
1140 1873 1190 1912 de
1222 1886 1294 1913 sua
1326 1873 1410 1913 vita
1439 1872 1611 1912 laborat.
1658 1870 1730 1911 Cn.
1760 1869 1924 1910 Tudicii

173 1936 401 1983 senatoris,
434 1936 509 1975 viri
543 1937 687 1989 optimi
721 1942 761 1976 et
790 1936 1097 1983 honestissimi,
1128 1948 1203 1991 par
1233 1935 1415 1975 studium
1444 1947 1494 1973 ex
1516 1933 1754 1973 testimonio
1777 1937 1818 1972 et
1837 1931 1925 1972 lau-

174 1998 342 2038 datione
374 1999 647 2050 cognoscetis.
697 1998 851 2038 Eadem
885 2011 976 2051 spe,
1016 1998 1087 2037 sed
1120 1999 1276 2037 maiore
1306 1995 1558 2036 verecundia
1589 1995 1639 2034 de
1670 2000 1730 2042 te,
1769 1995 1811 2034 P.
1841 1994 1925 2034 Vo-

173 2060 325 2107 lumni,
358 2059 554 2113 quoniam
587 2059 715 2099 iudex
747 2074 789 2099 cs
821 2061 861 2099 in
893 2062 942 2099 A.
968 2060 1225 2106 Cluentium,
1256 2059 1444 2098 dicimus.
1493 2058 1547 2097 Et
1575 2070 1628 2097 ne
1659 2057 1830 2109 longum
1861 2056 1923 2103 sit,

174 2121 359 2161 omnium
391 2121 621 2161 vicinorum
661 2135 861 2161 summam
903 2135 993 2161 esse
1034 2121 1075 2160 in
1116 2122 1226 2162 hunc
1256 2121 1587 2161 benevolentiam
1619 2116 1972 2166 confirmamus.30

175 2180 267 2222 1199.
299 2183 458 2222 Horum
490 2183 673 2223 omnium
705 2183 909 2229 studium,
952 2196 1113 2230 curam,
1155 2183 1413 2236 diligentiam
1446 2193 1667 2234 meumque
1698 2193 1780 2220 una
1810 2180 1925 2220 labo-

173 2258 280 2293 rem,
313 2245 384 2298 qui
416 2250 542 2285 totam
574 2245 680 2285 hanc
712 2259 874 2285 causam
903 2251 1043 2285 vetere
1074 2246 1263 2285 instituto
1286 2245 1397 2284 solus
1419 2244 1631 2297 peroravi,
1662 2248 1925 2296 vestramque

175 2307 319 2355 simul,
352 2308 533 2354 iudices,
569 2307 822 2360 aequitatem
854 2313 894 2346 et
925 2308 1285 2347 mansuetudinem
1316 2320 1398 2346 11113
1428 2312 1559 2345 mater
1591 2309 1816 2359 oppugnat.
1874 2306 1926 2344 At

174 2382 279 2423 quae
311 2372 472 2409 mater?
506 2369 638 2417 Quam
671 2382 834 2409 caecam
866 2369 1108 2409 crudelitate
1140 2375 1180 2409 et
1209 2369 1365 2408 scelere
1397 2368 1492 2407 ferri
1515 2367 1684 2415 videtis,
1716 2366 1833 2407 cuius
1854 2379 1925 2406 cu-

173 2431 386 2483 piditatem
418 2430 532 2470 nulla
564 2444 759 2484 umquam
791 2431 1004 2483 turpitudo
1036 2431 1279 2478 retardavit,
1312 2443 1418 2483 quae
1440 2430 1550 2469 vitiis
1572 2428 1697 2469 animi
1725 2428 1768 2467 111
1789 2427 1971 2476 deter-35

173 2493 296 2532 rimas
338 2498 474 2545 partes
517 2493 605 2532 iura
636 2492 848 2532 hominum
881 2493 1082 2532 convertit
1114 2493 1273 2539 omnia,
1320 2493 1437 2532 cuius
1469 2505 1515 2531 ea
1547 2491 1722 2531 stultitia
1752 2494 1835 2536 est,
1878 2494 1925 2529 ut

1695 2675 1713 2686 ,-

262 2676 291 2709 1.
318 2680 535 2716 assequantur
557 2677 590 2707 S.
619 2694 653 2698 —
688 2677 726 2707 iis
749 2685 818 2708 om.
846 2677 878 2708 F.
911 2695 944 2698 —
978 2676 1116 2716 publicis
1140 2676 1172 2708 F.
1201 2695 1235 2699 —
1263 2677 1293 2708 G.
1320 2675 1402 2716 eam]
1427 2676 1495 2707 iam
1519 2675 1590 2707 FA.
1622 2691 1656 2696 —
1702 2683 1725 2706 1.
1751 2675 1921 2716 assurgite.

175 2725 381 2757 LAVDATIO
405 2726 599 2757 CLVENTII
618 2726 679 2757 EX
698 2725 975 2758 DECI'RIONI'M
999 2727 1256 2758 LARINATIVM
1278 2726 1482 2758 DECRETO.
1508 2725 1562 2756 Ex
1585 2732 1653 2765 mg.
1679 2722 1722 2763 2,
1748 2724 1784 2755 O.
1806 2741 1840 2745 —
1867 2724 1919 2755 ⁴0.

175 2784 276 2814 quam
296 2775 491 2807 *incredibilis
506 2793 552 2799 —-
567 2785 649 2807 cura
673 2780 716 2807 est
739 2784 807 2807 om.
826 2776 859 2806 F.
878 2793 911 2798 —
938 2777 989 2807 lt.
1015 2777 1236 2808 laudationem
1259 2777 1420 2807 decretam
1443 2776 1518 2806 ST:
1545 2775 1772 2806 laudationum
1795 2774 1923 2805 decreta

176 2828 199 2858 R
213 2826 276 2858 AL
290 2825 363 2859 ΒΟ.
381 2843 416 2849 —-
442 2826 493 2857 43.
511 2826 667 2857 Frentani
690 2827 712 2857 F
726 2826 762 2856 Ο.
791 2825 839 2856 Cf.
860 2824 979 2865 Polyb.
998 2826 1037 2856 11.
1056 2825 1108 2862 24,
1124 2826 1174 2856 422.
1195 2824 1330 2856 Florum
1349 2825 1373 2856 Ι.
1390 2824 1441 2862 ⁴8,
1457 2825 1487 2855 7.
1515 2841 1549 2846 ——
1576 2824 1774 2855 Marrucinii
1797 2824 1818 2854 S
1831 2824 1867 2854 T.
1884 2841 1917 2846 -

176 2875 228 2907 44.
253 2875 395 2906 homines
416 2875 650 2907 honestissimos
672 2876 729 2906 ST
743 2876 783 2907 L:
809 2875 1045 2906 honestissimos
1066 2876 1208 2906 homines
1231 2876 1291 2906 ΡΑ
1305 2873 1327 2908 {²
1342 2875 1378 2906 O.
1406 2892 1439 2896 —
1469 2874 1520 2905 45.
1547 2873 1671 2905 Boiano
1695 2872 1773 2906 atA.
1798 2873 1923 2905 Emen-

177 2923 270 2956 davit
292 2924 365 2956 Nlo.
390 2923 563 2964 Angelius.
591 2942 625 2946 —
654 2925 704 2956 47.
729 2925 887 2956 Larinate
910 2925 944 2955 L.
967 2942 1001 2946 -—
1022 2925 1199 2964 pecuarias
1221 2926 1268 2962 A,
1294 2932 1361 2964 mg.
1386 2922 1424 2961 Q,
1451 2923 1494 2954 0:
1515 2923 1729 2962 pecuniarias
1751 2920 1863 2955 QILQ.
1883 2939 1917 2943 —

178 2973 229 3005 ⁴8.
247 2976 292 3004 est
314 2981 384 3004 orn.
404 2974 440 3004 T.
461 2990 494 2993 —
522 2973 574 3004 ΞΟ.
600 2973 639 3003 iis
654 2973 728 3004 ST:
755 2974 802 3003 his
819 2974 937 3003 ceteri.
960 2990 993 2993 —
1020 2974 1072 3004 21.
1091 2982 1189 3012 quam
1210 2974 1298 3004 (loleo
1316 2972 1530 3005 Classenius:
1557 2973 1687 3012 quando
1711 2971 1797 3009 aim
1823 2979 1923 3011 quam

177 3031 242 3054 non
271 3031 352 3054 cum
383 3021 438 3053 ed.
463 3021 730 3055 lutitina·l.ssO.
759 3039 794 3044 —-
831 3021 935 3062 huius]
960 3021 1017 3052 hoc
1040 3023 1076 3052 L.
1104 3039 1138 3043 —
1177 3023 1228 3053 ⁵2⁵2.
1256 3023 1454 3062 praeditum.
1477 3021 1589 3053 vellem
1608 3025 1811 3061 praesentem
1833 3019 1919 3053 5JIA:

176 3071 362 3110 praeditum
384 3070 521 3102 vellem?
546 3075 748 3110 praesentem
772 3068 811 3108 Q
835 3072 1021 3110 praedition-
1043 3071 1180 3102 vellem?
1204 3081 1303 3111 quam
1325 3072 1436 3102 vellem
1454 3075 1658 3111 praesentem
1680 3073 1703 3103 L
1717 3071 1753 3103 O.
1773 3088 1807 3093 —
1828 3079 1922 3110 posse

182 3120 253 3151 LO.
275 3138 308 3142 —
334 3119 387 3152 ⁶24.
413 3129 513 3151 causa
537 3129 607 3151 om.
625 3121 661 3151 T.
683 3139 717 3143 —-
744 3121 796 3152 ⁶25.
817 3130 878 3159 quo
903 3129 970 3151 om.
989 3120 1025 3150 T.
1046 3137 1079 3141 —
1107 3120 1158 3151 26.
1178 3120 1347 3152 laborabat
1364 3119 1395 3152 53.
1418 3138 1452 3142 —-
1474 3121 1583 3152 Tudici
1607 3121 1627 3152 S
1642 3118 1790 3158 FAL23
1818 3119 1922 3152 Tuditi

181 3169 217 3200 T.
239 3185 273 3190 —
298 3169 351 3200 ⁶27.
377 3178 418 3201 er
434 3169 616 3201 Graevius:
643 3173 671 3200 et
694 3171 754 3201 ΡΑ
769 3171 792 3201 L
807 3168 847 3201 Q:
875 3170 906 3200 in
923 3170 964 3200 O:
992 3177 1060 3200 om.
1081 3169 1149 3200 ST.
1177 3170 1226 3201 Cf.
1245 3168 1463 3210 Wesenberg
1487 3169 1530 3201 ad
1553 3178 1604 3201 or.
1630 3178 1663 3211 p.
1682 3170 1791 3201 Sestio
1814 3179 1848 3211 p.
1866 3169 1917 3202 32.

182 3219 215 3249 et
239 3217 281 3249 de
303 3219 508 3258 permutatis
524 3217 640 3249 verbis
663 3222 692 3250 et
707 3221 812 3260 atque
829 3228 871 3250 ex
885 3228 956 3249 var.
975 3217 1052 3250 lect.
1071 3217 1113 3249 ad
1130 3227 1163 3259 p.
1178 3219 1251 3251 5¹13.
1269 3229 1302 3250 V.
1322 3220 1373 3251 Μ.
1392 3237 1426 3241 -
1452 3220 1666 3251 testimonium
1683 3220 1716 3250 F.
1737 3236 1771 3241 -
1790 3219 1844 3251 ΞΒ.
1860 3228 1920 3250 vo-

180 3268 295 3299 lumini
317 3269 352 3301 T.
373 3287 408 3292 —-
434 3269 485 3301 30.
505 3269 647 3300 omnium
663 3277 731 3300 0111.
750 3271 786 3300 T.
808 3286 841 3291 —
869 3269 920 3300 31.
939 3269 1083 3299 onmium
1104 3269 1219 3299 horum
1235 3270 1266 3299 S.
1287 3286 1321 3290 —
1349 3268 1400 3300 32.
1425 3272 1628 3308 vestrumque
1644 3269 1725 3299 T.—
1752 3267 1803 3300 34.
1821 3277 1919 3301 caeca

182 3317 216 3348 F.
244 3334 278 3339 —
306 3317 357 3350 36.
382 3319 473 3351 cuius
495 3328 533 3352 ea
555 3322 594 3351 st.
619 3322 679 3358 esc,
707 3323 740 3351 ut
762 3328 835 3352 eam
859 3328 949 3352 nemo
972 3319 1131 3351 hominem
1153 3318 1318 3358 appellare
1335 3318 1437 3358 possit
1458 3318 1650 3350 Priscianus
1672 3318 1726 3350 VI.
1753 3317 1788 3357 3,
1814 3318 1827 3350 4
1835 3319 1865 3350 5.
