2143 3713
655 225 751 265 οη.
783 224 971 263 xxxw.
1010 222 1084 276 §§·
1115 219 1360 263 403-404.
1792 218 1871 260 515

134 337 232 376 dum
263 337 334 383 sit,
373 337 533 377 habetis
562 335 771 375 hominem
804 335 1000 387 singulari
1032 334 1211 387 pudore,
1248 335 1397 374 virtute
1428 334 1591 385 cognita
1622 339 1662 374 et
1690 339 1872 387 spectata

132 398 234 446 fide,
275 399 527 452 amplissimo
566 397 691 437 totius
721 396 908 435 Etruriae
950 397 1142 443 nomine,
1182 396 1224 435 in
1264 402 1437 448 utraque
1467 395 1631 435 fortuna
1662 396 1871 448 cognitum

133 461 271 500 multis
302 461 430 514 signis
461 465 501 500 et
529 457 692 498 virtutis
724 463 764 496 et
793 457 1073 497 humanitatis.
1133 458 1174 497 Si
1212 457 1311 510 quid
1354 457 1395 496 in
1435 458 1636 496 contraria
1673 463 1788 510 parte
1831 457 1872 495 in

131 523 300 561 homino
330 520 621 562 offendendum
651 519 724 565 sit,
766 518 925 559 habetis
957 533 1070 565 eum,
1117 524 1161 557 ut
1191 518 1294 558 nihil
1327 518 1461 558 dicam
1491 518 1687 570 amplius,
1727 518 1797 571 qui
1829 532 1872 557 se

131 584 322 624 homines
352 582 532 635 coegisse
562 580 750 620 fateatur.
811 581 880 620 Sin
915 580 1158 620 hominibus
1199 581 1368 620 remotis
1409 579 1460 619 de
1499 593 1623 619 causa
1662 580 1903 633 quaeritis,5

133 660 224 686 cnm
254 645 450 684 iudicium
491 642 541 682 de
579 643 617 681 vi
651 643 723 689 sit,
766 642 822 689 is,
866 643 937 696 qui
977 643 1180 695 arguitur,
1220 643 1303 681 vim
1343 655 1386 682 se
1423 641 1663 681 hominibus
1706 642 1873 681 armatis

132 708 278 747 secisse
308 707 499 752 fateatur,
530 704 655 744 verbo
688 718 755 750 se,
787 718 870 743 non
901 705 1110 758 aequitate
1141 703 1364 743 defendere
1396 709 1590 751 conetur,
1631 703 1673 743 id
1704 716 1873 757 quoque

133 770 169 809 ci
199 770 365 809 verbum
397 769 531 820 ipsum
572 772 756 819 ereptum
790 778 879 806 esse
909 766 1108 813 videatis,
1150 766 1438 806 auctoritatem
1469 765 1871 818 sapientissimorum

131 831 343 871 hominum
372 829 506 868 facere
537 829 776 876 nobiscum
820 830 861 868 in
893 829 1090 869 iudicium
1130 841 1212 867 non
1251 828 1415 875 venire,
1454 833 1590 867 utrum
1621 828 1667 866 A.
1699 826 1873 866 Caecina

131 891 363 944 possederit
399 903 550 937 necne,
590 895 727 929 tamen
767 891 904 930 doceri
945 890 1200 944 possedisse;
1232 890 1361 930 multo
1392 889 1515 929 etiam
1549 889 1683 928 minus
1715 888 1922 942 quaeri,10

131 954 178 992 Α.
202 952 399 991 Caecinae
429 951 582 991 fundus
613 952 666 991 sit
695 965 839 1000 necne,
871 965 934 991 me
965 958 1100 991 tamen
1132 951 1172 991 id
1195 953 1330 1004 ipsum
1353 951 1556 998 docuisse,
1587 950 1760 990 fundum
1783 962 1874 989 esse

133 1014 352 1054 Caecinae:
384 1026 477 1052 cum
506 1013 609 1053 haec
639 1013 696 1053 ita
725 1014 828 1061 sint,
859 1015 1040 1061 statuite,
1067 1014 1167 1068 quid
1193 1027 1266 1054 vos
1298 1019 1483 1067 tempora
1512 1013 1571 1052 rei
1600 1012 1791 1065 publicae
1823 1011 1872 1051 de

130 1076 295 1114 armatis
335 1074 594 1122 hominibus,
635 1075 734 1128 quid
765 1076 876 1116 illius
908 1076 1116 1115 confessio
1148 1075 1197 1116 de
1229 1077 1290 1123 vi,
1332 1075 1432 1129 quid
1464 1080 1605 1114 nostra
1635 1074 1791 1114 decisio
1823 1072 1873 1112 de

129 1137 351 1190 aequitate,
382 1137 482 1191 quid
511 1137 615 1177 ratio
645 1137 852 1177 interdicti
883 1137 935 1177 de
965 1138 1053 1177 iure
1084 1137 1305 1178 admoneat
1334 1143 1381 1178 ut
1409 1137 1616 1178 iudicetis.

214 1316 245 1347 Ξ.
271 1316 469 1355 amplissimo
492 1316 588 1347 totius
615 1316 773 1347 Etruriae
794 1316 923 1347 nomine
947 1316 1150 1348 Garatonius
1178 1315 1246 1356 (2):
1279 1315 1470 1355 amplissimi
1493 1315 1590 1346 totius
1611 1323 1643 1346 se
1668 1314 1734 1345 turi
1756 1322 1792 1346 re
1814 1323 1876 1345 ηο-

128 1365 214 1396 mine
229 1366 265 1402 T;
291 1365 480 1404 amplissimi
495 1374 527 1397 se
542 1366 639 1397 lutire
649 1366 776 1397 nomine
795 1367 896 1397 tocius
908 1366 946 1404 V;
965 1366 1183 1405 amplissimae
1194 1366 1352 1397 Etruriae
1366 1366 1494 1397 nomine
1509 1366 1606 1397 totius
1621 1366 1651 1402 t;
1670 1364 1878 1404 amplissimis

128 1414 285 1446 Etruriae
306 1415 433 1446 nomine
455 1416 552 1446 totius
574 1415 598 1446 R
612 1417 655 1452 A}
681 1416 934 1455 amplissimum,
960 1415 1133 1446 Heli-uriae
1154 1415 1284 1446 nomine
1306 1415 1402 1446 totius
1425 1423 1505 1447 cum
1528 1413 1649 1446 Aldina
1672 1412 1713 1451 ἒς
1739 1413 1877 1452 amplis-

129 1464 246 1495 simum
273 1465 384 1495 uirum
405 1465 562 1496 Etruriae
584 1465 680 1495 totius
704 1465 744 1496 L:
775 1465 982 1504 amplissimis
1007 1465 1087 1495 viris
1108 1464 1266 1495 Etruriae
1295 1465 1392 1495 totius
1417 1472 1497 1496 cum
1522 1463 1680 1495 Ernestio
1705 1462 1774 1503 (qui
1795 1462 1876 1493 ciris

131 1512 262 1544 addidit
285 1521 326 1545 ex
349 1522 417 1545 uno
436 1514 692 1552 Oxoniensium,
719 1514 799 1546 edd.
818 1515 958 1546 Venetis
981 1513 1091 1545 tribus
1106 1515 1140 1544 et
1162 1514 1306 1553 Iuntina)
1321 1514 1400 1546 0.—
1419 1513 1450 1546 4.
1469 1514 1693 1553 offendendum
1709 1511 1760 1553 sit]
1777 1513 1875 1552 offen-

131 1562 234 1593 derim
255 1562 282 1593 si
305 1564 348 1599 T;
385 1559 608 1602 offendendum
631 1567 676 1594 est
698 1562 863 1595 Halmius.
899 1581 933 1586 —
968 1565 998 1596 8.
1024 1567 1169 1603 creptum
1191 1573 1216 1594 α
1239 1565 1274 1594 et
1296 1563 1320 1594 L
1334 1562 1412 1596 80:
1444 1563 1612 1603 dereptum
1634 1562 1679 1599 V3
1715 1562 1876 1600 direptum

133 1612 208 1643 ΒΑ.
238 1629 272 1633 ——-
306 1621 370 1644 esse
391 1614 542 1652 videatis,
577 1614 712 1644 rideatis
741 1613 969 1645 auctoritatem
991 1613 1157 1645 Kellerus.
1187 1631 1222 1635 —
1254 1613 1284 1644 9.
1309 1613 1416 1652 facere
1440 1621 1509 1644 om.
1537 1613 1573 1643 T.
1609 1630 1644 1634 -—
1673 1611 1710 1643 Α.
1737 1610 1877 1643 Caecina

133 1661 175 1692 T:
209 1669 277 1692 oin.
303 1670 517 1701 praenomen
542 1662 674 1696 ΒΑΝ
690 1662 727 1694 O.
765 1662 814 1694 Ct.
841 1662 870 1703 g.
897 1663 948 1694 93.
977 1680 1012 1684 —
1040 1663 1090 1694 210.
1117 1667 1224 1694 tamen
1247 1663 1360 1694 docere
1381 1661 1566 1694 TVGMb
1582 1659 1748 1702 nipqtss
1772 1662 1807 1692 et
1827 1662 1873 1697 A}

133 1714 239 1743 tamen
263 1712 414 1744 dococere
429 1721 463 1749 a;
489 1721 562 1743 cum
585 1713 710 1744 (laceret
726 1721 756 1744 e.
778 1731 813 1735 —
839 1712 937 1745 ctiam
953 1720 1032 1743 cum
1050 1711 1169 1743 Aldina
1193 1713 1217 1743 L
1232 1711 1252 1745 ἓ
1266 1713 1309 1743 O:
1336 1713 1403 1743 iam
1419 1710 1448 1744 ⁶21
1462 1714 1499 1743 Α.
1520 1729 1555 1733 —
1582 1712 1711 1751 quaerit
1726 1709 1754 1742 ⁴21
1779 1718 1877 1751 prae-

135 1762 186 1791 ter
209 1761 241 1791 k.
271 1778 306 1783 —
332 1762 383 1793 Μ.
407 1762 444 1793 Α.
469 1762 608 1794 Caecina
629 1762 749 1802 fundus
770 1763 810 1793 sil
832 1770 947 1798 necne,
972 1779 990 1784 -
1005 1779 1023 1783 -
1045 1761 1182 1801 fundum
1212 1770 1275 1793 esse
1303 1761 1476 1793 Caecinam
1506 1760 1549 1792 de
1573 1761 1745 1792 Bucanani
1770 1768 1874 1801 prava

135 1811 333 1843 coniectura
355 1812 392 1842 L.
418 1828 453 1832 —
481 1811 532 1843 44.
558 1812 670 1842 indicti
691 1812 733 1849 T,
759 1812 790 1842 in
815 1811 891 1843 dicti
912 1811 952 1843 V.
980 1826 1014 1833 -
1041 1811 1214 1842 admoneat
1237 1811 1388 1842 TVek:
1415 1811 1613 1842 admoneant
1634 1808 1769 1843 ΒΑΜ
1785 1809 1822 1841 Ο.
