2127 3708
640 206 735 247 CAP.
765 206 843 246 xv
858 227 912 237 -
927 206 1037 247 xvl.
1075 204 1150 260 §5-
1180 204 1235 247 46
1251 229 1305 237 -
1321 205 1386 247 52.
1836 204 1888 247 43

145 322 399 362 continuone
438 331 579 360 verum
610 317 689 358 fnit
720 319 952 371 postulare,
993 324 1039 359 ut
1079 332 1130 359 ex
1162 319 1298 359 edicto
1328 319 1440 359 hona
1471 320 1686 372 possidere
1718 319 1889 360 liceret?

145 385 207 423 Ad
251 384 352 424 haec
392 387 574 422 extrema
604 387 645 420 et
683 381 970 421 inimicissima
1002 383 1091 421 iura
1122 387 1205 421 tam
1237 382 1389 434 cupide
1419 382 1692 430 decurrebas,
1740 388 1785 422 ut
1816 381 1889 421 tibi

146 447 249 486 nihil
281 447 322 486 in
351 449 583 500 posterum,
615 444 727 497 quod
759 444 925 496 gravius
955 449 1080 497 atquc
1112 444 1321 483 crudelius
1342 444 1478 483 facere
1506 457 1675 496 posses,
1708 456 1892 484 reserva-

145 511 239 549 res?
284 507 348 547 49.
379 509 479 547 Nam
514 506 614 559 quid
644 506 804 545 homini
836 511 974 558 potest
1005 505 1189 558 turpius,
1221 506 1321 559 quid
1352 519 1450 545 vero
1474 506 1666 545 miserius
1688 512 1758 546 aut
1779 519 1893 546 acer-

145 570 238 610 bius
276 583 353 609 usu
389 569 562 608 venire?
604 569 716 622 quod
758 573 915 607 tantum
958 569 1125 607 evenire
1156 569 1356 616 dedecus,
1398 581 1504 621 quae
1536 573 1649 607 tanta
1678 568 1891 608 calamitas
1923 574 1941 602 5

146 632 321 672 inveniri
367 633 538 684 potest?
596 631 816 670 Pecuniam
861 631 892 669 si
941 631 1123 683 cuipiam
1161 629 1327 670 fortuna
1367 631 1522 670 ademit
1551 635 1623 669 aut
1653 630 1685 668 si
1717 630 1892 671 alicuius

147 694 297 747 eripuit
328 694 497 741 iniuria,
544 699 702 740 tamen,
749 694 847 732 dum
886 693 1140 732 existimatio
1174 698 1236 733 est
1272 694 1455 745 integra,
1500 692 1621 731 facile
1652 693 1894 732 consolatur

143 756 338 795 honestas
377 762 614 808 egestatem.
672 756 725 796 At
770 768 854 794 non
897 768 1018 794 nemo
1059 760 1130 794 aut
1172 756 1402 808 ignominia
1433 756 1604 794 affectus
1635 759 1707 793 aut
1737 755 1892 794 iudicio

146 818 254 871 turpi
286 818 499 857 convictus
530 818 652 858 honis
686 818 856 872 quidem
888 818 973 857 suis
1004 818 1157 865 utitur,
1190 818 1360 858 alterius
1391 831 1513 871 opes,
1544 817 1586 856 id
1609 817 1722 870 quod
1750 817 1894 857 miser-

144 881 292 921 rimum
324 886 404 928 est,
435 894 519 921 non
552 886 788 933 exspectat:
835 880 914 920 hoc
946 886 1083 920 tamen
1115 881 1157 920 in
1188 880 1367 920 miseriis
1399 880 1640 920 adiumento
1673 884 1713 919 et
1743 879 1893 919 solatio
1910 886 1944 915 ⁴0

145 943 393 983 sublevatur.
456 943 582 983 Cuius
613 957 712 983 vero
743 944 854 983 bona
884 944 1127 991 venierunt3
1166 943 1285 982 cuius
1325 956 1410 982 non
1441 943 1566 982 modo
1599 941 1694 981 illae
1725 942 1896 995 amplis-

145 1006 272 1045 simae
301 1005 514 1053 sortunae,
546 1006 618 1045 sed
649 1006 773 1045 etiam
803 1006 937 1045 victus
969 1006 1229 1058 vestitusque
1259 1004 1521 1044 necessarius
1543 1004 1618 1043 sub
1643 1017 1894 1057 praeconem

145 1081 238 1107 cum
268 1067 471 1107 dedecore
503 1067 714 1107 subiectus
746 1073 833 1107 est:
866 1068 900 1106 is
932 1081 1017 1107 non
1048 1068 1173 1107 modo
1206 1080 1259 1106 ex
1288 1080 1463 1106 numero
1485 1066 1676 1106 vivorum
1702 1067 1896 1107 exturba-

144 1136 233 1178 tur,
264 1130 355 1177 sed,
389 1131 422 1170 si
454 1127 542 1170 fieri
572 1135 732 1182 potest,
764 1130 873 1169 insra
904 1130 1029 1169 etiam
1060 1134 1247 1169 mortuos
1279 1129 1538 1168 amandatur.
1588 1129 1752 1168 Etenim
1784 1142 1894 1169 mors

143 1193 317 1233 honesta
348 1206 470 1246 saepe
500 1193 626 1232 vitam
657 1206 829 1246 quoque
860 1198 1024 1245 turpem
1057 1197 1252 1232 exornat:
1284 1192 1369 1231 vita
1397 1192 1532 1244 turpis
1563 1205 1615 1231 ne
1649 1193 1771 1232 morti
1804 1193 1945 1246 qui-⁴5

145 1256 238 1295 dem
268 1256 471 1295 honestae
501 1255 639 1295 locum
670 1256 884 1309 relinquit.
933 1254 998 1294 50.
1029 1256 1138 1308 Ergo
1169 1255 1362 1301 hercule,
1395 1254 1514 1293 cuius
1543 1254 1655 1293 bona
1685 1268 1737 1294 ex
1759 1255 1894 1295 edicto

145 1318 431 1372 possidentur,
461 1318 588 1358 huius
620 1318 755 1357 omnis
786 1318 896 1357 fama
926 1322 967 1357 et
997 1318 1252 1357 existimatio
1285 1330 1378 1356 cum
1408 1316 1530 1356 bonis
1553 1316 1676 1356 simul
1706 1317 1897 1370 posside-

145 1387 234 1429 tur;
279 1381 329 1420 de
370 1393 454 1434 quo
495 1379 625 1419 libelli
666 1380 708 1419 in
740 1380 1022 1420 celeberrimis
1053 1379 1158 1419 locis
1188 1384 1504 1433 proponuntur,
1549 1379 1648 1419 huic
1677 1392 1730 1419 ne
1760 1381 1897 1433 perire

146 1444 314 1497 quidem
344 1443 466 1483 tacite
498 1442 758 1496 obscureque
790 1442 1054 1489 conceditur;
1087 1442 1153 1482 cui
1184 1442 1371 1496 magistri
1400 1440 1506 1481 fiunt
1535 1446 1576 1481 et
1605 1442 1762 1481 domini
1798 1456 1898 1482 con-

145 1505 388 1553 stituuntur,
421 1505 515 1559 qui,
547 1518 630 1559 qua
659 1505 750 1557 lege
774 1510 919 1558 etqua
940 1504 1188 1545 condicione
1213 1510 1378 1558 pereat,
1409 1504 1706 1558 pronuntient3
1738 1505 1789 1546 de
1811 1519 1895 1560 quo
1909 1511 1947 1543 2⁰

144 1568 312 1608 homine
342 1568 559 1622 praeconis
591 1581 673 1607 vox
702 1567 919 1620 praedicat
949 1573 989 1607 et
1020 1567 1201 1620 pretium
1232 1566 1421 1608 conficit:
1453 1567 1551 1607 huic
1582 1567 1896 1608 acerbissimum

145 1632 240 1671 vivo
270 1631 512 1684 videntique
542 1630 667 1669 funus
699 1630 886 1677 ducitur,
919 1631 953 1670 si
984 1630 1109 1670 funus
1132 1631 1174 1670 id
1193 1631 1434 1671 habendum
1456 1630 1530 1677 sit,
1563 1643 1647 1683 quo
1670 1644 1755 1670 non
1775 1632 1897 1672 amici

146 1695 399 1734 conveniunt
428 1694 479 1733 ad
510 1693 731 1747 exsequias
759 1692 1116 1741 cohonestandas,
1150 1694 1223 1733 sed
1251 1694 1460 1733 bonorum
1481 1698 1714 1745 emptores,
1744 1699 1791 1734 ut
1811 1708 1900 1734 car-

146 1754 308 1803 nifices,
353 1756 405 1796 ad
436 1756 632 1809 reliquias
664 1755 773 1795 vitae
804 1756 1045 1795 lacerandas
1079 1761 1120 1795 et
1150 1755 1455 1795 distrahendas.
1514 1756 1625 1794 XVI.
1656 1753 1721 1795 5¹.
1753 1757 1899 1810 Itaque

148 1818 325 1857 maiores
355 1818 488 1857 nostri
518 1831 612 1857 raro
643 1817 685 1856 id
715 1818 904 1857 accidere
934 1818 1180 1866 voluerunt3
1212 1823 1446 1871 praetores,
1478 1823 1525 1857 ut
1544 1818 1806 1860 considerate
1829 1818 1900 1859 fie-
1913 1825 1949 1855 25

149 1884 232 1925 ret,
265 1883 630 1930 comparaverunt:
671 1879 750 1918 viri
779 1879 902 1927 boni,
935 1893 1027 1919 cum
1058 1881 1195 1933 palam
1225 1881 1493 1927 fraudantur,
1525 1894 1619 1920 cum
1650 1881 1898 1934 experiundi

150 1942 334 1994 potestas
364 1953 449 1979 non
480 1945 562 1987 est,
594 1940 738 1980 timide
765 1946 904 1981 tamen
936 1947 976 1980 et
1005 1943 1307 1995 pedetemptim
1337 1942 1443 1982 istuc
1475 1943 1750 1992 descendunt,
1780 1944 1821 1983 vi
1852 1957 1899 1983 ac

151 2001 395 2041 necessitate
426 2002 580 2048 coacti,
610 2002 752 2050 inviti,
784 2003 926 2043 multis
957 2005 1208 2044 vadimoniis
1240 2005 1436 2052 desertis,
1468 2018 1591 2058 saepe
1622 2005 1735 2044 illusi
1761 2019 1808 2045 ac
1829 2005 1900 2045 de-

152 2063 297 2103 stituti.
357 2063 630 2104 Considerant
660 2065 788 2111 enim,
821 2065 924 2118 quid
955 2070 995 2105 et
1025 2071 1229 2119 quantum
1259 2067 1334 2114 sit,
1377 2067 1548 2107 alterius
1579 2067 1692 2107 bona
1721 2067 1900 2120 proscri-

150 2126 259 2165 bere.
316 2126 508 2178 Iugulare
556 2128 688 2166 civem
728 2141 779 2167 ne
816 2128 906 2167 iure
947 2129 1116 2181 quidem
1158 2129 1381 2182 quisquam
1421 2130 1557 2169 bonus
1588 2129 1698 2168 vult:
1743 2129 1949 2169 mavult30

150 2201 494 2235 commemorare,
526 2201 592 2235 se,
623 2202 717 2228 cum
746 2194 888 2242 posset
918 2190 1111 2242 perdere,
1142 2192 1400 2244 pepercisse,
1433 2205 1577 2245 quam,
1609 2206 1704 2232 cum
1727 2205 1899 2245 parcere

149 2250 350 2303 potuerit,
380 2249 626 2302 perdidisse.
677 2250 789 2290 Haec
819 2250 863 2289 in
893 2250 1084 2291 homines
1115 2253 1417 2301 alienissimos,
1450 2253 1635 2308 denique
1662 2255 1901 2295 inimicissi-

149 2325 259 2359 mos,
289 2312 367 2352 viri
396 2311 497 2350 boni
527 2311 686 2352 faciunt
716 2318 756 2352 et
784 2313 1004 2354 hominum
1036 2314 1360 2356 existimationis
1393 2321 1434 2356 et
1454 2319 1686 2358 communis
1706 2318 1901 2358 humani-

148 2373 244 2413 tatis
273 2386 419 2421 causa,
448 2378 514 2421 ut,
547 2387 639 2414 cum
669 2375 749 2428 ipsi
779 2376 885 2415 nihil
916 2377 1035 2416 alteri
1064 2377 1242 2418 scientes
1264 2379 1638 2427 incommodarint,
1669 2380 1776 2420 nihil
1795 2381 1899 2434 ipsis

150 2435 239 2475 iure
269 2435 522 2476 incommodi
553 2437 700 2477 cadere
730 2439 876 2491 possit.
936 2437 1001 2478 52.
1046 2440 1109 2479 Ad
1138 2441 1427 2482 vadimonium
1456 2455 1542 2482 non
1572 2444 1699 2484 venit.
1760 2444 1949 2492 Quis‘235

237 2578 268 2609 4.
293 2577 416 2619 verum]
440 2581 584 2610 uestrum
606 2577 669 2618 kl,
695 2588 835 2619 aequum
859 2589 877 2612 e
892 2590 938 2613 m.
967 2583 1107 2614 «Verum
1131 2593 1194 2625 pro
1211 2585 1293 2616 iusto
1317 2585 1373 2616 hic
1390 2586 1530 2627 accipe»
1555 2595 1624 2626 mg.
1643 2586 1677 2618 h.
1705 2586 1754 2619 Cf.
1775 2595 1839 2619 nos
1856 2587 1901 2619 ad

152 2627 268 2658 Horat.
287 2627 372 2668 Epp.
392 2628 422 2667 l,
441 2628 472 2666 7,
492 2628 544 2660 98.
566 2646 601 2650 -
620 2629 650 2660 3.
665 2630 773 2671 atque]
790 2634 847 2661 aut
862 2631 966 2672 BGg.
988 2650 1023 2654 —-
1043 2632 1072 2665 4.
1098 2643 1177 2665 uero
1194 2635 1277 2666 BGK
1294 2637 1328 2666 et
1343 2637 1408 2668 AL:
1426 2636 1498 2668 viro
1515 2645 1595 2668 cum
1612 2637 1763 2669 Manutio
1780 2636 1840 2671 ΕΟ.
1862 2654 1897 2659 —-

152 2678 220 2719 aut]
238 2677 315 2717 quid
330 2678 361 2709 k.
379 2696 414 2700 —
441 2678 470 2709 6.
489 2679 634 2719 cuipiam
648 2680 674 2710 si
690 2682 728 2711 A.
747 2698 782 2701 —
809 2680 839 2711 9.
860 2680 922 2712 «al.
942 2682 1075 2714 altiores
1091 2692 1181 2723 opes,
1207 2684 1398 2717 mendose»
1416 2694 1485 2726 mg.
1505 2686 1537 2720 8.
1557 2703 1589 2709 -
1619 2687 1670 2718 Μ.
1689 2686 1901 2718 subleuantur

152 2736 183 2758 e.
204 2745 239 2749 —
263 2728 422 2759 uenierint
444 2729 477 2760 k.
496 2746 531 2750 —
559 2730 610 2761 ΛΞ.
632 2739 829 2770 praeconem
848 2731 1081 2774 Wesenberg:
1102 2743 1267 2773 praecone
1290 2743 1371 2766 cum
1387 2734 1482 2767 libris
1498 2738 1525 2768 Α
1539 2737 1594 2769 Le
1608 2737 1645 2768 Ο.
1670 2736 1746 2768 Vid.
1765 2736 1901 2777 Madvig

152 2776 195 2808 ad
216 2777 285 2808 Cic.
311 2777 354 2808 de
378 2778 473 2809 Finn.
498 2787 532 2819 p.
552 2779 613 2811 ⁵228
630 2788 682 2820 sq.
711 2797 745 2802 —
775 2781 826 2812 13.
854 2781 879 2812 is
901 2791 965 2813 non
986 2784 1082 2814 modo
1098 2801 1116 2806 -
1131 2801 1150 2806 -
1165 2801 1183 2806 -
1205 2788 1352 2816 mortuos
1374 2786 1554 2817 mandatur
1570 2795 1639 2818 om.
1657 2786 1680 2818 b
1695 2796 1724 2818 c.
1754 2805 1789 2809 —
1813 2788 1902 2818 viro-

150 2837 226 2859 rum
244 2829 271 2860 A
287 2830 321 2859 et
337 2836 454 2860 errore
471 2831 607 2870 typogr.
634 2831 670 2862 O.
692 2848 726 2852 -
747 2830 798 2862 14.
820 2830 881 2862 «al.
902 2832 1000 2863 etiam
1022 2833 1112 2873 infra
1134 2837 1253 2865 mort.»
1279 2843 1348 2874 mg.
1364 2834 1396 2868 8.
1415 2853 1451 2858 —-
1476 2836 1656 2867 mandatur
1677 2837 1702 2868 B
1717 2838 1742 2868 G
1755 2846 1774 2868 a
1788 2836 1810 2868 d
1824 2845 1842 2868 e
1856 2836 1901 2877 fg

151 2875 311 2909 hiklm.
339 2896 373 2899 —
398 2877 526 2909 Etenim
541 2895 559 2901 -
575 2896 593 2901 —
612 2880 790 2921 relinquit.]
814 2881 862 2911 Ex
884 2879 998 2913 multis
1016 2882 1116 2914 huius
1133 2892 1261 2923 pravae
1287 2885 1478 2916 sententiae
1503 2885 1681 2917 sanandae
1706 2887 1901 2918 tentamini—

151 2925 218 2957 bus
241 2927 389 2958 maxime
414 2927 568 2959 arrident
591 2928 705 2960 Orellii
728 2932 763 2961 et
786 2929 909 2961 Handii
933 2931 1086 2969 (Tursell.
1112 2933 1166 2964 lv.
1193 2942 1226 2973 p.
1246 2933 1311 2973 61.)
1337 2935 1577 2974 coniecturae,
1613 2944 1763 2976 quorum
1786 2936 1840 2969 ille
1865 2939 1901 2968 et

151 2975 285 3007 honesta
307 2977 341 3007 et
363 2979 490 3016 turpem
513 2976 663 3010 delenda
687 2981 825 3020 censet,
856 2980 912 3011 hic
936 2980 1115 3012 dumtaxat
1137 2985 1282 3022 turpem
1316 2982 1465 3016 Klotzius
1493 2994 1559 3016 non
1588 2985 1733 3017 inseruit
1761 2989 1840 3019 ante
1863 2995 1898 3019 ν.

152 3028 289 3065 turpem.
326 3025 427 3066 (mors
459 3028 564 3067 turpis
594 3037 634 3060 ne
666 3030 752 3061 vitae
787 3030 916 3069 quidem
948 3038 1022 3062 var.
1054 3030 1134 3063 lect.
1165 3033 1327 3072 Nauger.)
1355 3050 1392 3056 —
1430 3034 1480 3066 ⁴8.
1507 3034 1584 3066 locis
1607 3040 1778 3074 ponuntur
1799 3037 1832 3068 k.
1860 3054 1896 3059 —

153 3075 204 3106 49.
232 3075 370 3116 quidem]
395 3077 522 3116 quidem
551 3082 636 3110 certe
659 3088 677 3111 e
703 3081 779 3112 etA
794 3079 826 3113 Β.
848 3097 883 3101 -
909 3080 962 3111 ⁵20.
987 3084 1017 3112 et
1032 3082 1214 3113 conditione
1236 3082 1258 3113 b
1274 3083 1336 3114 ck.
1359 3099 1395 3106 —
1420 3083 1473 3115 2⁴2.
1500 3085 1620 3116 dicitur
1641 3085 1702 3117 Bb
1717 3086 1841 3119 cdhn
1864 3089 1900 3119 et

152 3133 205 3166 pr.
231 3124 259 3162 f,
284 3124 440 3156 indicitur
462 3127 515 3157 ek
539 3127 668 3169 etAss,
693 3129 859 3160 inducitur
882 3137 928 3160 m.
956 3148 991 3153 —
1016 3131 1067 3172 sit]
1092 3135 1137 3163 est
1160 3131 1326 3164 Halmius.
1349 3152 1384 3157 —
1408 3133 1461 3165 23.
1485 3134 1533 3175 ut]
1556 3138 1586 3166 et
1608 3135 1640 3166 k.
1669 3151 1704 3158 —
1730 3136 1782 3168 25.
1809 3146 1900 3169 acce-

155 3175 229 3206 dere
252 3174 372 3215 cdfg.
400 3175 448 3207 Cf.
469 3176 500 3217 ἓ.
519 3176 550 3209 3.
570 3195 607 3201 —-
634 3179 686 3210 30.
712 3180 798 3211 ciues
820 3180 852 3211 k.
874 3198 910 3202 —
934 3180 1059 3211 mavult
1074 3181 1120 3212 P:
1145 3181 1273 3212 mavult
1295 3182 1380 3213 enim
1404 3191 1486 3214 cum
1509 3185 1635 3217 ceteris
1658 3184 1754 3219 libris
1776 3187 1894 3221 ALsso.

158 3241 193 3246 —
208 3223 259 3255 32.
284 3224 426 3256 homines
439 3225 532 3257 nulla
546 3235 653 3259 secum
675 3229 867 3268 coynalione
889 3232 947 3259 αιιι
963 3229 1122 3270 affinitate
1143 3231 1346 3271 coniunctos,
1371 3232 1583 3265 alienissimos
1605 3235 1640 3273 L,
1666 3236 1754 3267 miro
1778 3245 1896 3268 errore

156 3281 198 3304 ex
213 3273 397 3306 Hotomani
419 3274 639 3309 adnotatione
654 3277 764 3309 verba
783 3280 850 3310 ista
866 3287 1126 3319 supervacanea
1149 3280 1362 3314 adsciscens.
1386 3299 1422 3304 —
1448 3283 1584 3323 denique
1604 3285 1639 3316 in
1661 3285 1899 3318 inimicissimos

156 3323 337 3356 Manutius.
357 3342 391 3348 —
419 3323 470 3357 34.
495 3326 576 3358 nihil
596 3327 632 3359 in
653 3335 686 3361 se
707 3327 780 3360 iure
795 3327 888 3360 Glm
912 3330 946 3360 et
969 3337 1058 3361 corr.
1084 3329 1106 3362 f.
