2127 3708
739 207 833 249 CAP-
865 208 1026 249 1-111.
1066 206 1139 262 ὃς.
1171 205 1316 248 1-9.
1434 214 1436 217 ’
1822 209 1902 251 105

157 319 315 359 fuisset.
375 319 467 368 Quo
498 332 574 373 ego
605 318 845 360 adiumento
877 320 1093 372 sperabam
1130 320 1237 360 hanc
1268 333 1291 360 a
1322 332 1386 360 me
1416 333 1540 373 posse
1570 322 1802 363 molestiam
1833 323 1903 363 de-

159 383 337 430 moveri,
377 382 419 422 id
460 381 559 421 mihi
597 387 684 421 erat
718 383 999 422 adversarium
1036 382 1228 421 maxime.
1295 384 1397 422 Nam
1439 382 1498 421 illi
1530 384 1660 424 multo
1693 387 1791 425 mihi
1821 386 1902 426 hoc

158 445 320 484 facilius
350 444 625 491 remisissent,
656 444 688 484 si
720 444 845 483 istum
876 458 958 483 non
990 449 1162 484 nossent
1191 449 1265 484 aut
1292 445 1324 484 si
1358 445 1435 485 iste
1466 447 1577 497 apud
1608 460 1679 486 eos
1709 455 1904 501 quaestor

159 520 242 545 non
275 506 434 546 suisset.
478 505 516 544 5.
538 505 753 546 Adductus
775 520 890 554 sum,
922 507 1101 553 iudices,
1135 506 1297 554 officio,
1327 505 1428 555 fide,
1461 508 1768 558 misericordia,
1800 511 1903 550 mul-

162 575 298 609 torum
326 570 531 609 bonorum
561 569 774 620 exemplo,
806 574 944 608 vetere
976 569 1280 608 consuetudine
1303 570 1581 623 institutoque
1603 571 1826 619 maiorum,
1861 578 1904 612 ut

161 646 265 672 onus
294 632 419 672 huius
449 630 603 669 laboris
633 634 760 683 atque
792 630 918 669 oflicii
951 645 1036 670 non
1067 644 1119 670 ex
1150 645 1265 679 meo,
1305 631 1376 671 sed
1416 646 1467 672 ex
1497 646 1684 672 meorum
1715 647 1904 674 necessa-

160 695 315 735 riorum
346 699 531 746 tempore
561 693 661 732 mihi
693 692 1008 746 suscipiendum
1040 698 1242 745 putarem.
1295 694 1389 742 Quo
1420 695 1463 734 in
1483 695 1653 748 negotio
1675 701 1811 736 tamen
1836 697 1905 735 illa

160 771 224 797 me
253 770 340 803 res,
370 756 548 803 iudices,
581 756 840 803 consolatur,
873 754 986 809 quod
1004 755 1118 794 'haec
1149 769 1257 808 quae
1278 756 1443 796 videtur
1471 770 1561 796 esse
1583 759 1793 798 accusatio
1815 772 1906 797 mea

158 832 244 858 non
273 818 412 871 potius
443 818 652 858 accusatio
684 832 808 871 quam
830 818 1018 858 defensio
1041 822 1103 857 est
1123 818 1413 858 existimanda.
1457 819 1646 859 Defendo
1668 821 1779 860 enim
1800 821 1906 859 mul-

160 886 222 920 tos
253 880 468 927 mortales,
499 880 651 920 multas
683 881 893 928 civitates,
923 880 1182 932 provinciam
1205 881 1388 920 Siciliam
1419 886 1561 921 totam.
1613 882 1904 930 Quamobrem,
1920 895 1954 923 110

160 942 258 995 quia
288 942 391 982 mihi
421 956 530 983 unus
561 948 623 982 est
652 943 937 990 accusandus,
977 942 1281 995 propemodum
1319 957 1485 983 manere
1516 944 1559 983 in
1591 944 1780 985 instituto
1812 958 1904 985 meo

158 1004 303 1044 videor
334 1010 374 1044 et
404 1019 488 1045 non
510 1006 680 1045 omnino
701 1019 724 1044 a
746 1005 1017 1045 defendendis
1040 1004 1280 1044 hominibus
1303 1005 1656 1060 sublevandisque
1678 1008 1904 1048 discedere.

159 1066 196 1106 6.
229 1067 353 1115 Quod
384 1068 417 1107 si
449 1067 556 1108 hanc
588 1081 755 1108 causam
787 1073 867 1107 tam
899 1067 1114 1114 idoneam,
1147 1072 1227 1106 tam
1256 1068 1479 1116 illustrem,
1511 1074 1594 1108 tam
1625 1082 1790 1122 gravem
1820 1083 1905 1109 non

157 1129 375 1177 haherem;
421 1130 455 1170 si
499 1136 570 1170 aut
608 1130 688 1170 hoc
728 1144 750 1169 a
792 1144 856 1169 nie
888 1129 1018 1169 Siculi
1050 1142 1134 1168 non
1165 1130 1368 1181 petissent
1397 1137 1468 1171 aut
1498 1132 1598 1171 mihi
1629 1146 1722 1172 cum
1754 1133 1905 1172 Siculis

159 1205 283 1231 causa
321 1197 459 1232 tantae
498 1192 819 1232 necessitudinis
860 1205 943 1231 non
984 1190 1259 1230 intercederet
1289 1198 1330 1231 et
1357 1193 1437 1232 hoc
1469 1195 1582 1247 quod
1612 1194 1719 1234 facio
1750 1209 1815 1234 me
1847 1195 1905 1234 rei
1924 1205 1955 1234 ¹5

157 1254 350 1306 publicae
382 1268 506 1294 causa
535 1254 671 1294 facere
702 1252 937 1306 profiterer,
973 1258 1019 1292 ut
1047 1253 1174 1292 homo
1206 1254 1407 1306 singulari
1438 1256 1687 1309 cupiditate,
1718 1256 1905 1304 audacia,

158 1316 313 1355 scelere
344 1316 585 1369 praeditus,
617 1317 736 1356 cuius
766 1316 876 1355 furta
906 1321 1031 1368 atque
1061 1316 1217 1368 flagitia
1247 1317 1395 1356 nonin
1420 1318 1562 1357 Sicilia
1582 1319 1738 1366 solum,
1770 1319 1906 1358 sedin

156 1378 336 1425 Achaia,
366 1379 487 1426 Asia,
521 1379 688 1426 Cilicia,
719 1379 980 1432 Pamphylia,
1019 1379 1174 1417 Romae
1206 1378 1389 1432 denique
1420 1385 1515 1420 ante
1547 1381 1691 1420 oculos
1722 1381 1906 1421 omnium

158 1438 341 1479 maxima
386 1440 713 1493 turpissimaque
758 1453 999 1488 nossemus,
1045 1454 1109 1480 me
1146 1446 1293 1492 agente
1333 1441 1377 1480 in
1420 1442 1621 1483 iudicium
1660 1449 1905 1484 vocaretur:

159 1501 254 1554 quis
284 1502 451 1541 tandem
482 1508 610 1550 esset,
642 1503 715 1556 qui
742 1516 879 1541 meum
900 1503 1055 1543 sactum
1075 1508 1147 1543 aut
1167 1503 1387 1543 consilium
1408 1510 1552 1557 posset
1570 1506 1955 1559 1·eprehendere‘?20

155 1564 224 1602 ΙΙΙ.
258 1561 294 1602 7.
328 1563 439 1611 Quid
471 1570 552 1611 est,
594 1578 669 1617 pro
702 1564 824 1603 deum
862 1564 1166 1618 hominumque
1196 1563 1342 1605 fidem!
1383 1567 1425 1606 in
1458 1582 1542 1621 quo
1574 1582 1650 1621 ego
1681 1569 1740 1608 rei
1771 1570 1908 1622 publi-

157 1638 228 1664 cae
258 1625 352 1678 plus
382 1626 463 1665 11οο
493 1631 681 1679 tempore
714 1626 914 1679 prodesse
944 1626 1131 1680 possim?
1164 1628 1264 1681 quid
1296 1634 1379 1676 est,
1411 1631 1525 1684 quod
1555 1636 1627 1671 aut
1646 1632 1804 1685 populo
1826 1633 1907 1672 Ro-

156 1700 278 1727 mano
311 1688 466 1740 gratius
499 1703 589 1728 esse
622 1688 771 1728 debeat
801 1694 873 1728 aut
903 1689 1028 1728 sociis
1060 1690 1300 1744 exterisque
1331 1692 1570 1732 nationibus
1602 1694 1784 1746 optatius
1816 1708 1906 1734 esse

155 1749 291 1802 possit
320 1755 392 1789 aut
422 1750 543 1790 saluti
573 1751 838 1804 fortunisque
870 1751 1055 1790 omnium
1086 1752 1216 1804 magis
1248 1755 1608 1795 accommodatum
1639 1756 1725 1795 sit?
1771 1758 1907 1810 Popu-

157 1812 281 1857 latae,
311 1817 506 1859 vexatae,
536 1812 724 1852 funditus
756 1826 924 1852 eversae
954 1813 1221 1866 provinciae:
1253 1816 1356 1855 socii
1381 1817 1729 1872 stipendiariique
1758 1820 1905 1873 populi
1920 1829 1955 1857 25

156 1873 332 1913 Romani
364 1874 528 1922 afflicti,
560 1875 722 1921 miseri,
753 1875 834 1914 iam
866 1888 950 1914 non
981 1875 1125 1915 salutis
1157 1890 1286 1928 spem,
1317 1879 1390 1918 sed
1418 1879 1612 1920 solatium
1638 1881 1755 1921 exitii
1780 1895 1907 1936 quae—

157 1941 265 1975 runt.
311 1934 349 1974 8.
383 1936 465 1984 Qui
486 1936 642 1976 iudicia
664 1950 830 1976 manere
854 1937 965 1989 apud
988 1937 1176 1977 ordinem
1198 1941 1451 1981 senatorium
1473 1942 1640 1990 volunt,
1673 1950 1908 1996 queruntur

157 2002 420 2037 accusatores
462 2012 505 2038 se
541 1999 716 2038 idoneos
754 2012 839 2037 non
868 1999 1046 2047 habere3
1087 2000 1159 2053 qui
1189 2015 1383 2043 accusare
1414 2009 1612 2056 possunt,
1653 2006 1906 2047 iudiciorum

157 2059 420 2099 severitatem
453 2061 702 2101 desiderant.
753 2062 937 2114 Populus
959 2062 1170 2102 Romanus
1190 2063 1368 2112 interea,
1399 2066 1563 2105 tametsi
1584 2067 1725 2108 multis
1747 2068 1906 2109 incom-

156 2122 292 2162 modis
335 2120 732 2177 difficultatibusque
771 2126 943 2163 affectus
985 2129 1068 2171 est,
1108 2129 1247 2164 tamen
1285 2126 1390 2165 nihil
1427 2140 1561 2181 aeque
1590 2128 1633 2167 in
1663 2143 1707 2169 re
1737 2132 1954 2183 publica3o

156 2189 281 2238 atque
312 2184 424 2223 illam
455 2190 638 2225 veterem
668 2186 920 2225 iudiciorum
951 2186 1033 2225 vim
1064 2188 1395 2242 gravitatemque
1425 2190 1614 2243 requirit.
1649 2192 1906 2233 Iudiciorum

157 2246 365 2288 desiderio
395 2248 616 2288 tribunicia
645 2253 830 2302 potestas
852 2248 1076 2301 efflagitata
1097 2254 1183 2289 est:
1214 2249 1466 2290 iudiciorum
1486 2252 1654 2293 levitate
1677 2254 1779 2294 ordo
1803 2270 1908 2310 quo-

158 2324 240 2363 que
271 2311 378 2350 alius
409 2310 461 2350 ad
492 2323 556 2350 res
597 2310 842 2350 iudicandas
882 2310 1137 2363 postulatur:
1175 2312 1361 2352 iudicum
1393 2314 1514 2367 culpa
1544 2320 1670 2369 atque
1701 2317 1907 2359 dedecore

158 2372 282 2411 etiam
313 2372 548 2413 censorium
579 2386 752 2420 nomen,
784 2373 898 2426 quod
928 2373 1116 2425 asperius
1146 2379 1267 2414 antea
1296 2376 1455 2428 populo
1485 2377 1619 2417 videri
1649 2378 1832 2428 solebat,
1864 2381 1907 2421 id

157 2447 268 2473 nunc
298 2435 505 2487 poscitur,
537 2435 578 2474 id
608 2436 691 2475 iam
720 2435 924 2489 populare
955 2440 996 2474 et
1015 2435 1237 2487 plausibile
1256 2437 1412 2478 factum
1434 2444 1508 2479 est.
1558 2438 1596 2479 9.
1627 2442 1675 2481 In
1703 2442 1781 2482 hac
1812 2443 1906 2483 lihi-
1920 2456 1957 2486 35

158 2495 255 2535 dine
281 2496 498 2536 hominum
528 2498 941 2543 nocentissimorum,
970 2497 1014 2536 in
1044 2499 1190 2551 populi
1210 2500 1386 2540 Romani
1417 2501 1664 2554 quotidiana
1695 2505 1906 2557 querimo-

157 2552 244 2599 nia,
285 2552 536 2593 iudiciorum
572 2553 764 2601 infamia,
801 2554 929 2594 totius
969 2554 1128 2594 ordinis
1168 2556 1399 2597 offensione
1445 2571 1538 2597 cum
1567 2558 1648 2598 1100
1677 2573 1809 2601 unum
1838 2562 1904 2602 his

158 2617 220 2653 tot
247 2613 522 2654 incommodis
552 2615 780 2654 remedium
810 2628 900 2654 esse
930 2616 1172 2664 arbitrarer,
1210 2623 1258 2658 ut
1287 2619 1480 2660 homines
1509 2620 1653 2660 idonei
1684 2627 1809 2676 atque
1839 2623 1905 2663 in-

157 2677 260 2729 tegri
303 2690 470 2718 causam
513 2677 573 2717 rei
617 2678 809 2731 publicae
860 2678 1085 2732 legumque
1129 2681 1414 2735 susciperent:
1466 2682 1602 2723 fateor
1644 2697 1709 2723 me
1756 2685 1902 2725 salutis

1935 584 1954 612 ct

243 2825 273 2856 1.
297 2833 387 2864 posse
408 2825 484 2856 mol.
511 2824 552 2856 61
571 2826 674 2857 ast:
701 2826 777 2857 mol.
797 2834 893 2866 posse
916 2826 978 2858 dtt.
1005 2827 1042 2858 Ο.
1070 2844 1103 2850 -
1130 2828 1292 2860 demoveri
1314 2830 1333 2860 6
1357 2830 1436 2870 ng.
1463 2831 1510 2862 L:
1537 2832 1694 2864 dimoveri
1717 2833 1757 2864 61
1776 2834 1806 2872 ⁶2,
1833 2834 1904 2866 tres

159 2871 251 2914 ng.‚
277 2874 321 2911 O;
347 2874 490 2905 amoveri
513 2874 574 2906 Ld.
597 2893 631 2897 —
657 2876 688 2907 ⁶2.
713 2876 798 2907 idem
822 2876 854 2907 id
875 2876 954 2907 mihi
977 2877 1023 2907 62
1036 2874 1066 2908 λ.
1089 2895 1124 2899 -
1149 2879 1180 2909 5.
1204 2881 1310 2910 vetere
1332 2880 1414 2911 AS:
1440 2884 1551 2912 vetera
1574 2883 1639 2919 G23
1664 2882 1763 2913 veteri
1787 2883 1844 2914 ctt.
1864 2883 1902 2914 O.

155 2925 198 2955 At
221 2923 263 2956 ct.
290 2924 320 2963 S.
339 2923 391 2955 43.
417 2925 490 2956 Act.
505 2925 530 2955 1.
558 2925 588 2965 g.
608 2926 638 2956 5.
664 2925 737 2957 Lib.
756 2927 780 2957 Ι.
807 2926 837 2966 g.
857 2927 929 2957 115.
955 2926 1010 2957 ΙΙΙ.
1036 2926 1067 2966 ἓ.
1087 2927 1137 2959 16.
1157 2928 1209 2959 61.
1234 2929 1288 2960 IV.
1308 2928 1338 2969 g.
1359 2929 1389 2960 1.
1414 2929 1453 2960 V.
1473 2929 1503 2970 g.
1522 2929 1575 2962 46.
1595 2930 1667 2963 145.
1694 2930 1769 2963 0011.
1796 2931 1902 2964 Prisc.

155 2974 180 3005 Ι.
206 2983 241 3015 p.
267 2973 339 3005 333.
366 2973 476 3005 Halm.
502 2973 546 3005 ad
569 2976 654 3006 orat.
681 2975 724 3007 de
748 2975 831 3016 imp.
858 2976 977 3015 Pomp.
1003 2983 1036 3015 p.
1057 2975 1131 3008 144.
1151 2994 1188 3000 -
1213 2978 1430 3019 institutisque
1453 2980 1511 3011 G2.
1532 2999 1567 3003 —
1593 2981 1624 3012 6.
1648 2981 1743 3012 huius
1765 2982 1805 3012 61
1824 2982 1904 3013 21);

155 3022 213 3055 hoe
236 3023 298 3055 dtt.
314 3024 350 3055 O.
379 3042 414 3046 -—
440 3024 470 3055 8.
496 3032 548 3055 res
569 3033 619 3056 mc
643 3025 683 3056 61
703 3026 733 3057 2.
756 3043 790 3047 —
818 3025 868 3058 11,
895 3025 974 3064 quia
995 3026 1073 3056 mihi
1094 3036 1180 3059 unus
1203 3026 1337 3066 62ςλῑ
1371 3029 1451 3068 quia
1471 3039 1556 3062 wius
1576 3031 1655 3062 mihi
1678 3032 1718 3062 61
1741 3041 1748 3069 ;
1777 3032 1805 3063 si
1826 3032 1905 3063 mihi

154 3082 240 3104 unus
265 3073 326 3105 dtt.
353 3074 390 3105 Ο.
412 3089 447 3095 -
470 3074 522 3105 12.
539 3073 651 3105 videor
674 3075 715 3106 61
745 3073 786 3106 al.
805 3084 811 3107 :
844 3075 934 3105 video
956 3083 1008 3106 me
1031 3075 1195 3116 G2D57t.
1224 3097 1260 3101 —
1285 3079 1339 3110 6ΖΟ.
1364 3079 1533 3112 consilium
1556 3085 1614 3112 aut
1635 3081 1760 3122 factum
1782 3083 1902 3115 Franc.

156 3121 249 3153 Parr.
275 3121 415 3154 Lallem.
440 3123 482 3154 At
506 3122 547 3155 cs.
573 3124 627 3155 ΙΙΙ.
655 3124 685 3164 ἓ.
710 3124 784 3155 212.
810 3124 884 3156 213.
910 3122 1021 3156 Halm.
1047 3124 1092 3156 ad
1115 3128 1203 3160 Sest.
1228 3137 1262 3169 p.
1282 3128 1355 3161 146.
1384 3147 1420 3152 ——
1444 3131 1498 3162 25.
1522 3135 1664 3162 vexatae
1685 3132 1767 3171 AS,
1798 3132 1901 3164 codd.

155 3173 297 3211 praeter
313 3173 354 3204 61
372 3173 404 3212 ⁶2,
430 3173 465 3204 in
487 3172 612 3213 quibus
637 3175 690 3205 est
710 3177 923 3213 »aerataeque
952 3192 987 3196 —
1012 3174 1065 3206 26.
1090 3176 1243 3209 solatium
1265 3179 1359 3210 exitii
1382 3179 1468 3212 G3D
1482 3179 1524 3211 λ.-
1550 3181 1642 3212 ωοὶῖὶἰ
1664 3181 1816 3213 solatium
1839 3182 1901 3215 dtt.

159 3220 196 3251 O.
224 3239 259 3243 —
284 3221 337 3253 27.
363 3222 608 3262 qui—-volunt
629 3223 716 3254 Non.
742 3232 775 3265 p.
802 3223 874 3255 349.
904 3241 938 3245 —
964 3228 1150 3257 senatorum
1174 3228 1232 3259 61.
1261 3246 1296 3250 —
1322 3228 1374 3260 31.
1399 3233 1460 3261 vet.
1485 3231 1552 3262 vim
1573 3240 1668 3271 ⁸qrav.
1693 3232 1833 3271 requirit
1854 3233 1905 3263 iu-

158 3268 327 3301 diciorum.
363 3271 477 3312 Itaque
498 3273 654 3304 desiderio
677 3274 736 3305 61.
763 3291 799 3297 -
826 3274 877 3304 32.
903 3274 1033 3305 lenitate
1056 3276 1097 3306 61
1115 3276 1147 3307 2.
1168 3294 1204 3299 -—
1229 3276 1282 3308 35.
1308 3281 1337 3309 et
1353 3279 1400 3318 pl.
1421 3280 1507 3312 G⁶2D
1525 3280 1636 3321 ng¹29
1650 3279 1711 3312 42:
1737 3284 1834 3321 atque
1853 3282 1898 3322 pl.

160 3316 221 3351 dtt.
235 3318 279 3358 O;
305 3323 402 3362 atque
423 3322 522 3357 etiam
538 3323 587 3364 pl.
607 3322 666 3356 61.
685 3340 719 3345 —
747 3323 800 3356 36.
825 3323 992 3357 cotidiana
1014 3324 1055 3356 61
1075 3325 1095 3358 2
1118 3326 1154 3359 et
1175 3326 1226 3360 sic
1249 3335 1402 3370 semper.
1422 3346 1457 3352 ——
1483 3329 1537 3363 38.
1562 3338 1627 3364 esse
1644 3331 1823 3365 renwdium
1838 3332 1898 3364 61.
