2127 3708
250 239 302 280 8⁶2
656 238 853 280 ORATIO
884 239 987 280 PRO
1020 238 1070 288 Q.
1098 238 1292 280 ROSCIO
1326 237 1582 279 COMOEDO

250 350 488 398 Societatis,
533 363 619 390 non
660 363 754 390 suas
790 351 883 390 lites
921 351 1118 398 redemit,
1164 365 1255 391 cum
1294 350 1467 390 fundum
1508 363 1531 389 a
1560 347 1702 387 Flavio
1734 347 1905 401 accepit.
1936 369 1991 377 —-

249 412 359 462 Quid
403 412 460 452 ita
497 412 596 452 satis
634 425 718 452 non
759 413 891 459 dedit,
937 426 1112 453 AMPLIUS
1151 426 1344 453 NEMINEM
1380 412 1644 453 1²13T1‘rvnvn?
1705 409 1786 458 Qui
1826 411 1876 450 de
1916 424 1991 451 sua

246 479 363 528 parte
411 474 589 522 decidit,
636 475 810 527 reliquis
855 474 1055 527 integram
1101 475 1302 528 relinquit
1347 477 1581 515 actionem:
1628 473 1698 526 qui
1744 486 1819 526 pro
1865 474 1990 513 sociis

246 536 456 589 transigit,
487 537 585 577 satis
617 538 708 584 dat,
740 536 947 575 nemiuem
979 551 1121 576 eorum
1152 543 1296 590 postea
1327 538 1566 590 petiturum.
1619 536 1729 583 Quid
1760 535 1817 574 ita
1847 535 1989 574 Flavio

216 599 326 638 5sibi
358 612 501 638 cavere
533 613 616 638 non
647 600 761 638 venit
790 599 831 637 in
872 601 1081 638 mentem?
1130 600 1348 639 Nesciebat
1377 600 1570 639 videlicet
1599 599 1834 650 Panurgum
1864 596 1990 636 fuisse

246 660 289 699 in
328 661 556 700 societate?
605 661 780 699 Sciebat.
830 660 1051 700 Nesciebat
1089 662 1291 700 Fannium
1322 663 1471 701 Roscio
1515 674 1605 701 esse
1641 660 1827 699 socium?
1871 660 1992 698 Prae-

247 722 375 762 clare:
415 736 510 762 nam
550 723 626 762 iste
658 736 750 761 cum
783 734 830 760 eo
862 721 977 760 litem
1008 727 1280 763 contestatam
1311 724 1501 763 habebat.
1560 722 1624 762 36.
1659 723 1739 762 Cur
1769 721 1894 773 igitur
1923 721 1993 760 de-

247 785 347 824 cidit
392 790 431 825 et
470 799 553 825 non
589 784 879 837 restipulatur,
923 786 1131 825 neminem
1163 786 1341 838 amplius
1373 786 1632 837 petiturum?
1679 797 1751 823 cur
1782 783 1831 822 de
1862 782 1991 822 fundo

247 847 410 887 decedit
441 853 480 887 et
510 847 664 886 iudicio
688 860 770 885 non
797 846 1052 886 absolvitur?
1084 860 1156 885 cur
1179 852 1258 885 tam
1282 846 1471 898 imperite
1492 846 1602 893 facit,
1633 851 1679 885 ut
1700 859 1775 884 nec
1796 844 1992 884 Roscium

198 910 517 962 tostipulatione
556 910 697 961 alliget
736 921 872 961 neque
911 921 934 947 a
974 909 1131 947 Fannio
1174 909 1328 948 iudicio
1361 923 1403 947 se
1435 909 1655 948 absolvat?
1715 906 1780 946 37.
1811 907 1885 945 Est
1914 906 1993 945 hoc

246 972 425 1024 primum
458 978 497 1011 et
527 985 578 1010 ex
608 971 855 1010 condicione
888 970 988 1009 iuris
1021 976 1061 1009 et
1091 984 1142 1009 ex
1164 971 1466 1010 consuetudine
1488 971 1692 1010 cautionis
1714 968 1994 1008 firmissimum

248 1039 288 1073 et
318 1034 608 1085 gravissimum
639 1037 951 1083 argumentum,
991 1033 1103 1085 quod
1136 1045 1211 1084 cgo
1244 1033 1433 1085 pluribus
1463 1033 1599 1072 verbis
1630 1032 1918 1085 amplecterer,
1959 1028 1992 1068 si

246 1108 330 1134 non
361 1095 442 1134 alia
472 1095 650 1134 certiora
680 1099 721 1134 et
750 1094 925 1133 clariora
956 1095 1196 1133 testimonia
1226 1095 1268 1133 in
1300 1107 1423 1133 causa
1454 1094 1661 1133 haberem.
1722 1094 1831 1132 XIII.
1862 1093 1913 1131 Et
1941 1104 1993 1130 ne

245 1156 350 1196 forte
382 1170 446 1196 me
476 1157 556 1196 hoc
587 1157 739 1196 frustra
770 1156 1002 1209 pollicitum
1036 1170 1126 1197 esse
1160 1157 1395 1209 praedices,
1432 1162 1492 1204 te,
1525 1162 1585 1203 te,
1617 1158 1808 1209 inquam,
1839 1154 1992 1200 Fanni,

198 1224 234 1254 15
247 1219 297 1257 ab
330 1219 410 1258 tuis
443 1219 652 1259 subselliis
684 1224 828 1258 contra
858 1223 897 1257 te
929 1223 1074 1257 testem
1106 1219 1329 1257 suscitabo.
1391 1218 1631 1257 Criminatio
1663 1224 1735 1257 tua
1766 1230 1872 1270 quae
1903 1217 1991 1256 est?

247 1281 442 1321 Roscium
487 1295 580 1321 cum
624 1282 765 1321 Flavio
806 1294 881 1333 pro
923 1281 1121 1320 societate
1158 1281 1375 1320 decidisse.
1436 1280 1530 1328 Quo
1570 1282 1789 1333 tempore?
1833 1278 1993 1318 Abhinc

247 1343 366 1383 annis
396 1357 464 1384 xv.
522 1343 721 1383 Defensio
753 1356 845 1382 mea
876 1355 982 1395 quae
1015 1345 1104 1382 est?
1164 1343 1358 1382 Roscium
1390 1356 1464 1395 pro
1496 1355 1571 1382 sua
1600 1348 1716 1395 parte
1738 1355 1829 1381 cum
1852 1340 1993 1381 Flavio

247 1406 509 1458 transegisse.
560 1405 828 1459 Repromittis
859 1410 903 1444 tu
933 1405 1083 1445 abhinc
1106 1406 1329 1445 triennium
1352 1405 1515 1444 Roscio.
1561 1405 1699 1453 Quid?
1729 1405 1856 1444 recita
1875 1403 1995 1443 istam

246 1468 607 1521 restipulationem
649 1469 815 1508 clarius.
872 1469 1070 1517 Attende,
1112 1482 1291 1522 quaeso,
1331 1468 1439 1507 Piso.
1499 1468 1702 1507 Fannium
1742 1466 1916 1506 invitum
1957 1469 1997 1504 et

199 1531 327 1570 2ohuc
357 1537 482 1584 atque
513 1532 613 1571 illuc
644 1531 986 1583 tergiversantem
1016 1530 1301 1571 testimonium
1332 1535 1475 1569 contra
1497 1543 1540 1569 se
1562 1530 1700 1569 dicere
1722 1543 1838 1582 cogo.
1885 1527 1996 1576 Quid

248 1594 359 1634 enim
390 1595 653 1648 restipulatio
686 1595 864 1633 clamat?
915 1594 1033 1642 Qvoo
1068 1609 1093 1634 A
1124 1595 1279 1634 Fmvm
1310 1606 1570 1640 ABSTVLERO,
1605 1606 1769 1632 PARTEM
1800 1604 1997 1632 nmmum

247 1671 342 1698 num
373 1659 529 1698 Rosolo
560 1670 618 1698 ME
651 1671 893 1697 sorvrvnvn
924 1670 1120 1697 sroxmsso.
1167 1658 1254 1695 Tua
1285 1669 1367 1695 vox
1399 1661 1480 1703 est,
1512 1656 1655 1694 Fanni.
1713 1654 1779 1694 38.
1812 1655 1922 1703 Quid
1953 1659 1998 1693 tu

246 1719 407 1760 auferre
447 1725 566 1773 potes
606 1734 629 1760 a
668 1720 835 1766 Flavio,
881 1719 914 1759 si
957 1720 1121 1758 Flavius
1156 1718 1258 1757 nihil
1292 1719 1446 1757 debet?
1497 1718 1606 1766 Quid
1634 1718 1701 1757 hic
1732 1731 1856 1770 porro
1888 1730 1997 1756 nunc

247 1781 537 1834 restipulatur,
570 1783 683 1837 quod
714 1783 794 1822 iam
825 1782 986 1835 pridem
1017 1782 1106 1834 ipse
1139 1781 1309 1832 exegit?
1356 1780 1466 1827 Quid
1497 1793 1594 1819 vero
1626 1779 1790 1818 Flavius
1822 1778 1894 1818 tibi
1928 1778 1999 1817 da-

197 1847 366 1884 2⁵turus
406 1850 487 1893 est,
528 1846 599 1898 qui
638 1846 788 1885 Roscio
828 1858 971 1891 omne,
1011 1844 1123 1897 quod
1168 1843 1330 1889 debuit,
1373 1842 1595 1881 dissolvit?
1656 1842 1738 1881 Cur
1767 1842 1810 1880 in
1840 1854 1884 1880 re
1914 1845 1997 1880 tam

247 1911 407 1954 vetere,
439 1907 481 1946 in
512 1908 679 1960 negotio
712 1908 791 1947 iam
823 1907 1036 1953 confecto,
1079 1906 1120 1944 in
1151 1905 1350 1944 societate
1379 1904 1580 1943 dissoluta
1611 1917 1720 1944 nova
1748 1904 1850 1943 haec
1878 1902 1998 1942 resti-

246 1968 406 2021 pulatio
437 1969 749 2022 interponitur?
810 1969 915 2017 Quis
947 1974 1006 2008 est
1036 1968 1161 2007 huius
1193 1967 1521 2020 restipulationis
1553 1966 1748 2019 scriptor,
1788 1965 1904 2005 testis
1935 1978 1999 2004 ar-

245 2031 468 2084 biterque?
515 2033 595 2079 Tu,
628 2032 736 2071 Piso.
769 2033 831 2070 Tu
863 2031 973 2071 enim
1006 2031 1056 2079 Q.
1077 2030 1273 2069 Roscium
1304 2043 1378 2082 pro
1413 2043 1561 2082 opera,
1592 2042 1667 2083 pro
1689 2028 1853 2076 labore,
1886 2027 1999 2082 quod

248 2094 439 2146 cognitor
468 2093 635 2142 fuisset,
668 2095 781 2148 quod
812 2094 1052 2134 vadimonia
1083 2093 1262 2140 obisset,
1304 2093 1478 2145 rogasti,
1512 2098 1556 2131 ut
1586 2092 1743 2131 Fannio
1775 2092 1892 2131 daret
1922 2089 1999 2130 HS

197 2155 276 2207 3⁰'l‘
299 2167 466 2194 cccmoo
488 2155 565 2195 hac
588 2156 851 2203 condicione,
882 2161 949 2203 ut,
981 2157 1013 2196 si
1039 2156 1139 2209 quid
1162 2156 1232 2194 ille
1255 2156 1462 2208 exegisset
1484 2169 1507 2194 a
1529 2155 1694 2201 Flavio,
1725 2160 1884 2206 partem
1911 2152 2000 2192 eius

249 2217 463 2257 dimidiam
494 2218 646 2258 Roscio
678 2218 937 2257 dissolveret.
989 2218 1150 2257 Satisne
1173 2218 1263 2271 ipsa
1292 2218 1553 2270 restipulatio
1577 2217 1714 2256 dicere
1745 2217 1817 2256 tibi
1839 2215 2001 2255 videtur

248 2284 414 2331 aperte,
444 2280 640 2319 Roscium
672 2293 748 2333 pro
780 2293 822 2319 se
854 2280 1088 2319 decidisse?
1135 2278 1200 2320 39.
1231 2282 1283 2319 At
1314 2280 1423 2319 enim
1454 2279 1627 2319 forsitan
1657 2279 1736 2318 hoc
1768 2277 1841 2317 tibi
1862 2276 2001 2317 veniat

334 2407 365 2438 2.
394 2408 478 2446 Ouid
500 2407 574 2438 ita‘?
607 2408 686 2438 satis
713 2409 737 2439 A
754 2407 823 2440 Lss.
863 2407 910 2439 Cf.
939 2407 968 2447 ἓ.
996 2409 1046 2439 12.
1074 2410 1107 2439 et
1131 2407 1183 2440 54.
1206 2426 1240 2430 —
1269 2417 1405 2441 AMPLIVS
1430 2417 1586 2441 ΝΕΜΙΝΕΜ
1610 2408 1835 2439 Garatonius:
1863 2414 2002 2438 mvnvs

247 2466 265 2488 Α
289 2465 329 2489 SE
352 2466 508 2489 ΝΕΜιΝΕΜ
532 2466 613 2489 cum
639 2457 819 2490 codicibus
842 2459 868 2490 A
884 2457 905 2491 ἓ
919 2458 956 2495 Ο.
980 2466 1117 2490 Amrw's
1140 2467 1179 2489 Λιι
1202 2467 1244 2489 Ro
1266 2468 1421 2491 mammen
1439 2460 1472 2495 L,
1499 2467 1634 2491 ,uirtus
1650 2466 1731 2490 Essa·
1746 2465 1901 2489 [muman
1919 2456 2002 2488 Boe-

249 2515 426 2539 moraeus.
463 2507 513 2539 Cf.
539 2517 572 2539 v.
599 2508 629 2539 8.
659 2525 693 2530 —
726 2508 782 2546 qui
805 2507 831 2537 si
854 2516 915 2538 sua
938 2509 976 2539 A.
1006 2526 1039 2530 —
1073 2508 1102 2539 3.
1130 2508 1292 2550 relinquit]
1325 2509 1455 2548 reliquit
1479 2511 1540 2539 αῦ
1555 2509 1637 2540 MA.
1669 2526 1704 2530 -
1726 2516 1789 2546 pro
1812 2505 1916 2547 sociis]
1937 2515 2000 2546 pro

247 2556 345 2587 roscii
368 2566 403 2588 α.
425 2574 459 2579 ·-
486 2556 517 2588 4.
545 2557 628 2596 Quid
651 2557 698 2588 ita
710 2556 726 2587 ἱ)
749 2557 862 2587 Flavio
886 2555 1002 2590 MAQ.
1041 2557 1089 2589 Cf.
1117 2567 1148 2589 ν.
1174 2559 1204 2589 2.
1235 2577 1267 2581 —-
1294 2560 1325 2590 5.
1350 2562 1453 2589 mente
1477 2559 1556 2590 αΜ.
1580 2576 1614 2580 -
1640 2558 1671 2589 8.
1699 2558 1789 2588 Fort.
1815 2557 1958 2597 amptius
1980 2564 2003 2587 a

248 2614 280 2636 se
299 2606 495 2645 petiturum,
529 2608 567 2637 ut
590 2605 697 2637 verba
723 2615 826 2647 supra
846 2607 887 2645 (v.
907 2606 951 2646 ί2.)
976 2605 1087 2638 deleta
1107 2606 1186 2638 hinc
1204 2606 1281 2639 illuc
1299 2609 1503 2648 transposita
1521 2608 1598 2639 sint.
1620 2626 1653 2629 —
1681 2607 1710 2638 9.
1730 2607 1850 2638 decedit
1872 2607 1936 2637 α6
1950 2607 1973 2637 A
1992 2614 1999 2637 :

249 2656 365 2686 decidit
389 2655 542 2690 MLQO.
572 2674 606 2678 —
642 2656 710 2697 nec]
746 2665 786 2687 ne
814 2657 933 2688 aGM.
963 2674 997 2678 —
1030 2657 1081 2687 10.
1107 2657 1174 2698 Est]
1206 2658 1246 2688 Et
1269 2660 1306 2689 A.
1336 2676 1370 2680 —
1398 2659 1449 2689 11.
1473 2659 1695 2698 firmissimum
1717 2659 1747 2688 et
1770 2656 2003 2697 gravissimum

249 2715 274 2735 α
288 2705 397 2736 GMA
421 2707 456 2736 et
480 2705 628 2736 Iuntina:
653 2706 885 2746 gravissimum
909 2709 937 2737 et
958 2707 1180 2746 firmissimum
1197 2709 1219 2739 L
1233 2708 1253 2742 ἓ
1267 2709 1304 2740 Ο.
1331 2708 1379 2739 Cf.
1400 2710 1430 2747 ξς.
1451 2709 1511 2739 17ῑ
1536 2709 1669 2749 firmum
1684 2710 1713 2738 el
1735 2715 1840 2748 yrave
1863 2707 2004 2738 testimo·

247 2755 350 2786 ¹nium.
380 2772 414 2776 —
448 2754 498 2786 14.
524 2755 618 2796 forte]
647 2756 733 2795 ferre
756 2766 791 2787 α.
821 2774 855 2778 —-
883 2756 934 2787 17.
961 2757 1056 2787 annis
1077 2757 1136 2787 XV
1154 2759 1217 2788 αθ
1243 2758 1286 2796 (in
1311 2758 1341 2789 M
1366 2757 1490 2788 desunt
1507 2766 1560 2788 vV.
1581 2758 1728 2788 Roscium
1743 2764 2004 2788 cum---mea

250 2811 333 2842 quae
356 2802 440 2843 esst)
464 2804 490 2834 A
504 2802 543 2836 ss:
570 2804 666 2835 annis
687 2805 711 2835 V
726 2806 765 2843 L,
793 2803 854 2835 «al.
875 2814 978 2835 annos
1000 2807 1060 2836 IV»
1080 2816 1147 2848 ing.
1167 2808 1206 2847 ἓ,
1232 2808 1326 2839 annis
1350 2808 1393 2838 IV
1408 2817 1486 2839 cum
1506 2809 1697 2839 Hotomano
1715 2808 1751 2839 Ο.
1774 2825 1809 2830 -
1836 2806 1888 2838 18.
1906 2806 2004 2837 istam

253 2852 494 2891 stipulationem
518 2854 543 2883 G
557 2854 588 2884 M
602 2855 640 2886 A.
662 2871 695 2877 —
723 2855 774 2885 20.
794 2857 805 2885 t
835 2863 861 2886 c.
889 2863 921 2885 se
935 2863 1014 2895 ⁰⁰90
1030 2857 1136 2888 dicere
1152 2859 1208 2888 «ut
1224 2858 1350 2889 vitetur
1367 2866 1531 2889 numerus
1549 2858 1725 2897 poeticus»
1749 2857 2000 2889 Boemoraeus.

250 2901 438 2934 Lambinus
463 2901 615 2933 malebat
638 2906 660 2934 t.
679 2903 784 2934 dicere
800 2912 826 2934 c.
845 2912 877 2934 so
892 2912 981 2944 coya.
1004 2922 1037 2926 —
1065 2906 1116 2937 21.
1134 2907 1219 2938 enim
1235 2907 1399 2946 stipulatio
1418 2908 1445 2937 M
1462 2908 1499 2938 A.
1521 2925 1554 2929 ——
1581 2907 1633 2938 23.
1661 2907 1738 2946 quid
1760 2907 1819 2938 hoc
1839 2915 1941 2946 porro
1958 2905 2001 2945 M,

249 2950 354 2990 quid?
376 2952 434 2983 hoc
454 2961 556 2991 porro
574 2955 611 2984 A.
633 2971 667 2975 —
693 2954 746 2985 026.
771 2957 876 2985 vetere
894 2955 942 2985 A:
968 2956 1067 2986 veteri
1090 2958 1208 2989 ceteri.
1238 2956 1286 2988 Cf.
1305 2955 1522 2996 Wesenberg
1543 2955 1584 2986 ad
1603 2965 1652 2987 or.
1672 2964 1705 2996 p.
1725 2956 1834 2987 Sestio
1858 2964 1890 2997 p.
1917 2955 1947 2987 8.
1966 2972 2001 2978 —

249 3001 317 3030 iam
349 3001 491 3040 confecto
527 3010 608 3033 cum
643 3001 833 3034 Guilielmio
870 3004 904 3034 et
938 3005 1130 3037 Passeratio
1162 3008 1207 3038 L:
1245 3010 1312 3037 tam
1340 3006 1480 3045 confecto
1513 3015 1593 3037 cum
1619 3004 1800 3037 codicibus
1824 3003 1936 3039 Asso.
1966 3021 2001 3026 —

249 3049 329 3081 haec
350 3051 517 3090 stipulatio
541 3052 622 3082 MA.
653 3069 687 3073 —
721 3052 773 3084 27.
803 3053 898 3083 huius
926 3054 1143 3093 stipulationis
1167 3057 1248 3088 MA.
1278 3074 1311 3078 -
1339 3055 1551 3095 arbiter-que?
1588 3056 1631 3086 Tu
1664 3055 1734 3086 Piso
1759 3063 1844 3086 nos:
1880 3053 2005 3085 arbiter

251 3108 311 3137 que
334 3103 369 3131 tu
390 3101 463 3132 Piso
487 3103 549 3131 αθ
564 3101 614 3138 Μ,
640 3101 787 3133 arbiter?
810 3111 895 3141 quae
917 3107 953 3134 tu
974 3104 1045 3135 Piso
1068 3106 1111 3142 A,
1145 3104 1296 3137 arbiter?
1321 3106 1365 3136 Ta
1386 3106 1456 3136 Piso
1482 3105 1631 3142 Iuntina,
1657 3103 1807 3135 arbiter?
1830 3103 1934 3143 Quis?
1961 3103 2005 3134 Tu

249 3148 321 3179 Piso
346 3157 427 3180 cum
451 3148 573 3181 Aldina
598 3149 706 3183 [ΒΟ.
737 3169 770 3173 -
797 3152 850 3183 28.
874 3161 937 3192 pro
961 3155 1040 3185 ante
1064 3163 1096 3186 v.
1116 3155 1228 3187 labore
1251 3163 1319 3186 om.
1346 3156 1407 3185 α(;
1423 3155 1503 3186 MA.
1541 3153 1680 3186 Addidit
1703 3153 1885 3184 Manutius.
1912 3152 2001 3183 Fort.

251 3206 352 3236 opera
374 3201 404 3230 et
427 3198 548 3230 labore.
586 3198 636 3230 Cf.
663 3199 706 3230 ad
730 3202 796 3232 Att.
824 3202 875 3239 16,
896 3202 948 3239 16,
966 3203 996 3234 8.
1023 3203 1066 3234 de
1092 3205 1147 3236 Or.
1174 3206 1204 3243 1,
1228 3205 1280 3243 55,
1299 3203 1372 3236 234.
1395 3223 1429 3226 —
1455 3204 1507 3235 29.
1535 3204 1651 3235 obesset
1674 3204 1756 3242 αθ,
1782 3202 1820 3233 ob
1843 3202 1941 3233 etiam
1957 3201 2001 3240 M,

251 3245 392 3278 obessent
417 3249 456 3280 A.
486 3265 520 3270 -—
546 3248 598 3280 30.
625 3258 770 3283 ccmomo
794 3252 837 3291 L,
869 3260 959 3283 ccmo
984 3253 1171 3294 Manutius,
1204 3262 1275 3286 1993
1299 3253 1485 3285 Ernestius.
1516 3271 1549 3275 -
1577 3253 1627 3284 31.
1654 3253 1727 3291 ipsa
1750 3251 1914 3283 aFGM:
1940 3250 2004 3280 ista

251 3296 315 3378 igal.
329 3295 466 3379 910-
501 3298 669 3339 stipulatio
691 3300 751 3331 ab*
764 3300 814 3339 M,
846 3301 1024 3341 postulatio
1052 3304 1091 3336 A.
1121 3321 1155 3326 —
1181 3303 1234 3336 3¹2.
1262 3303 1303 3336 At
1324 3302 1420 3341 enim]
1444 3305 1474 3334 et
1496 3302 1581 3334 enim
1603 3301 1761 3334 aGMA.
1797 3299 2005 3333 Emendavit

288 3353 353 3378 anu
372 3355 437 3380 lus.
