2127 3708
204 213 259 256 22
735 211 932 254 ORATIO
964 211 1067 253 PRO
1097 213 1141 252 P.
1174 210 1428 260 QUINCTIO

209 326 343 376 Quid,
374 326 431 373 si,
461 325 619 379 inquit,
650 325 778 365 habes
810 323 1015 364 eiusmodi
1047 335 1235 370 causam,
1267 327 1314 362 ut
1341 322 1422 363 hoc
1443 324 1517 363 tibi
1539 324 1709 377 planum
1737 324 1790 364 sit
1809 324 1963 365 facien-

209 390 326 436 dum,
358 389 566 429 neminem
598 402 713 435 esse,
757 387 829 440 qui
865 386 998 439 possit
1027 385 1156 424 biduo
1188 390 1258 424 aut
1289 399 1495 426 summum
1526 386 1666 426 triduo
1698 387 1964 441 septingenta

208 451 323 491 milia
351 464 550 504 passuum
581 451 816 495 ambulare,
864 454 1056 487 tamenne
1098 447 1274 494 vereriS‚
1314 452 1361 487 ut
1396 449 1533 501 possis
1573 448 1653 487 hoc
1684 453 1830 488 contra
1859 449 1965 489 Hor-

208 514 387 553 tensium
427 513 718 552 contendere?
749 531 803 539 —
837 510 1030 556 Minime,
1075 509 1260 562 inquam.
1321 507 1386 548 79.
1430 510 1509 549 Sed
1541 510 1643 563 quid
1686 509 1728 549 id
1760 509 1812 549 ad
1841 513 1964 551 rem?

178 582 262 610 5—
292 574 517 621 Nimirum,
548 573 709 626 inquit,
740 572 783 611 in
816 585 864 612 eo
897 584 1020 611 causa
1052 571 1256 611 consistit.
1286 593 1340 600 —
1372 571 1624 619 Quomodo?
1655 594 1708 601 -—
1738 573 1870 612 Docet
1899 586 1964 613 me

210 636 415 676 eiusmodi
447 650 534 676 rem
566 640 606 674 et
635 634 790 674 factum
821 633 943 673 simul
974 633 1068 673 Sex.
1097 633 1264 680 Naevii,
1308 633 1420 686 quod
1463 634 1496 673 si
1529 635 1663 674 solum
1694 635 1964 688 proferretur,

210 698 310 738 satis
347 711 436 737 esse
477 698 659 736 deberet.
721 695 845 743 Quod
888 694 960 734 abs
991 700 1050 743 te,
1100 696 1141 735 C.
1172 696 1337 748 Aquili,
1382 700 1422 734 et
1452 709 1476 735 a
1504 697 1646 743 vobis,
1687 696 1758 750 qui
1792 696 1891 736 estis
1922 697 1965 735 in

211 760 406 807 consilio,
448 771 605 812 quaeso
644 762 690 797 ut
725 758 945 810 diligenter
975 760 1210 798 attendatis.
1260 758 1450 797 Profecto
1482 759 1746 811 intelligetis,
1778 759 1891 797 illinc
1914 759 1964 798 ab

210 822 331 862 initio
372 822 643 874 cupiditatem
686 833 896 872 pugnasse
933 825 973 860 et
1003 821 1244 867 audaciam,
1290 820 1388 858 hinc
1419 820 1635 859 veritatem
1668 826 1708 859 et
1738 821 1963 873 pudorem,

163 893 198 922 40
212 884 351 938 quoad
382 883 585 936 potuerit,
616 882 834 921 restitisse.
878 883 991 921 Bona
1023 883 1222 935 postulas,
1255 887 1299 921 ut
1329 895 1379 921 ex
1413 882 1550 921 edicto
1582 882 1799 935 possidere
1830 883 1964 922 liceat.

213 948 306 995 Quo
340 947 437 985 die?
480 947 536 985 Te
568 945 729 997 ipsum,
760 945 909 992 Naevi,
940 945 1036 985 volo
1059 944 1226 991 audire;
1258 945 1353 983 volo
1376 944 1611 984 inauditum
1633 944 1794 984 facinus
1816 945 1964 997 ipsius,

214 1010 285 1062 qui
316 1009 358 1048 id
390 1008 617 1055 commisit,
649 1020 751 1047 voce
783 1007 987 1047 convinci.
1032 1007 1128 1053 Dic,
1161 1007 1309 1053 Naevi,
1343 1006 1466 1045 diem.
1489 1028 1542 1035 —-
1573 1007 1677 1046 Ante
1703 1007 1813 1046 diem
1837 1021 1862 1046 v
1884 1008 1965 1047 Ka-

212 1071 322 1110 lend.
354 1071 634 1110 intercalares.
656 1092 709 1099 —
742 1071 853 1109 Bene
884 1070 957 1109 ais.
1005 1068 1139 1117 Quam
1172 1069 1293 1121 longe
1326 1073 1388 1107 est
1417 1068 1513 1107 hinc
1545 1069 1587 1107 in
1610 1069 1761 1108 saltum
1782 1075 1965 1109 vestrum

214 1133 506 1172 Gallicanum?
536 1132 687 1179 Naevi,
719 1136 758 1172 te
790 1145 906 1185 rogo.
931 1154 984 1160 —
1014 1144 1089 1171 nec
1123 1131 1236 1170 milia
1257 1144 1469 1183 passuum.
1490 1153 1544 1159 -
1566 1131 1746 1184 Optime.
1778 1132 1837 1171 De
1860 1131 1967 1171 saltu

165 1195 409 1235 i5deiicitur
453 1195 690 1243 Quinctius.
750 1195 851 1243 Quo.
889 1194 986 1233 die?
1031 1195 1255 1233 Possumus
1294 1194 1374 1232 hoc
1413 1208 1582 1247 quoque
1622 1207 1674 1233 ex
1714 1198 1753 1233 te
1792 1194 1965 1233 audire?

215 1257 326 1306 Quid
358 1259 501 1297 taces?
560 1257 656 1304 Dic,
697 1257 894 1310 inquam,
932 1256 1054 1295 diem.
1114 1254 1248 1294 Pudet
1278 1255 1429 1294 dicere.
1492 1256 1710 1308 Intellig03
1752 1269 1896 1296 verum
1927 1261 1968 1296 et

215 1334 307 1361 sero
340 1326 380 1360 et
410 1319 666 1374 nequiquam
698 1319 839 1372 pudet.
885 1318 1089 1358 Deiicitur
1119 1318 1169 1357 de
1201 1318 1335 1364 saltu,
1368 1318 1410 1357 C.
1439 1319 1602 1371 Aquili,
1635 1318 1769 1371 pridie
1791 1318 1965 1358 Kalend.

214 1384 493 1424 intercalares.
552 1382 686 1421 Biduo
718 1387 812 1435 post
841 1387 933 1428 aut,
964 1385 1011 1419 ut
1041 1380 1178 1419 statim
1212 1379 1261 1419 de
1295 1380 1384 1419 iure
1416 1380 1569 1433 aliquis
1601 1381 1850 1429 cucurrerit,
1880 1394 1965 1421 non

216 1451 304 1486 toto
336 1446 474 1485 triduo
506 1456 584 1484 DCC
616 1444 731 1483 milia
762 1457 959 1496 passuum
989 1441 1276 1482 conficiuntur.
1329 1440 1394 1481 80.
1427 1442 1460 1481 Ο
1483 1456 1570 1481 rem
1599 1443 1908 1484 incredibilem!
1941 1457 1964 1482 ο

166 1514 203 1544 20
217 1508 488 1561 cupiditatem
528 1506 901 1546 inconsideratam!
941 1519 963 1545 o
995 1506 1186 1545 nuntium
1219 1505 1451 1544 volucrem!
1499 1505 1743 1544 Administri
1775 1511 1816 1545 et
1846 1505 1968 1545 satel-

216 1571 310 1610 lites
343 1570 436 1609 Sex.
469 1568 613 1609 Naevii
645 1570 774 1609 Roma
806 1574 918 1608 trans
948 1569 1073 1621 Alpes
1105 1570 1147 1607 in
1180 1568 1430 1619 Segusiavos
1461 1567 1589 1606 biduo
1612 1568 1797 1608 veniunt.
1839 1568 1872 1608 O
1893 1569 1968 1608 ho-

216 1633 370 1671 minem
414 1630 693 1678 fortunatum,
740 1632 812 1685 qui
856 1631 1060 1670 eiusmodi
1097 1631 1266 1669 nuntios
1311 1643 1382 1668 scu
1414 1630 1553 1682 potius
1589 1632 1763 1681 Pegasos
1794 1631 1966 1671 habeatl

215 1695 367 1734 XXVI.
398 1694 475 1733 Hic
507 1707 607 1747 egO,
639 1694 673 1734 si
707 1695 842 1734 Crassi
875 1707 1019 1733 omnes
1052 1706 1145 1731 cum
1166 1692 1360 1731 Antoniis
1393 1692 1613 1739 exsistant,
1647 1693 1679 1731 si
1712 1699 1776 1740 tu,
1808 1695 1852 1733 L.
1873 1694 1967 1733 Phi-

216 1757 351 1811 lippe,
383 1756 455 1810 qui
486 1757 595 1796 inter
624 1757 719 1795 illos
750 1757 947 1804 florebas,
979 1756 1086 1795 hanc
1117 1767 1284 1793 causam
1314 1754 1428 1793 voles
1451 1768 1543 1793 cum
1567 1755 1790 1795 Hortensio
1815 1757 1965 1804 dicere,

167 1825 355 1860 25tamen
399 1819 592 1872 superior
636 1819 713 1858 sim
757 1832 928 1859 necesse
970 1823 1042 1857 est.
1102 1819 1195 1856 'Non
1234 1816 1364 1862 enini,
1410 1816 1760 1869 quemadmodum
1790 1818 1965 1870 putatis,

217 1883 357 1922 omnia
387 1886 484 1922 sunt
512 1882 557 1921 in
588 1881 851 1935 eloquentia:
884 1886 946 1921 est
978 1880 1184 1934 quaedam
1216 1885 1354 1918 tamen
1386 1878 1441 1918 ita
1472 1879 1691 1931 perspicua
1718 1881 1890 1927 veritas,
1920 1886 1967 1921 ut

217 1957 307 1984 eam
338 1942 544 1984 infirmare
576 1945 690 1983 nulla
720 1957 786 1983 res
817 1944 962 1996 possit.
1022 1939 1088 1981 81.
1120 1943 1183 1981 An
1214 1946 1309 1980 aute
1343 1954 1467 1994 quain
1500 1941 1743 1993 postulasti,
1783 1947 1829 1981 ut
1857 1943 1968 1983 bona

215 2008 473 2061 possideres,
506 2007 677 2055 misisti,
711 2007 781 2061 qui
814 2010 1000 2053 curaret,
1031 2010 1077 2044 ut
1106 2004 1302 2044 dominus
1334 2003 1384 2043 dc
1416 2017 1491 2042 suo
1518 2004 1648 2043 fundo
1670 2017 1693 2043 a
1715 2017 1789 2043 sua
1809 2005 1967 2046 familia

216 2070 255 2110 vi
287 2070 568 2110 deiiceretur‘?
629 2070 880 2109 Utrumlibet
911 2069 1044 2121 elige:
1091 2068 1265 2106 alterum
1296 2066 1541 2105 incredibile
1574 2070 1654 2113 est,
1687 2067 1865 2107 alterum
1897 2081 1967 2108 ne-

299 2230 331 2261 ἱ).
365 2229 433 2269 aut]
466 2230 509 2260 ad
540 2230 564 2259 G
582 2227 627 2260 al
652 2230 686 2260 ct
709 2228 792 2267 Ass,
832 2231 889 2259 «ut
912 2226 966 2258 vcl
991 2227 1058 2257 ad»
1087 2234 1154 2266 mg.
1182 2225 1208 2263 f,
1246 2228 1303 2255 aut
1325 2226 1369 2255 ad
1391 2234 1426 2256 m
1451 2226 1485 2256 ct
1508 2234 1596 2256 corr.
1625 2225 1705 2265 (scc.
1734 2227 1794 2265 m.)
1820 2236 1850 2258 e.
1887 2227 1963 2259 vid.

213 2280 410 2320 Zumptiuin
428 2279 471 2309 ad
489 2278 586 2309 Verr.
606 2278 637 2316 ⁰2,
660 2278 711 2315 5¹2,
733 2278 805 2309 429.
833 2295 862 2300 —-
889 2278 918 2308 3.
939 2276 1099 2314 tainenne]
1118 2279 1225 2305 limine
1244 2275 1261 2305 l<
1277 2273 1284 2305 l
1300 2282 1345 2305 iu.
1370 2293 1403 2296 —
1425 2275 1569 2305 merearis
1592 2275 1623 2305 k.
1645 2293 1679 2296 ῃ
1705 2275 1763 2306 hoc
1786 2275 1808 2307 b
1823 2286 1841 2308 c
1855 2276 1930 2317 sgh
1946 2278 1966 2309 k

212 2329 275 2362 ln:
301 2331 380 2361 haec
396 2328 513 2362 ALQO.
536 2345 569 2349 —
596 2328 626 2358 5.
653 2328 799 2358 Nimiwn
816 2327 848 2358 in
865 2336 904 2358 ea
919 2335 1022 2357 causa
1039 2328 1063 2357 Α
1083 2324 1156 2364 (nal.
1178 2325 1352 2355 ηἱιηὶνιιηι»)
1379 2325 1410 2355 in
1430 2325 1605 2363 margine).
1629 2342 1662 2346 ——
1690 2326 1720 2357 7.
1747 2327 1819 2357 es!is
1842 2336 1859 2358 e
1885 2336 1966 2360 cum

213 2381 375 2420 quattuor
392 2377 644 2410 oxoniensibus
662 2379 695 2409 et
711 2379 754 2409 A:
781 2378 898 2408 adestis
915 2385 995 2408 cum
1012 2375 1152 2415 reliquis
1170 2373 1348 2405 codicibus
1365 2375 1387 2404 L
1402 2373 1421 2408 8
1437 2376 1473 2404 t).
1502 2373 1550 2405 Cf.
1571 2374 1601 2414 g.
1622 2373 1651 2406 4.
1673 2375 1725 2406 36.
1745 2376 1795 2407 91.
1817 2393 1849 2398 —
1880 2377 1910 2408 8.
1930 2378 1968 2408 il-

211 2429 285 2469 line]
313 2429 403 2460 illum
426 2431 451 2459 G
468 2428 489 2459 b
508 2437 527 2459 c
544 2427 565 2459 d
583 2437 601 2459 e
628 2428 671 2467 (in
694 2429 826 2467 rasura)
854 2427 899 2467 fg
916 2427 936 2458 h
954 2427 962 2457 i
981 2435 1014 2457 m
1032 2435 1052 2457 n
1078 2427 1112 2456 ct
1128 2426 1173 2462 A,
1200 2425 1304 2464 ipsum
1328 2423 1389 2461 kl,
1415 2424 1495 2455 illud
1513 2433 1542 2455 a.
1566 2441 1599 2445 —-
1627 2424 1657 2455 9.
1683 2427 1860 2465 cupiditate
1884 2435 1902 2458 e
1919 2427 1966 2459 kl

213 2483 247 2510 et
265 2481 301 2510 Α.
325 2496 357 2500 -
384 2478 526 2509 audacia
542 2480 581 2510 Α.
603 2496 636 2500 -
663 2478 747 2518 hinc]
764 2478 837 2508 huie
860 2477 882 2508 b
900 2486 918 2508 c
934 2476 956 2508 d
974 2477 1009 2516 (ἣ)
1029 2476 1063 2507 fi
1080 2476 1100 2507 k
1125 2476 1160 2506 et
1176 2477 1214 2513 A,
1239 2475 1322 2505 hune
1337 2474 1365 2512 l,
1393 2476 1450 2514 qui
1468 2474 1634 2515 deinceps
1652 2475 1759 2507 habet
1774 2477 1914 2508 ueritate
1930 2479 1965 2509 et

207 2529 344 2568 pudore.
363 2546 397 2549 —
419 2528 470 2559 40.
492 2527 553 2559 «al.
574 2528 757 2567 poluerint»
777 2535 844 2566 ing.
861 2526 893 2559 ⁵3.
909 2543 942 2548 —
963 2526 1015 2557 42.
1032 2526 1063 2556 id
1080 2534 1148 2557 om.
1166 2526 1203 2556 A.
1221 2542 1253 2547 --
1273 2524 1356 2555 diem
1373 2526 1449 2565 post
1465 2533 1496 2554 v.
1512 2525 1592 2556 Ante
1608 2533 1676 2556 om.
1696 2526 1719 2556 B
1734 2534 1752 2557 c
1766 2526 1788 2557 d
1802 2536 1820 2558 e
1833 2535 1854 2567 g
1866 2527 1887 2558 h
1902 2528 1910 2558 i
1923 2527 1966 2559 kl

213 2581 248 2609 et
271 2579 309 2609 Α.
336 2578 475 2617 (oNotae
492 2578 530 2608 A.
549 2578 590 2609 D.
617 2585 723 2617 saepe
749 2578 933 2617 corruptae
959 2578 1038 2607 sunt
1064 2576 1096 2606 in
1113 2576 1156 2606 ad
1178 2573 1231 2605 vel
1257 2578 1349 2613 ante,
1375 2575 1504 2605 omisso
1522 2575 1639 2605 diem.»
1663 2576 1733 2613 On.)
1755 2592 1789 2599 —-
1818 2578 1966 2616 quintum

211 2628 340 2659 calares
362 2627 393 2658 k.
424 2644 457 2649 -
485 2626 535 2658 «13,
564 2628 614 2657 ais
637 2627 839 2657 Garatonius
864 2626 906 2656 ad
933 2626 1028 2657 Verr.
1056 2626 1092 2662 3,
1119 2625 1263 2663 59,1135.
1291 2626 1325 2655 et
1349 2624 1378 2661 3,
1399 2624 1450 2657 62.
1482 2623 1558 2655 lliss:
1586 2626 1658 2664 agis
1682 2634 1762 2658 cum
1786 2627 1965 2660 codicibus

212 2677 360 2711 ALQO.
399 2676 447 2708 Cf.
474 2684 545 2707 var.
572 2675 649 2707 lect.
677 2685 709 2716 p.
737 2675 827 2706 Sulla
853 2676 883 2715 ἓ.
913 2676 962 2707 22.
991 2675 1033 2706 ‹lc
1060 2676 1143 2714 linp.
1172 2675 1232 2706 Cn.
1260 2676 1377 2714 Pomp.
1406 2675 1435 2713 g.
1458 2675 1509 2704 52.
1538 2674 1632 2705 Catil.
1660 2676 1695 2713 4,
1722 2677 1758 2715 7,
1785 2678 1835 2709 48.
1863 2678 1963 2710 Tusc.

212 2728 242 2765 5,
270 2726 322 2764 31,
348 2726 400 2758 88.
435 2727 550 2757 Horat.
577 2726 646 2756 Sat.
675 2726 704 2763 4,
732 2725 761 2763 9,
790 2726 841 2756 00.
870 2726 952 2765 lipp.
980 2725 1011 2761 ¹2,
1030 2726 1060 2762 ⁹2,
1080 2724 1131 2755 30.
1162 2742 1195 2746 —
1224 2724 1273 2756 114.
1302 2723 1438 2754 millibus
1461 2725 1498 2754 A.
1529 2741 1563 2744 ἤ
1592 2724 1642 2755 47.
1667 2730 1806 2764 praecor
1825 2727 1897 2758 Kal.
1920 2728 1967 2758 ἰη-

213 2775 428 2806 tercalaribus
452 2784 471 2806 e
497 2776 576 2813 (see.
599 2775 677 2814 nr),
702 2778 775 2814 post
800 2775 872 2805 Kal.
899 2774 1110 2805 intercalares
1134 2776 1169 2805 A.
1193 2792 1226 2795 ἡ
1255 2773 1305 2805 48.
1332 2774 1534 2804 concurrerit
1554 2776 1592 2805 A.
1616 2790 1649 2796 -
1680 2776 1729 2806 19.
1757 2776 1967 2817 Septinyenta

212 2825 305 2856 ἠιίίἰα
325 2833 482 2864 passuum
506 2824 600 2854 biduo
624 2833 722 2854 cursa
738 2827 822 2854 sunt.
850 2834 867 2855 o
884 2833 953 2855 rem
969 2842 986 2847 -
1002 2842 1020 2848 -
1037 2842 1054 2846 —
1070 2825 1233 2855 volucrem
1244 2826 1254 2855 ,Ι
1280 2823 1338 2855 lul.
1360 2824 1566 2855 Sexcrianus
1585 2825 1680 2855 Rhct.
1702 2834 1734 2865 p.
1754 2825 1826 2857 338.
1856 2827 1962 2867 (japp.

215 2893 249 2896 —
276 2875 327 2906 ΞΟ.
355 2878 388 2905 at
410 2874 553 2904 ministri
577 2875 599 2904 B
615 2876 637 2904 G
656 2884 673 2904 a
692 2873 713 2904 b
733 2883 750 2904 e
771 2874 815 2904 sk
833 2873 841 2904 l
860 2883 893 2905 m
911 2884 944 2912 n,
972 2884 1011 2905 ac
1034 2875 1173 2905 minislri
1191 2884 1209 2905 c
1223 2875 1255 2910 ll,
1284 2876 1315 2903 ut.
1336 2874 1476 2903 ncinistri
1502 2874 1521 2903 i.
1544 2891 1577 2894 „..
1606 2874 1656 2904 ΕΙ.
1677 2877 1768 2904 [rans
1786 2874 1868 2913 alpis
1884 2883 1901 2905 e
1917 2884 1962 2907 ni.

215 2942 250 2947 —
276 2924 471 2963 Seyuflavos
503 2932 585 2954 nos:
628 2923 827 2963 Sebagninos
856 2932 883 2955 s.
909 2924 1109 2964 Sebayiwzos
1136 2933 1163 2955 s.
1190 2924 1390 2963 Sebayinnos
1421 2924 1442 2953 Β
1462 2922 1518 2952 ab
1539 2923 1550 2953 l'
1567 2923 1585 2953 li
1606 2924 1666 2959 in,
1704 2923 1901 2963 Sebagyuines
1924 2926 1961 2964 G,

211 2974 412 3014 Sebayunios
429 2983 463 3011 c,
490 2974 686 3013 Sebayinnes
703 2982 754 3010 in,
781 2973 988 3014 sebam-anos
1005 2982 1023 3004 c
1042 2976 1075 3004 ct
1095 2975 1132 3011 A,
1159 2973 1357 3013 Sebayuuios
1374 2981 1404 3011 g,
1431 2973 1630 3012 Sebagyzalc'os
1647 2973 1680 3008 k,
1707 2972 1909 3013 sobagyizmos
1932 2982 1959 3005 s.

211 3024 422 3063 Sabaei-unos
445 3024 484 3063 d,
509 3023 702 3055 Sebasianos
726 3022 802 3060 12⁸3,
828 3024 1024 3063 Segusiauos
1048 3024 1071 3051 ()
1097 3031 1176 3053 cum
1203 3031 1269 3062 mg.
1290 3021 1309 3055 8
1335 3024 1369 3052 et
1394 3022 1468 3052 sort.
1497 3021 1522 3056 Ι,
1550 3022 1592 3052 de
1611 3031 1678 3062 quo
1701 3021 1854 3053 Kcllerus
1871 3022 1959 3054 silet.

211 3072 285 3103 Vid.
306 3073 506 3113 Nipperdey
523 3072 565 3103 ad
584 3072 740 3103 Caesaris
766 3073 846 3104 edit.
868 3073 945 3104 mai.
967 3082 999 3113 p.
1019 3072 1092 3103 702.
1121 3073 1265 3111 (omisso
1283 3070 1397 3111 populi
1417 3071 1556 3101 nomine
1575 3072 1800 3102 Severianus:
1827 3072 1962 3102 Romam

212 3128 304 3155 trans
326 3124 415 3162 Alpis
438 3123 533 3154 bidae
559 3123 697 3154 veniunt.
742 3123 766 3152 Ο
790 3123 948 3153 hominem
970 3123 1191 3162 sortientium,
1218 3121 1272 3160 qui
1295 3121 1447 3151 eiusmodi
1473 3121 1601 3151 mmlios
1623 3129 1678 3151 seu
1696 3121 1805 3159 potius
1827 3121 1962 3160 Peyasos

211 3173 360 3213 habeatf)
390 3191 422 3194 —-
449 3174 556 3204 triduo
580 3173 611 3204 k.
634 3190 666 3194 -
696 3171 744 3203 24..
770 3173 847 3203 velis
865 3174 897 3203 L.
922 3191 955 3194 —-
983 3173 1034 3203 26.
1059 3175 1165 3203 {citizen
1191 3172 1350 3210 quaedam
1376 3172 1415 3201 M.
1439 3189 1473 3193 a
1500 3171 1557 3210 ila]
1584 3171 1643 3201 ista
1662 3171 1693 3204 ξ’.
1717 3189 1750 3193 —-
1778 3171 1829 3201 27.
1852 3173 1963 3209 poscu-

213 3223 297 3262 lasti]
321 3223 503 3262 postulares
529 3231 558 3253 e.
590 3240 619 3245 —
650 3222 701 3253 98.
725 3223 904 3260 possideres
927 3222 1011 3252 bona
1035 3222 1065 3252 k.
1096 3239 1129 3243 --
1156 3225 1287 3252 curaret
1311 3222 1333 3251 B
1350 3222 1373 3251 G
1392 3221 1421 3251 M
1439 3230 1455 3250 a
1476 3219 1497 3251 b
1517 3230 1534 3250 c
1552 3220 1573 3251 d
1591 3220 1636 3259 fg
1654 3220 1674 3251 h
1694 3220 1701 3250 i
1719 3219 1726 3250 l
1746 3229 1779 3250 m
1797 3229 1816 3250 n
1833 3228 1839 3249 :
1866 3228 1962 3250 cura-

212 3275 283 3303 rent
307 3281 324 3303 c
350 3274 383 3303 et
407 3274 431 3303 Α
447 3271 561 3309 LKZ-O,
595 3276 813 3311 procurarent
840 3272 1019 3312 (expuncta
1045 3272 1310 3312 praepositione)
1336 3271 1366 3301 k.
1403 3270 1498 3301 (lons.
1527 3270 1556 3310 g.
1583 3270 1645 3302 83:
1684 3278 1853 3301 revocares
1875 3278 1958 3309 eum,

213 3329 307 3360 quem
329 3321 363 3351 in
388 3321 425 3353 G.
451 3322 597 3353 miseras.
630 3339 656 3344 -
689 3330 710 3352 a
734 3329 802 3352 om.
829 3323 858 3353 M
878 3330 895 3352 e
915 3330 949 3353 m
974 3324 1008 3352 et
1030 3323 1068 3352 A.
1091 3338 1124 3343 —-
1152 3322 1202 3352 ΞΘ.
1229 3321 1397 3353 eiicerettcr
1420 3320 1450 3351 k.
