2143 3713
257 192 337 234 59⁶2
777 193 975 234 ORATIO
1005 193 1107 234 PRO
1138 193 1186 234 A.
1219 195 1481 236 CLUENTIO

256 305 356 358 quid
378 305 614 344 metuebat?
644 318 696 345 ne
713 311 1023 358 oppugnaretur
1043 320 1066 347 a
1086 306 1279 359 perdito?
1301 321 1352 347 an
1373 321 1423 346 ne
1446 311 1708 346 accusaretur
1729 320 1753 346 a
1776 308 2001 350 damnato?

255 380 306 406 an
347 380 397 406 ne
429 366 583 405 exsulis
621 367 858 407 testimonio
890 367 1157 408 laederetur?
1205 369 1276 408 Sin
1307 375 1469 416 autem,
1512 369 1625 421 quod
1657 369 1801 408 oderat
1830 370 2001 411 Habitus

255 429 480 475 inimicum,
522 428 674 468 idcirco
706 430 820 469 illum
851 430 932 468 vita
963 430 1043 471 frui
1074 431 1232 477 noluit,
1274 432 1430 470 adeone
1464 437 1549 470 erat
1582 430 1753 477 stultus,
1794 436 1838 470 ut
1867 432 2002 477 illam,

255 505 379 544 quam
402 497 488 531 tum
510 490 580 530 ille
601 492 786 539 vivebat,
818 493 942 531 vitam
964 506 1054 532 esse
1077 492 1366 539 arbitraretur,
1399 492 1604 538 damnati,
1637 492 1816 539 exsulis,
1851 493 2001 533 deserti

222 553 303 592 5ab
335 553 560 592 omnibus?
601 567 723 607 quem
764 560 934 607 propter
971 555 1096 594 animi
1129 554 1478 606 importunitatem
1512 567 1632 593 nemo
1665 556 1849 607 recipere
1880 560 2003 602 tecto,

254 628 376 654 nemo
407 614 544 662 adire,
574 629 694 655 nemo
727 616 906 669 alloqui,
938 629 1059 655 nemo
1089 615 1306 668 adspicere
1327 616 1486 656 vellet?
1529 617 1662 656 Huius
1685 616 1809 669 igitur
1829 617 2004 656 Habitus

252 677 360 716 vitae
392 676 637 717 invidebat?
695 674 779 716 171.
810 678 929 717 Hunc
960 678 993 716 si
1025 678 1171 717 acerbe
1203 683 1242 717 et
1273 679 1438 731 penitus
1461 679 1628 725 oderat,
1660 693 1742 718 non
1766 693 1858 719 eum
1881 692 2003 732 quam

254 738 483 778 diutissime
515 739 653 779 vivere
675 740 780 779 velle
813 740 1019 779 debebat?
1052 740 1148 779 liuic
1180 745 1353 779 mortem
1383 742 1614 780 maturabat
1644 741 1858 787 inimicus,
1892 741 2003 794 quod

254 799 313 838 illi
344 813 471 839 unum
503 801 545 839 in
576 802 695 840 malis
727 806 813 840 erat
842 801 1077 854 perfugium
1110 801 1384 841 calamitatis?
1419 803 1488 856 qui
1521 804 1553 842 si
1587 803 1688 856 quid
1714 802 1840 841 animi
1863 808 1903 842 et
1922 803 2004 842 vir-

203 869 240 900 40
256 861 353 901 tutis
384 862 618 909 habuisset,
649 868 695 901 ut
725 862 842 901 multi
874 876 998 916 saepe
1030 863 1155 902 sortes
1187 862 1263 901 viri
1297 864 1338 902 in
1371 866 1457 904 eius
1489 865 1600 905 modi
1632 865 1799 911 dolore,
1830 869 2001 904 mortem

254 923 331 962 sibi
364 923 453 975 ipse
485 924 734 963 conscisset:
764 924 859 963 huic
890 938 1014 976 quam
1046 926 1098 964 ob
1130 939 1215 964 rem
1247 924 1285 964 id
1317 926 1444 966 vellet
1473 928 1666 967 inimicus
1689 928 1857 972 offerre,
1890 926 2003 978 quod

252 985 341 1037 ipse
373 985 450 1024 sibi
482 990 623 1037 optare
655 985 859 1025 deberet?
905 987 1008 1024 Nam
1039 1000 1148 1025 nunc
1181 987 1349 1039 quidem
1380 989 1480 1041 quid
1503 989 1666 1029 tandem
1695 989 1754 1028 illi
1777 988 1872 1028 mali
1895 1000 2004 1026 mors

251 1046 425 1085 attulit?
464 1046 545 1086 nisi
586 1047 692 1087 forte
732 1047 884 1100 ineptis
916 1047 1068 1087 sabulis
1100 1048 1313 1096 ducimur,
1357 1056 1403 1090 ut
1433 1052 1717 1091 existimemus
1749 1051 1863 1089 illum
1895 1049 2003 1102 apud

251 1107 405 1147 inferos
446 1107 668 1160 impiorum
708 1110 911 1162 supplicia
950 1110 1134 1162 perferre
1166 1123 1213 1149 ac
1252 1111 1391 1164 plures
1424 1113 1509 1152 illic
1542 1114 1767 1153 offendisse
1801 1112 2002 1156 inimicos,

206 1184 374 1222 taquam
404 1170 471 1210 hic
502 1171 746 1225 reliquisse:
778 1186 801 1211 a
832 1186 999 1220 socrus,
1030 1173 1080 1212 ab
1111 1186 1310 1220 uxorum,
1352 1188 1375 1213 a
1404 1174 1563 1223 fratris,
1595 1189 1617 1215 a
1648 1176 1825 1215 liberum
1856 1174 2003 1213 Poenis

251 1238 387 1272 actum
427 1247 517 1273 esse
562 1235 831 1287 praecipitem
874 1235 916 1274 in
962 1235 1257 1274 sceleratorum
1289 1235 1427 1275 sedem
1459 1251 1505 1276 ac
1537 1239 1763 1291 regionem.
1824 1236 1939 1284 Quae
1970 1236 2002 1274 si

250 1295 353 1335 falsa
382 1301 499 1344 sunt,
531 1297 572 1335 id
605 1298 717 1350 quod
748 1310 892 1337 omnes
915 1297 1177 1349 intelligunt,
1210 1297 1310 1349 quid
1331 1297 1368 1336 ei
1392 1299 1557 1338 tandem
1581 1312 1690 1338 mors
1714 1300 1867 1351 eripuit
1887 1309 2003 1350 prae-

251 1364 312 1398 ter
342 1371 511 1398 sensum
542 1358 730 1399 doloris?
789 1360 917 1398 LXII.
952 1356 1044 1398 172.
1076 1360 1162 1411 Age
1192 1372 1312 1406 vero,
1344 1374 1418 1412 per
1447 1376 1569 1414 quem
1593 1376 1797 1401 venenum
1833 1360 2002 1400 datum?

250 1421 326 1460 Per
355 1422 409 1461 M.
439 1421 653 1461 Asellium.
701 1422 813 1470 Quid
843 1422 939 1461 huic
971 1435 1062 1461 cum
1095 1421 1279 1460 Habito?
1324 1423 1449 1462 nihil:
1481 1429 1604 1477 atque
1635 1425 1758 1470 adeo,
1789 1422 1903 1476 quod
1935 1421 2003 1460 ille

200 1498 236 1526 ‘20
252 1482 482 1535 Oppianico
522 1482 842 1523 familiarissime
875 1490 936 1523 est
967 1497 1090 1530 usus,
1135 1484 1275 1535 potius
1307 1485 1432 1524 etiam
1465 1486 1666 1525 simultas.
1724 1487 1828 1525 Eine
1858 1484 2002 1537 igitur,

251 1557 373 1597 quem
405 1544 483 1583 sibi
515 1545 803 1593 offensiorem,
846 1546 1078 1598 Oppianico
1110 1545 1478 1585 familiarissimum
1511 1548 1666 1587 sciebat
1697 1561 1807 1593 esse,
1838 1545 2004 1599 potissi-

250 1620 360 1645 mum
407 1611 448 1646 et
487 1607 622 1646 scelus
663 1621 782 1647 51111111
825 1613 865 1647 et
904 1609 1014 1647 illius
1047 1608 1276 1660 periculum
1308 1608 1623 1648 committebat?
1672 1610 1753 1649 Cur
1783 1610 1907 1661 igitur
1937 1613 2001 1653 tu,

251 1668 324 1721 qui
355 1669 507 1721 pietate
539 1669 590 1708 ad
622 1670 899 1709 accusandum
933 1670 1137 1709 excitatus
1159 1683 1226 1716 cs,
1258 1669 1368 1708 hunc
1391 1670 1588 1709 Asellium
1611 1684 1700 1711 esse
1722 1671 1900 1711 inultum
1920 1676 2001 1710 tam

250 1730 321 1769 (1111
352 1730 487 1769 sinis?
530 1731 611 1770 Cur
640 1745 725 1771 11011
756 1732 895 1771 Habiti
927 1732 1118 1784 exemplo
1150 1745 1249 1771 usus
1279 1745 1343 1778 eS,
1375 1736 1420 1771 ut
1441 1746 1514 1784 per
1536 1732 1673 1778 illum,
1706 1733 1777 1785 qui
1799 1733 2002 1772 attulisset

198 1809 234 1837 025
250 1804 476 1839 venenum,
508 1793 558 1832 de
588 1793 669 1833 hoc
698 1793 1085 1846 praeiudicaretur?
1136 1791 1228 1833 ³173.
1260 1794 1344 1832 Iam
1377 1806 1473 1833 vero
1505 1793 1607 1833 illud
1640 1808 1764 1847 quam
1795 1807 1878 1834 non
1909 1807 2002 1847 pro-

247 1853 408 1901 babile,
441 1868 566 1908 quam
597 1856 862 1903 inusitatum,
907 1855 1085 1903 iudices,
1124 1869 1247 1909 quam
1278 1868 1454 1902 novum,
1495 1855 1538 1894 111
1569 1869 1676 1908 pane
1709 1856 1849 1896 datum
1879 1868 2001 1896 vene-

248 1917 374 1955 num!
419 1917 653 1957 Faciliusne
692 1918 827 1972 potuit
865 1931 989 1971 quam
1020 1919 1060 1957 in
1102 1918 1284 1971 poculo?
1324 1917 1448 1957 latius
1479 1919 1614 1971 potuit
1643 1918 1830 1958 abditum
1861 1917 2002 1971 aliqua

248 1979 289 2018 in
319 1984 435 2032 parte
467 1979 607 2032 panis,
642 1993 767 2033 quain
799 1981 833 2020 si
865 1985 996 2019 totum
1023 1978 1361 2033 colliquefactum
1394 1980 1435 2019 in
1467 1981 1636 2033 potione
1659 1982 1796 2021 esset?
1827 1980 2001 2020 celerius

247 2041 386 2093 potuit
416 2047 644 2082 comestum
675 2055 798 2095 quam
831 2047 999 2095 epotum
1031 2042 1072 2081 111
1094 2055 1221 2082 venas
1251 2046 1375 2095 atque
1406 2042 1447 2081 in
1475 2056 1618 2082 omnes
1650 2047 1786 2096 partes
1818 2042 2000 2095 corporis

198 2105 526 2156 30permanare?
570 2103 730 2144 facilius
770 2103 914 2144 fallere
955 2104 997 2143 in
1037 2117 1165 2158 pane,
1205 2105 1239 2144 si
1269 2109 1379 2144 esset
1408 2105 1762 2152 animadversum,
1803 2118 1927 2158 quam
1958 2105 1999 2144 in

248 2165 425 2217 poculo,
456 2179 550 2205 cum
582 2166 639 2205 ita
671 2166 890 2206 confusum
922 2171 1056 2214 esset,
1088 2172 1133 2206 ut
1162 2166 1322 2207 secerni
1353 2167 1467 2206 nullo
1499 2167 1621 2207 modo
1651 2168 1826 2219 posset?
1856 2168 1909 2206 At
1938 2180 2000 2206 re-

247 2228 418 2279 pentina
448 2232 580 2267 morte
610 2228 747 2281 periit.
795 2225 886 2267 474.
920 2228 1041 2276 Quod
1072 2229 1107 2267 si
1138 2233 1247 2268 esset
1277 2229 1331 2268 ita
1360 2228 1533 2277 factum,
1565 2234 1701 2269 tamen
1730 2242 1779 2269 ea
1806 2242 1871 2269 res
1902 2242 2000 2282 pro-

249 2295 339 2342 pter
377 2290 601 2330 multorum
644 2291 731 2330 eius
771 2290 883 2330 modi
925 2304 1063 2330 casum
1117 2291 1286 2331 minime
1326 2288 1484 2330 sirmam
1525 2292 1674 2331 veneni
1718 2291 1997 2344 suspicionem

333 2463 363 2494 ’1.
390 2463 477 2503 quid]
504 2463 559 2503 qui
575 2464 611 2494 T.
635 2480 669 2485 —
698 2472 736 2495 ne
759 2464 846 2504 opp]
871 2467 906 2495 ut
924 2473 996 2503 opp.
1018 2463 1094 2503 LQ,
1121 2465 1225 2495 inrito
1244 2464 1422 2496 Lambino.
1444 2480 1478 2486 —
1506 2463 1662 2494 damnato
1687 2462 1762 2494 ST:
1787 2463 1998 2494 condemnato

248 2512 270 2544 R
286 2514 310 2545 A
326 2514 348 2545 L
363 2512 382 2546 53
398 2515 433 2545 O.
456 2531 491 2536 —
518 2514 549 2544 ⁶2.
575 2514 602 2545 si
626 2514 696 2545 ST.
718 2532 751 2535 -
780 2514 810 2545 3.
836 2514 1004 2545 inimicmn
1028 2515 1085 2545 ST
1101 2515 1142 2545 L:
1172 2522 1240 2545 om.
1261 2516 1285 2545 lt
1298 2515 1322 2545 A
1338 2512 1357 2545 Q
1372 2514 1408 2545 O.
1431 2531 1464 2535 —
1492 2516 1521 2544 et
1544 2513 1664 2544 idcirco
1689 2514 1710 2544 F
1724 2513 1755 2544 Μ
1768 2514 1806 2543 A.
1829 2530 1863 2535 —
1889 2513 1919 2543 6.
1939 2522 1998 2544 au—

247 2564 317 2595 dire
340 2563 423 2596 UA.
460 2564 693 2596 Emendatum
718 2565 771 2595 est
794 2565 827 2595 in
853 2564 908 2596 cd.
936 2565 1174 2596 Cratandrina.
1204 2583 1238 2586 —
1273 2564 1439 2602 adspicere
1463 2563 1577 2593 STL:
1603 2563 1762 2602 respicere
1784 2564 1807 2593 R
1821 2564 1845 2593 A
1861 2562 1930 2594 ⁵30.
1959 2580 1994 2584 ——

245 2612 381 2644 Habitus
402 2614 492 2644 vitae
515 2614 592 2645 ST:
628 2614 716 2645 vilae
737 2613 872 2644 Habitus
897 2615 920 2645 R
933 2615 978 2648 A:
1015 2615 1101 2646 vilae
1123 2614 1235 2645 Avitus
1258 2615 1281 2645 L
1297 2612 1315 2645 Q
1330 2614 1367 2645 O.
1408 2630 1441 2635 -
1479 2613 1508 2643 9.
1535 2616 1607 2643 erat
1625 2612 1814 2652 perfugium
1837 2612 1895 2643 ST
1910 2612 1940 2643 Μ
1954 2612 1993 2643 L:

242 2663 430 2703 perfugium
453 2666 524 2694 erat
549 2664 609 2694 FA
625 2661 643 2695 §.²
659 2664 695 2694 O.
726 2681 760 2685 —
797 2667 826 2694 et
854 2664 874 2694 S
889 2664 928 2694 T:
965 2673 1004 2695 ac
1028 2665 1090 2695 BA
1105 2663 1214 2698 Lsso.
1242 2681 1275 2685 —-
1315 2664 1365 2694 sti.
1392 2663 1544 2694 concisset
1567 2663 1602 2694 L.
1635 2680 1670 2685 —
1707 2662 1838 2702 auferre
1861 2662 1931 2693 ST.
1959 2679 1992 2683 —

244 2712 296 2744 43.
322 2712 439 2752 ineptis
459 2712 578 2752 sabulis
601 2713 676 2743 ST:
713 2712 841 2752 ineptiis
864 2716 960 2752 atque
981 2714 1005 2754 s.
1033 2715 1054 2745 F
1069 2715 1114 2751 A;
1152 2714 1279 2753 ineptiis
1301 2722 1340 2744 ac
1361 2712 1385 2752 f.
1413 2713 1444 2743 M
1460 2713 1481 2743 L
1497 2709 1515 2743 ⁵3
1530 2711 1567 2744 Ο.
1604 2729 1637 2733 —-
1671 2711 1770 2753 apud]
1795 2712 1838 2742 ad
1861 2712 1929 2743 ST.
1959 2729 1993 2733 -—

244 2762 296 2792 45.
321 2761 501 2801 reliquisset
524 2762 594 2793 ST.
615 2779 649 2784 —
677 2761 709 2802 a]
733 2771 777 2792 an
801 2763 858 2793 ST
873 2764 905 2794 F.
935 2780 970 2785 -—
995 2772 1090 2794 socru
1113 2764 1192 2794 T.—
1219 2763 1259 2794 ab
1282 2772 1341 2794 uec.
1368 2762 1399 2803 a]
1425 2771 1467 2792 (ιη
1491 2771 1550 2792 ux.
1577 2771 1620 2792 an
1645 2762 1711 2792 ST.
1741 2778 1773 2782 -
1802 2770 1846 2791 au
1869 2760 1922 2791 lib.
1950 2760 1991 2796 T;

244 2820 313 2843 om.
339 2821 383 2843 an
407 2811 455 2852 (a)
472 2813 504 2843 S.
526 2830 561 2834 —-
587 2812 704 2843 uxoris
727 2813 796 2844 ST.
820 2830 852 2834 -
882 2813 932 2843 16.
951 2822 990 2843 ας
1014 2813 1089 2844 ST:
1117 2815 1214 2851 atque
1239 2814 1261 2845 R
1276 2814 1301 2844 A
1316 2813 1338 2843 L
1353 2810 1371 2843 ΣΞ
1386 2812 1422 2843 Ο.
1444 2829 1477 2832 -
1507 2811 1558 2843 17.
1584 2811 1703 2850 cripuit
1725 2819 1814 2842 mors
1837 2811 1883 2847 T;
1907 2817 1995 2840 ‘triers

243 2861 361 2900 eripuit
385 2862 477 2892 aliud
500 2862 537 2898 ὃς
575 2862 666 2892 aliud
697 2871 786 2893 mors
809 2862 926 2902 eripuit
951 2863 972 2893 F
986 2863 1016 2893 Μ
1032 2863 1054 2893 Α
1071 2862 1093 2892 Ι,
1108 2859 1127 2893 53.
1142 2863 1178 2893 O.
1207 2879 1243 2884 —-
1281 2862 1331 2893 118.
1354 2870 1414 2900 per
1438 2869 1531 2899 quem
1553 2869 1710 2891 venenum
1733 2860 1753 2890 S
1767 2860 1810 2890 T:
1838 2867 1994 2889 venenum

239 2919 300 2949 per
323 2920 417 2950 quem
440 2912 504 2943 RA
519 2912 541 2942 L
556 2910 575 2943 δὲ
590 2912 625 2942 0.
649 2929 683 2933 -
711 2912 761 2943 49.
788 2912 858 2943 ideo
874 2914 907 2943 S.
929 2929 963 2933 —
982 2912 1035 2942 ⁵20.
1059 2912 1167 2951 polius
1188 2911 1287 2942 etiam
1308 2910 1456 2941 simultas
1480 2911 1558 2941 ante
1576 2919 1630 2940 η’.
1651 2913 1749 2948 atque
1764 2908 1844 2938 adeo
1861 2909 1994 2947 ponunt.

245 2960 266 2990 F
283 2961 321 2991 A.
351 2976 384 2982 -
411 2960 464 2991 ⁶24.
491 2962 679 3000 offensorem
703 2962 735 2992 S.
765 2979 799 2984 —
825 2962 877 2993 22.
904 2961 1004 2992 scelus
1026 2970 1119 2992 suum
1144 2962 1219 2992 ST:
1244 2969 1339 2992 suuni
1361 2959 1461 2990 scelus
1491 2961 1515 2991 R
1529 2960 1554 2990 A
1570 2960 1592 2990 L
1608 2957 1626 2991 ⁵3
1642 2960 1679 2990 O.
1714 2976 1747 2980 ——
1780 2957 1881 2998 igitur
1910 2957 1930 2987 S
1946 2957 1989 2987 T:

243 3009 356 3040 deinde
378 3010 442 3041 ΒΑ
457 3008 513 3041 LQ
528 3011 564 3041 O.
594 3029 627 3033 —
655 3010 706 3042 23.
733 3010 811 3052 tam]
837 3011 904 3042 iam
929 3012 950 3042 F
963 3012 995 3043 M
1008 3013 1045 3042 A.
1073 3030 1106 3033 —
1132 3012 1185 3042 26.
1211 3019 1310 3050 quarn
1331 3009 1522 3040 inusitatum
1545 3009 1666 3040 iudices
1689 3016 1758 3039 om.
1778 3007 1799 3037 F
1814 3008 1852 3037 A.
1879 3006 1993 3046 (quam

242 3058 435 3090 inusitatum
450 3059 681 3100 --taciliusne
699 3061 806 3100 potuit
829 3069 948 3091 errore
972 3061 1109 3101 typogr.
1135 3069 1205 3091 0111.
1227 3059 1276 3098 L.)
1297 3077 1331 3081 —
1356 3059 1409 3089 ⁹27.
1434 3058 1586 3089 latentius
1608 3066 1688 3089 cum
1712 3056 1770 3087 ed.
1795 3056 1991 3086 Victoriana

246 3109 267 3139 L
282 3109 300 3140 δέ
315 3109 357 3145 Ο·,
382 3109 495 3140 tectius
518 3110 640 3141 navius
668 3111 744 3142 Var.
772 3112 855 3142 Lect.
879 3111 917 3141 11.
944 3119 977 3151 p.
999 3110 1059 3142 432
1083 3118 1136 3150 sq.
1165 3128 1198 3131 —
1225 3108 1369 3140 abditum
1385 3116 1645 3147 ——permanare
1669 3106 1863 3138 Priscianus
1887 3105 1926 3136 X.
1952 3106 1989 3141 5,

244 3158 296 3189 ⁶28.
315 3158 366 3190 30.
388 3177 422 3181 —
449 3160 575 3190 aditum
599 3161 620 3191 F
636 3161 675 3191 M.
710 3179 743 3182 —
770 3161 822 3191 ⁶29.
844 3159 961 3200 poluit]
981 3159 1091 3199 potius
1114 3159 1308 3191 Priscianus
1331 3160 1479 3198 utroque
1510 3158 1598 3190 loco.
1627 3175 1661 3179 —-
1695 3165 1855 3187 comesum
1884 3156 1907 3186 F
1920 3156 1989 3187 MA

246 3208 268 3238 L
283 3206 313 3240 ⁸3.
353 3209 400 3241 Cf.
427 3211 566 3251 praeter
590 3210 802 3242 priscianum
826 3209 1012 3241 Diomedes
1036 3218 1069 3250 p.
1096 3208 1168 3241 358.
1196 3209 1230 3239 et
1253 3207 1325 3239 382.
1348 3226 1381 3229 —
1404 3212 1518 3247 potum
1542 3209 1572 3239 M
1587 3209 1621 3239 L.
1643 3224 1677 3229 —
1699 3207 1807 3246 partis
1829 3206 1933 3237 omnis
1952 3205 1987 3235 T.

250 3273 282 3277 —-
310 3258 361 3289 30.
384 3268 581 3298 permanere
604 3261 637 3291 S.
666 3278 700 3283 —
727 3260 780 3292 33.
806 3268 918 3291 casum
940 3259 1071 3291 minime
1092 3258 1116 3299 s.
1142 3268 1172 3289 v.
1197 3266 1223 3289 s.
1248 3257 1377 3289 haberet
1401 3259 1474 3289 ST:
1512 3260 1650 3290 mortem
1671 3256 1750 3287 satis
1770 3256 1794 3295 f.
1818 3264 1850 3286 v.
1876 3263 1900 3287 s.
1924 3262 1989 3285 ‘non

246 3306 375 3340 haberet
399 3310 420 3341 F
434 3310 465 3341 M
477 3311 503 3342 Α
518 3310 540 3341 L
554 3307 573 3343 Q
588 3310 624 3342 Ο.
