<?xml version="1.0" encoding="UTF-8"?>
<!DOCTYPE html PUBLIC "-//W3C//DTD XHTML 1.0 Transitional//EN"
    "http://www.w3.org/TR/xhtml1/DTD/xhtml1-transitional.dtd">
<html xmlns="http://www.w3.org/1999/xhtml" xml:lang="en" lang="en">
 <head>
  <title>
</title>
<meta http-equiv="Content-Type" content="text/html;charset=utf-8" />
  <meta name='ocr-system' content='tesseract 3.04.00' />
  <meta name='ocr-capabilities' content='ocr_page ocr_carea ocr_par ocr_line ocrx_word'/>
</head>
<body>
  <div class='ocr_page' id='page_1' title='image "./p1operaquaesupersu02ciceuoft_0041.png"; bbox 0 0 2127 3708; ppageno 0'>
   <div class='ocr_carea' id='block_1_1' title="bbox 547 227 1835 286">
    <p class='ocr_par' dir='ltr' id='par_1_1' title="bbox 547 227 1835 286">
     <span class='ocr_line' id='line_1_1' title="bbox 547 227 1835 286; baseline -0.002 -12"><span class='ocrx_word' id='word_1_1' title='bbox 547 232 642 274; x_wconf 64' lang='lat' dir='ltr'>Cn.</span> <span class='ocrx_word' id='word_1_2' title='bbox 670 230 794 272; x_wconf 88' lang='lat' dir='ltr'>XXX</span> <span class='ocrx_word' id='word_1_3' title='bbox 810 253 865 263; x_wconf 89' lang='lat'>—</span> <span class='ocrx_word' id='word_1_4' title='bbox 880 231 1035 273; x_wconf 89' lang='lat' dir='ltr'>XXXI.</span> <span class='ocrx_word' id='word_1_5' title='bbox 1073 230 1148 286; x_wconf 51' lang='grc' dir='ltr'>ὃὸ.</span> <span class='ocrx_word' id='word_1_6' title='bbox 1177 231 1230 273; x_wconf 84' lang='grc'>89</span> <span class='ocrx_word' id='word_1_7' title='bbox 1246 254 1302 265; x_wconf 92' lang='lat'>—</span> <span class='ocrx_word' id='word_1_8' title='bbox 1318 230 1383 275; x_wconf 79' lang='lat'>95.</span> <span class='ocrx_word' id='word_1_9' title='bbox 1780 227 1835 274; x_wconf 77' lang='grc'>27</span> 
     </span>
    </p>
   </div>
   <div class='ocr_carea' id='block_1_2' title="bbox 83 344 1887 1964">
    <p class='ocr_par' dir='ltr' id='par_1_2' title="bbox 83 344 1887 1964">
     <span class='ocr_line' id='line_1_2' title="bbox 93 344 1833 399; baseline -0.002 -10"><span class='ocrx_word' id='word_1_10' title='bbox 93 348 299 390; x_wconf 91' lang='lat' dir='ltr'>namentis</span> <span class='ocrx_word' id='word_1_11' title='bbox 343 345 532 387; x_wconf 90' lang='lat' dir='ltr'>omnibus</span> <span class='ocrx_word' id='word_1_12' title='bbox 578 344 755 397; x_wconf 91' lang='lat' dir='ltr'>spoliata</span> <span class='ocrx_word' id='word_1_13' title='bbox 798 345 910 384; x_wconf 90' lang='lat' dir='ltr'>nuda</span> <span class='ocrx_word' id='word_1_14' title='bbox 955 345 1172 398; x_wconf 87' lang='lat' dir='ltr'>cupiditati</span> <span class='ocrx_word' id='word_1_15' title='bbox 1217 345 1559 399; x_wconf 84' lang='lat' dir='ltr'>petulantiaeque</span> <span class='ocrx_word' id='word_1_16' title='bbox 1604 346 1833 387; x_wconf 86' lang='lat' dir='ltr'>addicatur.</span> 
     </span>
     <span class='ocr_line' id='line_1_3' title="bbox 93 406 1836 462; baseline -0.001 -13"><span class='ocrx_word' id='word_1_17' title='bbox 93 410 159 451; x_wconf 82' lang='lat'>93.</span> <span class='ocrx_word' id='word_1_18' title='bbox 189 412 281 450; x_wconf 92' lang='lat' dir='ltr'>Non</span> <span class='ocrx_word' id='word_1_19' title='bbox 311 411 521 462; x_wconf 87' lang='lat' dir='ltr'>comparat</span> <span class='ocrx_word' id='word_1_20' title='bbox 550 420 594 446; x_wconf 90' lang='lat' dir='ltr'>se</span> <span class='ocrx_word' id='word_1_21' title='bbox 624 411 761 448; x_wconf 89' lang='lat' dir='ltr'>tecum</span> <span class='ocrx_word' id='word_1_22' title='bbox 793 406 923 460; x_wconf 87' lang='lat' dir='ltr'>gratia</span> <span class='ocrx_word' id='word_1_23' title='bbox 952 407 994 446; x_wconf 88' lang='lat' dir='ltr'>P.</span> <span class='ocrx_word' id='word_1_24' title='bbox 1028 406 1270 455; x_wconf 86' lang='lat' dir='ltr'>Quinctius,</span> <span class='ocrx_word' id='word_1_25' title='bbox 1306 408 1400 446; x_wconf 86' lang='lat' dir='ltr'>Sex.</span> <span class='ocrx_word' id='word_1_26' title='bbox 1432 409 1583 457; x_wconf 81' lang='lat' dir='ltr'>Naevi3</span> <span class='ocrx_word' id='word_1_27' title='bbox 1627 422 1712 448; x_wconf 91' lang='lat' dir='ltr'>non</span> <span class='ocrx_word' id='word_1_28' title='bbox 1744 408 1836 461; x_wconf 91' lang='lat' dir='ltr'>opi-</span> 
     </span>
     <span class='ocr_line' id='line_1_4' title="bbox 93 468 1833 524; baseline -0.003 -10"><span class='ocrx_word' id='word_1_29' title='bbox 93 474 188 521; x_wconf 89' lang='lat' dir='ltr'>bus,</span> <span class='ocrx_word' id='word_1_30' title='bbox 219 485 302 512; x_wconf 91' lang='lat' dir='ltr'>non</span> <span class='ocrx_word' id='word_1_31' title='bbox 331 471 525 511; x_wconf 84' lang='lat' dir='ltr'>facultate</span> <span class='ocrx_word' id='word_1_32' title='bbox 556 469 782 509; x_wconf 88' lang='lat' dir='ltr'>contendit.</span> <span class='ocrx_word' id='word_1_33' title='bbox 843 468 997 509; x_wconf 88' lang='lat' dir='ltr'>Omnes</span> <span class='ocrx_word' id='word_1_34' title='bbox 1028 473 1119 510; x_wconf 86' lang='lat' dir='ltr'>tuas</span> <span class='ocrx_word' id='word_1_35' title='bbox 1151 474 1282 517; x_wconf 91' lang='lat' dir='ltr'>artes,</span> <span class='ocrx_word' id='word_1_36' title='bbox 1315 469 1468 524; x_wconf 89' lang='lat' dir='ltr'>quibus</span> <span class='ocrx_word' id='word_1_37' title='bbox 1498 475 1542 509; x_wconf 88' lang='lat' dir='ltr'>tu</span> <span class='ocrx_word' id='word_1_38' title='bbox 1573 484 1745 522; x_wconf 82' lang='lat' dir='ltr'>magnus</span> <span class='ocrx_word' id='word_1_39' title='bbox 1777 483 1833 516; x_wconf 88' lang='lat' dir='ltr'>es,</span> 
     </span>
     <span class='ocr_line' id='line_1_5' title="bbox 93 530 1833 584; baseline -0.004 -8"><span class='ocrx_word' id='word_1_40' title='bbox 93 536 166 576; x_wconf 85' lang='lat' dir='ltr'>tibi</span> <span class='ocrx_word' id='word_1_41' title='bbox 196 533 397 575; x_wconf 87' lang='lat' dir='ltr'>concedit.</span> <span class='ocrx_word' id='word_1_42' title='bbox 455 532 623 571; x_wconf 84' lang='lat' dir='ltr'>Fatetur</span> <span class='ocrx_word' id='word_1_43' title='bbox 667 544 710 570; x_wconf 90' lang='lat' dir='ltr'>se</span> <span class='ocrx_word' id='word_1_44' title='bbox 754 544 840 571; x_wconf 90' lang='lat' dir='ltr'>non</span> <span class='ocrx_word' id='word_1_45' title='bbox 878 531 987 570; x_wconf 90' lang='lat' dir='ltr'>belle</span> <span class='ocrx_word' id='word_1_46' title='bbox 1028 531 1187 579; x_wconf 84' lang='lat' dir='ltr'>dicere,</span> <span class='ocrx_word' id='word_1_47' title='bbox 1233 544 1317 571; x_wconf 91' lang='lat' dir='ltr'>non</span> <span class='ocrx_word' id='word_1_48' title='bbox 1348 532 1400 571; x_wconf 92' lang='lat' dir='ltr'>ad</span> <span class='ocrx_word' id='word_1_49' title='bbox 1430 531 1686 572; x_wconf 83' lang='lat' dir='ltr'>voluntatem</span> <span class='ocrx_word' id='word_1_50' title='bbox 1716 530 1833 584; x_wconf 91' lang='lat' dir='ltr'>loqui</span> 
     </span>
     <span class='ocr_line' id='line_1_6' title="bbox 92 591 1884 652; baseline -0.004 -15"><span class='ocrx_word' id='word_1_51' title='bbox 92 610 236 652; x_wconf 87' lang='lat' dir='ltr'>posse,</span> <span class='ocrx_word' id='word_1_52' title='bbox 267 608 349 635; x_wconf 91' lang='lat' dir='ltr'>non</span> <span class='ocrx_word' id='word_1_53' title='bbox 379 594 429 633; x_wconf 91' lang='lat' dir='ltr'>ab</span> <span class='ocrx_word' id='word_1_54' title='bbox 460 591 613 633; x_wconf 85' lang='lat' dir='ltr'>afflicta</span> <span class='ocrx_word' id='word_1_55' title='bbox 643 593 826 632; x_wconf 89' lang='lat' dir='ltr'>amicitia</span> <span class='ocrx_word' id='word_1_56' title='bbox 856 593 1114 645; x_wconf 87' lang='lat' dir='ltr'>transfugere</span> <span class='ocrx_word' id='word_1_57' title='bbox 1145 599 1270 647; x_wconf 90' lang='lat' dir='ltr'>atque</span> <span class='ocrx_word' id='word_1_58' title='bbox 1302 594 1353 633; x_wconf 89' lang='lat' dir='ltr'>ad</span> <span class='ocrx_word' id='word_1_59' title='bbox 1386 595 1600 634; x_wconf 84' lang='lat' dir='ltr'>florentem</span> <span class='ocrx_word' id='word_1_60' title='bbox 1620 594 1742 633; x_wconf 90' lang='lat' dir='ltr'>aliam</span> <span class='ocrx_word' id='word_1_61' title='bbox 1765 593 1835 632; x_wconf 89' lang='lat' dir='ltr'>de·</span> <span class='ocrx_word' id='word_1_62' title='bbox 1866 602 1884 630; x_wconf 88' lang='lat'>5</span> 
     </span>
     <span class='ocr_line' id='line_1_7' title="bbox 92 654 1834 709; baseline -0.004 -9"><span class='ocrx_word' id='word_1_63' title='bbox 92 660 251 706; x_wconf 91' lang='lat' dir='ltr'>volare,</span> <span class='ocrx_word' id='word_1_64' title='bbox 282 670 365 697; x_wconf 91' lang='lat' dir='ltr'>non</span> <span class='ocrx_word' id='word_1_65' title='bbox 397 654 578 709; x_wconf 89' lang='lat' dir='ltr'>profusis</span> <span class='ocrx_word' id='word_1_66' title='bbox 610 655 844 707; x_wconf 87' lang='lat' dir='ltr'>sumptibus</span> <span class='ocrx_word' id='word_1_67' title='bbox 876 655 1038 702; x_wconf 87' lang='lat' dir='ltr'>vivere,</span> <span class='ocrx_word' id='word_1_68' title='bbox 1071 669 1155 694; x_wconf 89' lang='lat' dir='ltr'>non</span> <span class='ocrx_word' id='word_1_69' title='bbox 1187 669 1333 696; x_wconf 88' lang='lat' dir='ltr'>ornare</span> <span class='ocrx_word' id='word_1_70' title='bbox 1356 656 1575 708; x_wconf 87' lang='lat' dir='ltr'>magnifice</span> <span class='ocrx_word' id='word_1_71' title='bbox 1597 655 1834 709; x_wconf 90' lang='lat' dir='ltr'>splendide—</span> 
     </span>
     <span class='ocr_line' id='line_1_8' title="bbox 92 716 1834 775; baseline -0.003 -15"><span class='ocrx_word' id='word_1_72' title='bbox 92 733 173 775; x_wconf 90' lang='lat' dir='ltr'>que</span> <span class='ocrx_word' id='word_1_73' title='bbox 211 718 466 765; x_wconf 86' lang='lat' dir='ltr'>convivium,</span> <span class='ocrx_word' id='word_1_74' title='bbox 510 730 593 756; x_wconf 89' lang='lat' dir='ltr'>uon</span> <span class='ocrx_word' id='word_1_75' title='bbox 635 716 788 757; x_wconf 86' lang='lat' dir='ltr'>habere</span> <span class='ocrx_word' id='word_1_76' title='bbox 831 718 999 757; x_wconf 88' lang='lat' dir='ltr'>domum</span> <span class='ocrx_word' id='word_1_77' title='bbox 1038 717 1222 758; x_wconf 85' lang='lat' dir='ltr'>clausam</span> <span class='ocrx_word' id='word_1_78' title='bbox 1263 719 1413 771; x_wconf 89' lang='lat' dir='ltr'>pudori</span> <span class='ocrx_word' id='word_1_79' title='bbox 1445 724 1485 758; x_wconf 90' lang='lat' dir='ltr'>et</span> <span class='ocrx_word' id='word_1_80' title='bbox 1515 717 1834 763; x_wconf 86' lang='lat' dir='ltr'>sanctimoniae,</span> 
     </span>
     <span class='ocr_line' id='line_1_9' title="bbox 90 779 1834 837; baseline -0.003 -15"><span class='ocrx_word' id='word_1_81' title='bbox 90 787 297 837; x_wconf 89' lang='lat' dir='ltr'>patentem</span> <span class='ocrx_word' id='word_1_82' title='bbox 334 785 458 834; x_wconf 91' lang='lat' dir='ltr'>atque</span> <span class='ocrx_word' id='word_1_83' title='bbox 500 780 604 819; x_wconf 92' lang='lat' dir='ltr'>adeo</span> <span class='ocrx_word' id='word_1_84' title='bbox 638 780 869 831; x_wconf 85' lang='lat' dir='ltr'>expositam</span> <span class='ocrx_word' id='word_1_85' title='bbox 901 780 1119 833; x_wconf 85' lang='lat' dir='ltr'>cupiditati</span> <span class='ocrx_word' id='word_1_86' title='bbox 1151 786 1191 821; x_wconf 88' lang='lat' dir='ltr'>et</span> <span class='ocrx_word' id='word_1_87' title='bbox 1221 782 1532 836; x_wconf 81' lang='lat' dir='ltr'>voluptatibus:</span> <span class='ocrx_word' id='word_1_88' title='bbox 1574 785 1718 820; x_wconf 88' lang='lat' dir='ltr'>contra</span> <span class='ocrx_word' id='word_1_89' title='bbox 1757 779 1834 818; x_wconf 92' lang='lat' dir='ltr'>sibi</span> 
     </span>
     <span class='ocr_line' id='line_1_10' title="bbox 89 841 1836 897; baseline -0.004 -11"><span class='ocrx_word' id='word_1_90' title='bbox 89 847 146 887; x_wconf 89' lang='lat' dir='ltr'>ait</span> <span class='ocrx_word' id='word_1_91' title='bbox 175 842 376 891; x_wconf 86' lang='lat' dir='ltr'>officium,</span> <span class='ocrx_word' id='word_1_92' title='bbox 407 841 551 889; x_wconf 84' lang='lat' dir='ltr'>fidem,</span> <span class='ocrx_word' id='word_1_93' title='bbox 594 843 873 895; x_wconf 82' lang='lat' dir='ltr'>diligentiam,</span> <span class='ocrx_word' id='word_1_94' title='bbox 911 843 1038 882; x_wconf 88' lang='lat' dir='ltr'>vitam</span> <span class='ocrx_word' id='word_1_95' title='bbox 1070 844 1240 883; x_wconf 89' lang='lat' dir='ltr'>omnino</span> <span class='ocrx_word' id='word_1_96' title='bbox 1273 856 1439 897; x_wconf 88' lang='lat' dir='ltr'>semper</span> <span class='ocrx_word' id='word_1_97' title='bbox 1466 844 1678 884; x_wconf 86' lang='lat' dir='ltr'>horridam</span> <span class='ocrx_word' id='word_1_98' title='bbox 1709 847 1836 894; x_wconf 92' lang='lat' dir='ltr'>atque</span> 
     </span>
     <span class='ocr_line' id='line_1_11' title="bbox 89 905 1885 960; baseline -0.004 -11"><span class='ocrx_word' id='word_1_99' title='bbox 89 908 243 950; x_wconf 87' lang='lat' dir='ltr'>aridam</span> <span class='ocrx_word' id='word_1_100' title='bbox 273 906 387 946; x_wconf 90' lang='lat' dir='ltr'>cordi</span> <span class='ocrx_word' id='word_1_101' title='bbox 418 905 560 945; x_wconf 88' lang='lat' dir='ltr'>fuisse.</span> <span class='ocrx_word' id='word_1_102' title='bbox 608 906 691 945; x_wconf 89' lang='lat' dir='ltr'>Ista</span> <span class='ocrx_word' id='word_1_103' title='bbox 722 905 939 959; x_wconf 88' lang='lat' dir='ltr'>superiora</span> <span class='ocrx_word' id='word_1_104' title='bbox 971 918 1062 945; x_wconf 92' lang='lat' dir='ltr'>esse</span> <span class='ocrx_word' id='word_1_105' title='bbox 1095 918 1140 944; x_wconf 88' lang='lat' dir='ltr'>ac</span> <span class='ocrx_word' id='word_1_106' title='bbox 1171 906 1396 958; x_wconf 90' lang='lat' dir='ltr'>plurimum</span> <span class='ocrx_word' id='word_1_107' title='bbox 1418 920 1542 960; x_wconf 90' lang='lat' dir='ltr'>posse</span> <span class='ocrx_word' id='word_1_108' title='bbox 1564 907 1629 946; x_wconf 89' lang='lat' dir='ltr'>his</span> <span class='ocrx_word' id='word_1_109' title='bbox 1651 905 1885 946; x_wconf 71' lang='lat' dir='ltr'>moribusio</span> 
     </span>
     <span class='ocr_line' id='line_1_12' title="bbox 89 965 1836 1021; baseline -0.003 -10"><span class='ocrx_word' id='word_1_110' title='bbox 89 970 223 1011; x_wconf 84' lang='lat' dir='ltr'>sentit.</span> <span class='ocrx_word' id='word_1_111' title='bbox 272 965 336 1007; x_wconf 72' lang='lat'>94.</span> <span class='ocrx_word' id='word_1_112' title='bbox 370 967 482 1016; x_wconf 88' lang='lat' dir='ltr'>Quid</span> <span class='ocrx_word' id='word_1_113' title='bbox 512 980 608 1020; x_wconf 87' lang='lat' dir='ltr'>ergo</span> <span class='ocrx_word' id='word_1_114' title='bbox 640 972 702 1007; x_wconf 86' lang='lat' dir='ltr'>est</span> <span class='ocrx_word' id='word_1_115' title='bbox 721 970 739 1007; x_wconf 67' lang='lat' dir='ltr'>‘l</span> <span class='ocrx_word' id='word_1_116' title='bbox 771 981 855 1007; x_wconf 90' lang='lat' dir='ltr'>non</span> <span class='ocrx_word' id='word_1_117' title='bbox 885 981 1019 1020; x_wconf 89' lang='lat' dir='ltr'>usque</span> <span class='ocrx_word' id='word_1_118' title='bbox 1052 980 1100 1006; x_wconf 91' lang='lat' dir='ltr'>eo</span> <span class='ocrx_word' id='word_1_119' title='bbox 1134 972 1290 1016; x_wconf 88' lang='lat' dir='ltr'>tamen,</span> <span class='ocrx_word' id='word_1_120' title='bbox 1322 974 1368 1008; x_wconf 89' lang='lat' dir='ltr'>ut</span> <span class='ocrx_word' id='word_1_121' title='bbox 1398 969 1440 1007; x_wconf 92' lang='lat' dir='ltr'>in</span> <span class='ocrx_word' id='word_1_122' title='bbox 1471 969 1606 1021; x_wconf 90' lang='lat' dir='ltr'>capite</span> <span class='ocrx_word' id='word_1_123' title='bbox 1635 966 1836 1007; x_wconf 90' lang='lat' dir='ltr'>fortunis-</span> 
     </span>
     <span class='ocr_line' id='line_1_13' title="bbox 90 1029 1836 1088; baseline -0.002 -16"><span class='ocrx_word' id='word_1_124' title='bbox 90 1045 170 1088; x_wconf 90' lang='lat' dir='ltr'>que</span> <span class='ocrx_word' id='word_1_125' title='bbox 199 1031 415 1071; x_wconf 89' lang='lat' dir='ltr'>hominum</span> <span class='ocrx_word' id='word_1_126' title='bbox 445 1029 836 1069; x_wconf 88' lang='lat' dir='ltr'>honestissimorum</span> <span class='ocrx_word' id='word_1_127' title='bbox 867 1029 1133 1069; x_wconf 86' lang='lat' dir='ltr'>dominentur</span> <span class='ocrx_word' id='word_1_128' title='bbox 1158 1031 1205 1076; x_wconf 92' lang='lat' dir='ltr'>ii,</span> <span class='ocrx_word' id='word_1_129' title='bbox 1238 1031 1311 1084; x_wconf 89' lang='lat' dir='ltr'>qui</span> <span class='ocrx_word' id='word_1_130' title='bbox 1336 1031 1479 1071; x_wconf 90' lang='lat' dir='ltr'>relicta</span> <span class='ocrx_word' id='word_1_131' title='bbox 1500 1032 1684 1071; x_wconf 86' lang='lat' dir='ltr'>virorum</span> <span class='ocrx_word' id='word_1_132' title='bbox 1704 1031 1836 1070; x_wconf 90' lang='lat' dir='ltr'>bono-</span> 
     </span>
     <span class='ocr_line' id='line_1_14' title="bbox 85 1092 1836 1147; baseline -0.003 -12"><span class='ocrx_word' id='word_1_133' title='bbox 85 1109 177 1136; x_wconf 90' lang='lat' dir='ltr'>rum</span> <span class='ocrx_word' id='word_1_134' title='bbox 207 1093 429 1146; x_wconf 90' lang='lat' dir='ltr'>disciplina</span> <span class='ocrx_word' id='word_1_135' title='bbox 460 1097 499 1131; x_wconf 88' lang='lat' dir='ltr'>et</span> <span class='ocrx_word' id='word_1_136' title='bbox 530 1096 749 1146; x_wconf 90' lang='lat' dir='ltr'>quaestum</span> <span class='ocrx_word' id='word_1_137' title='bbox 782 1095 824 1131; x_wconf 93' lang='lat' dir='ltr'>et</span> <span class='ocrx_word' id='word_1_138' title='bbox 854 1096 1065 1145; x_wconf 88' lang='lat' dir='ltr'>sumptum</span> <span class='ocrx_word' id='word_1_139' title='bbox 1097 1092 1277 1132; x_wconf 88' lang='lat' dir='ltr'>Gallonii</span> <span class='ocrx_word' id='word_1_140' title='bbox 1312 1093 1432 1147; x_wconf 91' lang='lat' dir='ltr'>sequi</span> <span class='ocrx_word' id='word_1_141' title='bbox 1452 1093 1690 1134; x_wconf 89' lang='lat' dir='ltr'>maluerunt</span> <span class='ocrx_word' id='word_1_142' title='bbox 1709 1097 1836 1145; x_wconf 91' lang='lat' dir='ltr'>atque</span> 
     </span>
     <span class='ocr_line' id='line_1_15' title="bbox 87 1153 1838 1210; baseline -0.002 -14"><span class='ocrx_word' id='word_1_143' title='bbox 87 1157 229 1203; x_wconf 90' lang='lat' dir='ltr'>etiam,</span> <span class='ocrx_word' id='word_1_144' title='bbox 261 1155 375 1210; x_wconf 93' lang='lat' dir='ltr'>quod</span> <span class='ocrx_word' id='word_1_145' title='bbox 405 1155 448 1194; x_wconf 91' lang='lat' dir='ltr'>in</span> <span class='ocrx_word' id='word_1_146' title='bbox 479 1154 552 1194; x_wconf 90' lang='lat' dir='ltr'>illo</span> <span class='ocrx_word' id='word_1_147' title='bbox 583 1167 670 1193; x_wconf 92' lang='lat' dir='ltr'>non</span> <span class='ocrx_word' id='word_1_148' title='bbox 700 1153 799 1200; x_wconf 88' lang='lat' dir='ltr'>fuit,</span> <span class='ocrx_word' id='word_1_149' title='bbox 832 1167 926 1193; x_wconf 88' lang='lat' dir='ltr'>cum</span> <span class='ocrx_word' id='word_1_150' title='bbox 957 1154 1132 1195; x_wconf 87' lang='lat' dir='ltr'>audacia</span> <span class='ocrx_word' id='word_1_151' title='bbox 1152 1154 1409 1210; x_wconf 89' lang='lat' dir='ltr'>perfidiaque</span> <span class='ocrx_word' id='word_1_152' title='bbox 1435 1157 1642 1197; x_wconf 82' lang='lat' dir='ltr'>vixerunt.</span> <span class='ocrx_word' id='word_1_153' title='bbox 1675 1156 1717 1196; x_wconf 87' lang='lat' dir='ltr'>Si</span> <span class='ocrx_word' id='word_1_154' title='bbox 1740 1155 1838 1194; x_wconf 88' lang='lat' dir='ltr'>licet</span> 
     </span>
     <span class='ocr_line' id='line_1_16' title="bbox 84 1216 1886 1271; baseline -0.003 -12"><span class='ocrx_word' id='word_1_155' title='bbox 84 1220 223 1260; x_wconf 89' lang='lat' dir='ltr'>vivere</span> <span class='ocrx_word' id='word_1_156' title='bbox 255 1231 372 1265; x_wconf 88' lang='lat' dir='ltr'>eum,</span> <span class='ocrx_word' id='word_1_157' title='bbox 403 1229 526 1271; x_wconf 91' lang='lat' dir='ltr'>quem</span> <span class='ocrx_word' id='word_1_158' title='bbox 558 1217 652 1256; x_wconf 85' lang='lat' dir='ltr'>Sex.</span> <span class='ocrx_word' id='word_1_159' title='bbox 684 1216 865 1256; x_wconf 87' lang='lat' dir='ltr'>Naevius</span> <span class='ocrx_word' id='word_1_160' title='bbox 895 1229 981 1256; x_wconf 90' lang='lat' dir='ltr'>non</span> <span class='ocrx_word' id='word_1_161' title='bbox 1013 1216 1125 1265; x_wconf 83' lang='lat' dir='ltr'>vult3</span> <span class='ocrx_word' id='word_1_162' title='bbox 1166 1218 1200 1256; x_wconf 93' lang='lat' dir='ltr'>si</span> <span class='ocrx_word' id='word_1_163' title='bbox 1232 1223 1295 1258; x_wconf 88' lang='lat' dir='ltr'>est</span> <span class='ocrx_word' id='word_1_164' title='bbox 1322 1219 1483 1259; x_wconf 91' lang='lat' dir='ltr'>homini</span> <span class='ocrx_word' id='word_1_165' title='bbox 1512 1219 1688 1261; x_wconf 88' lang='lat' dir='ltr'>honesto</span> <span class='ocrx_word' id='word_1_166' title='bbox 1719 1218 1886 1258; x_wconf 75' lang='lat' dir='ltr'>locus45</span> 
     </span>
     <span class='ocr_line' id='line_1_17' title="bbox 86 1279 1838 1333; baseline 0.001 -12"><span class='ocrx_word' id='word_1_167' title='bbox 86 1283 129 1322; x_wconf 88' lang='lat' dir='ltr'>in</span> <span class='ocrx_word' id='word_1_168' title='bbox 159 1281 324 1321; x_wconf 89' lang='lat' dir='ltr'>civitate</span> <span class='ocrx_word' id='word_1_169' title='bbox 354 1280 484 1320; x_wconf 90' lang='lat' dir='ltr'>invito</span> <span class='ocrx_word' id='word_1_170' title='bbox 515 1280 696 1328; x_wconf 82' lang='lat' dir='ltr'>Naevi03</span> <span class='ocrx_word' id='word_1_171' title='bbox 741 1279 774 1319; x_wconf 91' lang='lat' dir='ltr'>si</span> <span class='ocrx_word' id='word_1_172' title='bbox 815 1279 877 1318; x_wconf 86' lang='lat' dir='ltr'>fas</span> <span class='ocrx_word' id='word_1_173' title='bbox 908 1283 971 1318; x_wconf 89' lang='lat' dir='ltr'>est</span> <span class='ocrx_word' id='word_1_174' title='bbox 1000 1279 1207 1333; x_wconf 84' lang='lat' dir='ltr'>respirare</span> <span class='ocrx_word' id='word_1_175' title='bbox 1237 1280 1279 1320; x_wconf 92' lang='lat' dir='ltr'>P.</span> <span class='ocrx_word' id='word_1_176' title='bbox 1312 1281 1555 1329; x_wconf 86' lang='lat' dir='ltr'>Quinctium</span> <span class='ocrx_word' id='word_1_177' title='bbox 1586 1287 1731 1323; x_wconf 89' lang='lat' dir='ltr'>contra</span> <span class='ocrx_word' id='word_1_178' title='bbox 1761 1294 1838 1322; x_wconf 90' lang='lat' dir='ltr'>nu-</span> 
     </span>
     <span class='ocr_line' id='line_1_18' title="bbox 85 1342 1837 1399; baseline 0.001 -15"><span class='ocrx_word' id='word_1_179' title='bbox 85 1350 172 1385; x_wconf 89' lang='lat' dir='ltr'>tum</span> <span class='ocrx_word' id='word_1_180' title='bbox 203 1343 490 1397; x_wconf 90' lang='lat' dir='ltr'>ditionemque</span> <span class='ocrx_word' id='word_1_181' title='bbox 526 1343 693 1390; x_wconf 86' lang='lat' dir='ltr'>Naevii;</span> <span class='ocrx_word' id='word_1_182' title='bbox 730 1342 787 1390; x_wconf 91' lang='lat' dir='ltr'>si,</span> <span class='ocrx_word' id='word_1_183' title='bbox 829 1354 936 1395; x_wconf 88' lang='lat' dir='ltr'>quae</span> <span class='ocrx_word' id='word_1_184' title='bbox 974 1342 1135 1394; x_wconf 87' lang='lat' dir='ltr'>pudore</span> <span class='ocrx_word' id='word_1_185' title='bbox 1178 1349 1422 1384; x_wconf 89' lang='lat' dir='ltr'>ornamenta</span> <span class='ocrx_word' id='word_1_186' title='bbox 1453 1344 1534 1384; x_wconf 91' lang='lat' dir='ltr'>sibi</span> <span class='ocrx_word' id='word_1_187' title='bbox 1564 1345 1750 1399; x_wconf 87' lang='lat' dir='ltr'>peperit,</span> <span class='ocrx_word' id='word_1_188' title='bbox 1789 1356 1837 1385; x_wconf 84' lang='lat' dir='ltr'>ea</span> 
     </span>
     <span class='ocr_line' id='line_1_19' title="bbox 85 1404 1838 1461; baseline -0.001 -14"><span class='ocrx_word' id='word_1_189' title='bbox 85 1411 224 1461; x_wconf 89' lang='lat' dir='ltr'>potest</span> <span class='ocrx_word' id='word_1_190' title='bbox 253 1409 396 1446; x_wconf 90' lang='lat' dir='ltr'>contra</span> <span class='ocrx_word' id='word_1_191' title='bbox 424 1405 701 1458; x_wconf 87' lang='lat' dir='ltr'>petulantiam</span> <span class='ocrx_word' id='word_1_192' title='bbox 732 1409 772 1445; x_wconf 87' lang='lat' dir='ltr'>te</span> <span class='ocrx_word' id='word_1_193' title='bbox 806 1404 1057 1444; x_wconf 86' lang='lat' dir='ltr'>defendente</span> <span class='ocrx_word' id='word_1_194' title='bbox 1090 1404 1299 1445; x_wconf 85' lang='lat' dir='ltr'>obtinere:</span> <span class='ocrx_word' id='word_1_195' title='bbox 1331 1420 1426 1461; x_wconf 91' lang='lat' dir='ltr'>spes</span> <span class='ocrx_word' id='word_1_196' title='bbox 1459 1412 1543 1455; x_wconf 89' lang='lat' dir='ltr'>est,</span> <span class='ocrx_word' id='word_1_197' title='bbox 1572 1408 1684 1448; x_wconf 87' lang='lat' dir='ltr'>hunc</span> <span class='ocrx_word' id='word_1_198' title='bbox 1714 1407 1838 1447; x_wconf 80' lang='lat' dir='ltr'>mise-</span> 
     </span>
     <span class='ocr_line' id='line_1_20' title="bbox 84 1463 1838 1525; baseline -0.001 -16"><span class='ocrx_word' id='word_1_199' title='bbox 84 1483 175 1509; x_wconf 89' lang='lat' dir='ltr'>rum</span> <span class='ocrx_word' id='word_1_200' title='bbox 206 1473 331 1522; x_wconf 89' lang='lat' dir='ltr'>atque</span> <span class='ocrx_word' id='word_1_201' title='bbox 360 1467 570 1507; x_wconf 82' lang='lat' dir='ltr'>infelicem</span> <span class='ocrx_word' id='word_1_202' title='bbox 601 1463 828 1522; x_wconf 87' lang='lat' dir='ltr'>aliquando</span> <span class='ocrx_word' id='word_1_203' title='bbox 859 1467 1027 1506; x_wconf 86' lang='lat' dir='ltr'>tandem</span> <span class='ocrx_word' id='word_1_204' title='bbox 1059 1480 1184 1520; x_wconf 91' lang='lat' dir='ltr'>posse</span> <span class='ocrx_word' id='word_1_205' title='bbox 1216 1469 1458 1509; x_wconf 87' lang='lat' dir='ltr'>consistere.</span> <span class='ocrx_word' id='word_1_206' title='bbox 1511 1471 1582 1511; x_wconf 89' lang='lat' dir='ltr'>Sin</span> <span class='ocrx_word' id='word_1_207' title='bbox 1614 1475 1655 1510; x_wconf 92' lang='lat' dir='ltr'>et</span> <span class='ocrx_word' id='word_1_208' title='bbox 1684 1469 1838 1525; x_wconf 88' lang='lat' dir='ltr'>poterit</span> 
     </span>
     <span class='ocr_line' id='line_1_21' title="bbox 84 1529 1886 1587; baseline 0 -14"><span class='ocrx_word' id='word_1_209' title='bbox 84 1532 265 1573; x_wconf 87' lang='lat' dir='ltr'>Naevius</span> <span class='ocrx_word' id='word_1_210' title='bbox 295 1531 359 1577; x_wconf 90' lang='lat' dir='ltr'>id,</span> <span class='ocrx_word' id='word_1_211' title='bbox 392 1530 505 1583; x_wconf 91' lang='lat' dir='ltr'>quod</span> <span class='ocrx_word' id='word_1_212' title='bbox 536 1530 657 1577; x_wconf 87' lang='lat' dir='ltr'>libet,</span> <span class='ocrx_word' id='word_1_213' title='bbox 692 1534 733 1570; x_wconf 90' lang='lat' dir='ltr'>et</span> <span class='ocrx_word' id='word_1_214' title='bbox 763 1530 799 1569; x_wconf 95' lang='lat' dir='ltr'>ei</span> <span class='ocrx_word' id='word_1_215' title='bbox 833 1529 979 1569; x_wconf 86' lang='lat' dir='ltr'>libebit</span> <span class='ocrx_word' id='word_1_216' title='bbox 1008 1529 1072 1577; x_wconf 90' lang='lat' dir='ltr'>id,</span> <span class='ocrx_word' id='word_1_217' title='bbox 1106 1531 1219 1584; x_wconf 91' lang='lat' dir='ltr'>quod</span> <span class='ocrx_word' id='word_1_218' title='bbox 1249 1545 1335 1571; x_wconf 88' lang='lat' dir='ltr'>non</span> <span class='ocrx_word' id='word_1_219' title='bbox 1356 1532 1474 1580; x_wconf 88' lang='lat' dir='ltr'>licet,</span> <span class='ocrx_word' id='word_1_220' title='bbox 1507 1533 1609 1587; x_wconf 91' lang='lat' dir='ltr'>quid</span> <span class='ocrx_word' id='word_1_221' title='bbox 1630 1533 1836 1585; x_wconf 85' lang='lat' dir='ltr'>agendum</span> <span class='ocrx_word' id='word_1_222' title='bbox 1850 1537 1886 1568; x_wconf 74' lang='lat'>20</span> 
     </span>
     <span class='ocr_line' id='line_1_22' title="bbox 85 1592 1836 1650; baseline 0 -15"><span class='ocrx_word' id='word_1_223' title='bbox 85 1596 177 1635; x_wconf 74' lang='lat' dir='ltr'>est?</span> <span class='ocrx_word' id='word_1_224' title='bbox 209 1593 282 1647; x_wconf 90' lang='lat' dir='ltr'>qui</span> <span class='ocrx_word' id='word_1_225' title='bbox 313 1594 414 1632; x_wconf 89' lang='lat' dir='ltr'>deus</span> <span class='ocrx_word' id='word_1_226' title='bbox 446 1592 721 1646; x_wconf 89' lang='lat' dir='ltr'>appellandus</span> <span class='ocrx_word' id='word_1_227' title='bbox 753 1593 843 1632; x_wconf 72' lang='lat' dir='ltr'>est?</span> <span class='ocrx_word' id='word_1_228' title='bbox 875 1592 993 1631; x_wconf 89' lang='lat' dir='ltr'>cuius</span> <span class='ocrx_word' id='word_1_229' title='bbox 1023 1593 1206 1633; x_wconf 90' lang='lat' dir='ltr'>hominis</span> <span class='ocrx_word' id='word_1_230' title='bbox 1237 1592 1338 1634; x_wconf 88' lang='lat' dir='ltr'>fides</span> <span class='ocrx_word' id='word_1_231' title='bbox 1360 1595 1625 1650; x_wconf 89' lang='lat' dir='ltr'>imploranda</span> <span class='ocrx_word' id='word_1_232' title='bbox 1645 1598 1732 1636; x_wconf 76' lang='lat' dir='ltr'>est?</span> <span class='ocrx_word' id='word_1_233' title='bbox 1765 1594 1836 1650; x_wconf 87' lang='lat' dir='ltr'>qui</span> 
     </span>
     <span class='ocr_line' id='line_1_23' title="bbox 85 1655 1836 1713; baseline 0.002 -17"><span class='ocrx_word' id='word_1_234' title='bbox 85 1656 266 1710; x_wconf 86' lang='lat' dir='ltr'>denique</span> <span class='ocrx_word' id='word_1_235' title='bbox 306 1660 498 1710; x_wconf 88' lang='lat' dir='ltr'>questus,</span> <span class='ocrx_word' id='word_1_236' title='bbox 545 1656 616 1710; x_wconf 91' lang='lat' dir='ltr'>qui</span> <span class='ocrx_word' id='word_1_237' title='bbox 657 1669 820 1696; x_wconf 85' lang='lat' dir='ltr'>maeror</span> <span class='ocrx_word' id='word_1_238' title='bbox 858 1655 1007 1708; x_wconf 80' lang='lat' dir='ltr'>dignus</span> <span class='ocrx_word' id='word_1_239' title='bbox 1048 1656 1227 1696; x_wconf 86' lang='lat' dir='ltr'>inveniri</span> <span class='ocrx_word' id='word_1_240' title='bbox 1260 1656 1493 1698; x_wconf 80' lang='lat' dir='ltr'>calamitate</span> <span class='ocrx_word' id='word_1_241' title='bbox 1524 1663 1639 1700; x_wconf 82' lang='lat' dir='ltr'>tauta</span> <span class='ocrx_word' id='word_1_242' title='bbox 1667 1658 1836 1713; x_wconf 73' lang='lat' dir='ltr'>potest?</span> 
     </span>
     <span class='ocr_line' id='line_1_24' title="bbox 83 1716 1837 1769; baseline -0.001 -9"><span class='ocrx_word' id='word_1_243' title='bbox 83 1719 240 1760; x_wconf 85' lang='lat' dir='ltr'>XXXI.</span> <span class='ocrx_word' id='word_1_244' title='bbox 281 1716 346 1758; x_wconf 76' lang='lat'>95.</span> <span class='ocrx_word' id='word_1_245' title='bbox 387 1719 585 1758; x_wconf 86' lang='lat' dir='ltr'>Miserum</span> <span class='ocrx_word' id='word_1_246' title='bbox 625 1724 689 1758; x_wconf 91' lang='lat' dir='ltr'>est</span> <span class='ocrx_word' id='word_1_247' title='bbox 718 1718 927 1758; x_wconf 88' lang='lat' dir='ltr'>deturbari</span> <span class='ocrx_word' id='word_1_248' title='bbox 963 1718 1141 1759; x_wconf 85' lang='lat' dir='ltr'>fortunis</span> <span class='ocrx_word' id='word_1_249' title='bbox 1173 1720 1387 1769; x_wconf 90' lang='lat' dir='ltr'>omnihus,</span> <span class='ocrx_word' id='word_1_250' title='bbox 1428 1721 1620 1762; x_wconf 90' lang='lat' dir='ltr'>miserius</span> <span class='ocrx_word' id='word_1_251' title='bbox 1658 1720 1837 1767; x_wconf 77' lang='lat' dir='ltr'>iniuria3</span> 
     </span>
     <span class='ocr_line' id='line_1_25' title="bbox 85 1779 1838 1838; baseline 0.001 -18"><span class='ocrx_word' id='word_1_252' title='bbox 85 1779 277 1821; x_wconf 88' lang='lat' dir='ltr'>acerbum</span> <span class='ocrx_word' id='word_1_253' title='bbox 317 1784 380 1820; x_wconf 88' lang='lat' dir='ltr'>est</span> <span class='ocrx_word' id='word_1_254' title='bbox 414 1780 463 1820; x_wconf 89' lang='lat' dir='ltr'>ab</span> <span class='ocrx_word' id='word_1_255' title='bbox 495 1780 636 1833; x_wconf 88' lang='lat' dir='ltr'>aliquo</span> <span class='ocrx_word' id='word_1_256' title='bbox 669 1781 981 1829; x_wconf 84' lang='lat' dir='ltr'>circumveniri,</span> <span class='ocrx_word' id='word_1_257' title='bbox 1023 1782 1211 1822; x_wconf 89' lang='lat' dir='ltr'>acerbius</span> <span class='ocrx_word' id='word_1_258' title='bbox 1250 1796 1274 1822; x_wconf 91' lang='lat' dir='ltr'>a</span> <span class='ocrx_word' id='word_1_259' title='bbox 1314 1784 1577 1838; x_wconf 90' lang='lat' dir='ltr'>propinquo;</span> <span class='ocrx_word' id='word_1_260' title='bbox 1624 1782 1838 1823; x_wconf 81' lang='lat' dir='ltr'>calamito-</span> 
     </span>
     <span class='ocr_line' id='line_1_26' title="bbox 86 1842 1887 1894; baseline 0.001 -12"><span class='ocrx_word' id='word_1_261' title='bbox 86 1856 176 1883; x_wconf 89' lang='lat' dir='ltr'>sum</span> <span class='ocrx_word' id='word_1_262' title='bbox 206 1846 269 1882; x_wconf 86' lang='lat' dir='ltr'>est</span> <span class='ocrx_word' id='word_1_263' title='bbox 296 1842 417 1882; x_wconf 88' lang='lat' dir='ltr'>bonis</span> <span class='ocrx_word' id='word_1_264' title='bbox 449 1843 599 1889; x_wconf 88' lang='lat' dir='ltr'>everti,</span> <span class='ocrx_word' id='word_1_265' title='bbox 638 1842 922 1882; x_wconf 88' lang='lat' dir='ltr'>calamitosius</span> <span class='ocrx_word' id='word_1_266' title='bbox 962 1857 1054 1883; x_wconf 88' lang='lat' dir='ltr'>cum</span> <span class='ocrx_word' id='word_1_267' title='bbox 1090 1845 1318 1894; x_wconf 83' lang='lat' dir='ltr'>dedecore3</span> <span class='ocrx_word' id='word_1_268' title='bbox 1348 1846 1561 1886; x_wconf 91' lang='lat' dir='ltr'>funestum</span> <span class='ocrx_word' id='word_1_269' title='bbox 1593 1852 1656 1886; x_wconf 90' lang='lat' dir='ltr'>est</span> <span class='ocrx_word' id='word_1_270' title='bbox 1685 1859 1710 1886; x_wconf 86' lang='lat' dir='ltr'>a</span> <span class='ocrx_word' id='word_1_271' title='bbox 1739 1845 1887 1887; x_wconf 59' lang='lat' dir='ltr'>fortini</span> 
     </span>
     <span class='ocr_line' id='line_1_27' title="bbox 87 1904 1835 1964; baseline 0.003 -21"><span class='ocrx_word' id='word_1_272' title='bbox 87 1909 211 1958; x_wconf 87' lang='lat' dir='ltr'>atque</span> <span class='ocrx_word' id='word_1_273' title='bbox 249 1904 426 1944; x_wconf 90' lang='lat' dir='ltr'>honesto</span> <span class='ocrx_word' id='word_1_274' title='bbox 467 1904 555 1944; x_wconf 89' lang='lat' dir='ltr'>viro</span> <span class='ocrx_word' id='word_1_275' title='bbox 588 1905 791 1957; x_wconf 86' lang='lat' dir='ltr'>iugulari,</span> <span class='ocrx_word' id='word_1_276' title='bbox 832 1905 1040 1946; x_wconf 88' lang='lat' dir='ltr'>funestius</span> <span class='ocrx_word' id='word_1_277' title='bbox 1080 1907 1130 1947; x_wconf 88' lang='lat' dir='ltr'>ab</span> <span class='ocrx_word' id='word_1_278' title='bbox 1172 1921 1244 1955; x_wconf 90' lang='lat' dir='ltr'>e0‚</span> <span class='ocrx_word' id='word_1_279' title='bbox 1276 1909 1395 1948; x_wconf 90' lang='lat' dir='ltr'>cuius</span> <span class='ocrx_word' id='word_1_280' title='bbox 1425 1922 1509 1949; x_wconf 87' lang='lat' dir='ltr'>vox</span> <span class='ocrx_word' id='word_1_281' title='bbox 1538 1910 1581 1949; x_wconf 90' lang='lat' dir='ltr'>in</span> <span class='ocrx_word' id='word_1_282' title='bbox 1610 1909 1835 1964; x_wconf 88' lang='lat' dir='ltr'>praeconio</span> 
     </span>
    </p>
   </div>
   <div class='ocr_carea' id='block_1_3' title="bbox 83 2047 1837 2341">
    <p class='ocr_par' dir='ltr' id='par_1_3' title="bbox 83 2047 1837 2341">
     <span class='ocr_line' id='line_1_28' title="bbox 171 2047 1837 2094; baseline 0.005 -17"><span class='ocrx_word' id='word_1_283' title='bbox 171 2047 200 2078; x_wconf 72' lang='lat'>4.</span> <span class='ocrx_word' id='word_1_284' title='bbox 227 2047 395 2086; x_wconf 54' lang='lat' dir='ltr'>empoliata</span> <span class='ocrx_word' id='word_1_285' title='bbox 419 2056 448 2078; x_wconf 87' lang='lat' dir='ltr'>c.</span> <span class='ocrx_word' id='word_1_286' title='bbox 478 2065 512 2069; x_wconf 91' lang='lat'>—-</span> <span class='ocrx_word' id='word_1_287' title='bbox 540 2047 703 2079; x_wconf 77' lang='lat' dir='ltr'>«Videtur</span> <span class='ocrx_word' id='word_1_288' title='bbox 725 2049 808 2080; x_wconf 89' lang='lat' dir='ltr'>mihi</span> <span class='ocrx_word' id='word_1_289' title='bbox 834 2057 901 2080; x_wconf 87' lang='lat' dir='ltr'>vox</span> <span class='ocrx_word' id='word_1_290' title='bbox 924 2050 1014 2081; x_wconf 80' lang='lat' dir='ltr'>nuda</span> <span class='ocrx_word' id='word_1_291' title='bbox 1037 2051 1289 2090; x_wconf 75' lang='lat' dir='ltr'>superfluere.»</span> <span class='ocrx_word' id='word_1_292' title='bbox 1315 2053 1395 2083; x_wconf 62' lang='lat' dir='ltr'>Gan.</span> <span class='ocrx_word' id='word_1_293' title='bbox 1421 2052 1452 2083; x_wconf 71' lang='lat'>2.</span> <span class='ocrx_word' id='word_1_294' title='bbox 1482 2069 1516 2075; x_wconf 94' lang='lat'><em>-</em></span> <span class='ocrx_word' id='word_1_295' title='bbox 1545 2053 1731 2094; x_wconf 80' lang='lat' dir='ltr'>addicatur]</span> <span class='ocrx_word' id='word_1_296' title='bbox 1757 2054 1837 2086; x_wconf 86' lang='lat' dir='ltr'>Post</span> 
     </span>
     <span class='ocr_line' id='line_1_29' title="bbox 84 2095 1836 2144; baseline 0.004 -16"><span class='ocrx_word' id='word_1_297' title='bbox 84 2096 151 2128; x_wconf 89' lang='lat' dir='ltr'>hoc</span> <span class='ocrx_word' id='word_1_298' title='bbox 174 2095 322 2127; x_wconf 88' lang='lat' dir='ltr'>verbum</span> <span class='ocrx_word' id='word_1_299' title='bbox 346 2097 496 2137; x_wconf 90' lang='lat' dir='ltr'>spatium</span> <span class='ocrx_word' id='word_1_300' title='bbox 519 2105 670 2128; x_wconf 75' lang='lat' dir='ltr'>vacuum</span> <span class='ocrx_word' id='word_1_301' title='bbox 695 2099 747 2129; x_wconf 82' lang='lat' dir='ltr'>cst</span> <span class='ocrx_word' id='word_1_302' title='bbox 770 2097 963 2130; x_wconf 88' lang='lat' dir='ltr'>litterarum</span> <span class='ocrx_word' id='word_1_303' title='bbox 988 2100 1125 2131; x_wconf 83' lang='lat' dir='ltr'>circiter</span> <span class='ocrx_word' id='word_1_304' title='bbox 1149 2101 1349 2140; x_wconf 82' lang='lat' dir='ltr'>quindecim</span> <span class='ocrx_word' id='word_1_305' title='bbox 1373 2103 1407 2133; x_wconf 91' lang='lat' dir='ltr'>in</span> <span class='ocrx_word' id='word_1_306' title='bbox 1431 2102 1453 2133; x_wconf 91' lang='lat' dir='ltr'>b</span> <span class='ocrx_word' id='word_1_307' title='bbox 1472 2111 1489 2133; x_wconf 92' lang='lat' dir='ltr'>c</span> <span class='ocrx_word' id='word_1_308' title='bbox 1507 2103 1570 2143; x_wconf 76' lang='lat' dir='ltr'>fg,</span> <span class='ocrx_word' id='word_1_309' title='bbox 1595 2103 1697 2144; x_wconf 89' lang='lat' dir='ltr'>paulo</span> <span class='ocrx_word' id='word_1_310' title='bbox 1722 2105 1836 2135; x_wconf 81' lang='lat' dir='ltr'>minus</span> 
     </span>
     <span class='ocr_line' id='line_1_30' title="bbox 85 2146 1836 2194; baseline 0.004 -17"><span class='ocrx_word' id='word_1_311' title='bbox 85 2146 224 2178; x_wconf 87' lang='lat' dir='ltr'>dimidio</span> <span class='ocrx_word' id='word_1_312' title='bbox 241 2155 345 2178; x_wconf 82' lang='lat' dir='ltr'>versu</span> <span class='ocrx_word' id='word_1_313' title='bbox 361 2147 395 2178; x_wconf 92' lang='lat' dir='ltr'>in</span> <span class='ocrx_word' id='word_1_314' title='bbox 412 2147 446 2186; x_wconf 81' lang='lat' dir='ltr'>d,</span> <span class='ocrx_word' id='word_1_315' title='bbox 472 2147 631 2188; x_wconf 82' lang='lat' dir='ltr'>adeoque</span> <span class='ocrx_word' id='word_1_316' title='bbox 649 2148 804 2180; x_wconf 88' lang='lat' dir='ltr'>sedecim</span> <span class='ocrx_word' id='word_1_317' title='bbox 821 2158 988 2181; x_wconf 86' lang='lat' dir='ltr'>versuum</span> <span class='ocrx_word' id='word_1_318' title='bbox 1006 2151 1040 2180; x_wconf 91' lang='lat' dir='ltr'>et</span> <span class='ocrx_word' id='word_1_319' title='bbox 1057 2150 1188 2181; x_wconf 88' lang='lat' dir='ltr'>dimidii</span> <span class='ocrx_word' id='word_1_320' title='bbox 1207 2151 1239 2182; x_wconf 91' lang='lat' dir='ltr'>in</span> <span class='ocrx_word' id='word_1_321' title='bbox 1258 2160 1294 2188; x_wconf 84' lang='lat' dir='ltr'>e,</span> <span class='ocrx_word' id='word_1_322' title='bbox 1321 2152 1379 2191; x_wconf 80' lang='lat' dir='ltr'>qui</span> <span class='ocrx_word' id='word_1_323' title='bbox 1396 2153 1428 2183; x_wconf 89' lang='lat' dir='ltr'>in</span> <span class='ocrx_word' id='word_1_324' title='bbox 1446 2152 1569 2183; x_wconf 82' lang='lat' dir='ltr'>lacuna</span> <span class='ocrx_word' id='word_1_325' title='bbox 1585 2154 1753 2194; x_wconf 88' lang='lat' dir='ltr'>scriptum</span> <span class='ocrx_word' id='word_1_326' title='bbox 1771 2153 1836 2184; x_wconf 79' lang='lat' dir='ltr'>ha-</span> 
     </span>
     <span class='ocr_line' id='line_1_31' title="bbox 84 2196 1835 2243; baseline 0.003 -15"><span class='ocrx_word' id='word_1_327' title='bbox 84 2196 163 2228; x_wconf 87' lang='lat' dir='ltr'>bet:</span> <span class='ocrx_word' id='word_1_328' title='bbox 191 2197 429 2228; x_wconf 87' lang='lat' dir='ltr'>«Tantundem</span> <span class='ocrx_word' id='word_1_329' title='bbox 454 2197 570 2228; x_wconf 85' lang='lat' dir='ltr'>deficit</span> <span class='ocrx_word' id='word_1_330' title='bbox 594 2198 627 2228; x_wconf 91' lang='lat' dir='ltr'>in</span> <span class='ocrx_word' id='word_1_331' title='bbox 646 2199 887 2239; x_wconf 87' lang='lat' dir='ltr'>antiquissimo</span> <span class='ocrx_word' id='word_1_332' title='bbox 905 2199 1024 2230; x_wconf 88' lang='lat' dir='ltr'>codice</span> <span class='ocrx_word' id='word_1_333' title='bbox 1051 2202 1084 2231; x_wconf 86' lang='lat' dir='ltr'>et</span> <span class='ocrx_word' id='word_1_334' title='bbox 1100 2201 1133 2231; x_wconf 89' lang='lat' dir='ltr'>in</span> <span class='ocrx_word' id='word_1_335' title='bbox 1151 2199 1242 2232; x_wconf 89' lang='lat' dir='ltr'>nullo</span> <span class='ocrx_word' id='word_1_336' title='bbox 1261 2201 1325 2232; x_wconf 85' lang='lat' dir='ltr'>alio</span> <span class='ocrx_word' id='word_1_337' title='bbox 1342 2203 1549 2242; x_wconf 83' lang='lat' dir='ltr'>reperitur.»</span> <span class='ocrx_word' id='word_1_338' title='bbox 1574 2202 1626 2234; x_wconf 89' lang='lat' dir='ltr'>Ad</span> <span class='ocrx_word' id='word_1_339' title='bbox 1643 2203 1835 2243; x_wconf 79' lang='lat' dir='ltr'>marginem</span> 
     </span>
     <span class='ocr_line' id='line_1_32' title="bbox 84 2245 1837 2294; baseline 0.003 -16"><span class='ocrx_word' id='word_1_340' title='bbox 84 2246 211 2278; x_wconf 89' lang='lat' dir='ltr'>codicis</span> <span class='ocrx_word' id='word_1_341' title='bbox 242 2245 348 2277; x_wconf 84' lang='lat' dir='ltr'>Palat.</span> <span class='ocrx_word' id='word_1_342' title='bbox 375 2247 487 2287; x_wconf 87' lang='lat' dir='ltr'>quarti</span> <span class='ocrx_word' id='word_1_343' title='bbox 517 2246 721 2279; x_wconf 87' lang='lat' dir='ltr'>adnotatum</span> <span class='ocrx_word' id='word_1_344' title='bbox 754 2249 807 2279; x_wconf 88' lang='lat' dir='ltr'>est</span> <span class='ocrx_word' id='word_1_345' title='bbox 831 2249 917 2280; x_wconf 90' lang='lat' dir='ltr'>duas</span> <span class='ocrx_word' id='word_1_346' title='bbox 942 2249 1067 2281; x_wconf 87' lang='lat' dir='ltr'>deesse</span> <span class='ocrx_word' id='word_1_347' title='bbox 1090 2258 1207 2281; x_wconf 85' lang='lat' dir='ltr'>voces.</span> <span class='ocrx_word' id='word_1_348' title='bbox 1247 2252 1366 2291; x_wconf 88' lang='lat' dir='ltr'>ltaque</span> <span class='ocrx_word' id='word_1_349' title='bbox 1391 2250 1535 2283; x_wconf 88' lang='lat' dir='ltr'>lacunae</span> <span class='ocrx_word' id='word_1_350' title='bbox 1560 2253 1697 2292; x_wconf 83' lang='lat' dir='ltr'>signum</span> <span class='ocrx_word' id='word_1_351' title='bbox 1721 2252 1837 2294; x_wconf 82' lang='lat' dir='ltr'>posuit</span> 
     </span>
     <span class='ocr_line' id='line_1_33' title="bbox 83 2295 1834 2341; baseline 0.003 -13"><span class='ocrx_word' id='word_1_352' title='bbox 83 2297 120 2328; x_wconf 92' lang='grc' dir='ltr'>Ο.</span> <span class='ocrx_word' id='word_1_353' title='bbox 157 2296 283 2328; x_wconf 87' lang='lat' dir='ltr'>Contra</span> <span class='ocrx_word' id='word_1_354' title='bbox 305 2295 339 2327; x_wconf 92' lang='lat' dir='ltr'>in</span> <span class='ocrx_word' id='word_1_355' title='bbox 371 2297 395 2327; x_wconf 90' lang='lat' dir='ltr'>P</span> <span class='ocrx_word' id='word_1_356' title='bbox 425 2295 559 2328; x_wconf 91' lang='lat' dir='ltr'>nullum</span> <span class='ocrx_word' id='word_1_357' title='bbox 584 2299 635 2329; x_wconf 90' lang='lat' dir='ltr'>est</span> <span class='ocrx_word' id='word_1_358' title='bbox 660 2297 816 2329; x_wconf 82' lang='lat' dir='ltr'>defectus</span> <span class='ocrx_word' id='word_1_359' title='bbox 842 2299 994 2339; x_wconf 81' lang='lat' dir='ltr'>signum,</span> <span class='ocrx_word' id='word_1_360' title='bbox 1021 2308 1136 2339; x_wconf 86' lang='lat' dir='ltr'>neque</span> <span class='ocrx_word' id='word_1_361' title='bbox 1162 2300 1355 2341; x_wconf 85' lang='lat' dir='ltr'>quidquam</span> <span class='ocrx_word' id='word_1_362' title='bbox 1379 2300 1609 2334; x_wconf 86' lang='lat' dir='ltr'>desideratur.</span> <span class='ocrx_word' id='word_1_363' title='bbox 1637 2320 1672 2324; x_wconf 85' lang='lat'>—</span> <span class='ocrx_word' id='word_1_364' title='bbox 1689 2303 1729 2334; x_wconf 51' lang='grc' dir='ltr'>ἃ,</span> <span class='ocrx_word' id='word_1_365' title='bbox 1755 2303 1834 2334; x_wconf 53' lang='lat' dir='ltr'>Sex.</span> 
     </span>
    </p>
   </div>
   <div class='ocr_carea' id='block_1_4' title="bbox 81 2345 1837 2494">
    <p class='ocr_par' dir='ltr' id='par_1_4' title="bbox 81 2345 1837 2494">
     <span class='ocr_line' id='line_1_34' title="bbox 82 2345 1836 2391; baseline 0.004 -13"><span class='ocrx_word' id='word_1_366' title='bbox 82 2345 151 2378; x_wconf 68' lang='lat' dir='ltr'>om.</span> <span class='ocrx_word' id='word_1_367' title='bbox 178 2347 214 2378; x_wconf 98' lang='lat' dir='ltr'>P.</span> <span class='ocrx_word' id='word_1_368' title='bbox 240 2363 277 2368; x_wconf 97' lang='lat'><strong>—</strong></span> <span class='ocrx_word' id='word_1_369' title='bbox 303 2345 334 2378; x_wconf 80' lang='lat'>4.</span> <span class='ocrx_word' id='word_1_370' title='bbox 362 2345 515 2387; x_wconf 86' lang='lat' dir='ltr'>concedit]</span> <span class='ocrx_word' id='word_1_371' title='bbox 539 2347 647 2378; x_wconf 83' lang='lat' dir='ltr'>condit</span> <span class='ocrx_word' id='word_1_372' title='bbox 670 2348 705 2379; x_wconf 91' lang='lat' dir='ltr'>P.</span> <span class='ocrx_word' id='word_1_373' title='bbox 736 2365 771 2370; x_wconf 79' lang='lat'>—</span> <span class='ocrx_word' id='word_1_374' title='bbox 797 2348 883 2389; x_wconf 81' lang='lat' dir='ltr'>belle]</span> <span class='ocrx_word' id='word_1_375' title='bbox 908 2349 989 2380; x_wconf 84' lang='lat' dir='ltr'>uelle</span> <span class='ocrx_word' id='word_1_376' title='bbox 1013 2350 1038 2380; x_wconf 91' lang='lat' dir='ltr'><strong>G</strong></span> <span class='ocrx_word' id='word_1_377' title='bbox 1054 2358 1072 2380; x_wconf 89' lang='lat' dir='ltr'>a</span> <span class='ocrx_word' id='word_1_378' title='bbox 1090 2350 1130 2390; x_wconf 89' lang='lat' dir='ltr'>(c)</span> <span class='ocrx_word' id='word_1_379' title='bbox 1148 2350 1158 2381; x_wconf 92' lang='lat' dir='ltr'>i</span> <span class='ocrx_word' id='word_1_380' title='bbox 1175 2350 1196 2381; x_wconf 89' lang='lat' dir='ltr'><strong>k</strong></span> <span class='ocrx_word' id='word_1_381' title='bbox 1212 2359 1247 2382; x_wconf 91' lang='lat' dir='ltr'>m</span> <span class='ocrx_word' id='word_1_382' title='bbox 1264 2360 1297 2382; x_wconf 92' lang='lat' dir='ltr'>n.</span> <span class='ocrx_word' id='word_1_383' title='bbox 1320 2368 1354 2373; x_wconf 87' lang='lat'>-—</span> <span class='ocrx_word' id='word_1_384' title='bbox 1379 2352 1578 2391; x_wconf 80' lang='lat' dir='ltr'>voluptatem</span> <span class='ocrx_word' id='word_1_385' title='bbox 1593 2352 1750 2384; x_wconf 87' lang='lat' dir='ltr'>Lambini</span> <span class='ocrx_word' id='word_1_386' title='bbox 1775 2361 1836 2384; x_wconf 88' lang='lat' dir='ltr'>su-</span> 
     </span>
     <span class='ocr_line' id='line_1_35' title="bbox 82 2394 1837 2443; baseline 0.004 -15"><span class='ocrx_word' id='word_1_387' title='bbox 82 2397 200 2438; x_wconf 88' lang='lat' dir='ltr'>spicio.</span> <span class='ocrx_word' id='word_1_388' title='bbox 236 2394 312 2427; x_wconf 91' lang='lat' dir='ltr'>Vid.</span> <span class='ocrx_word' id='word_1_389' title='bbox 338 2395 494 2427; x_wconf 82' lang='lat' dir='ltr'>ochsner</span> <span class='ocrx_word' id='word_1_390' title='bbox 516 2395 631 2437; x_wconf 84' lang='lat' dir='ltr'>Eclog.</span> <span class='ocrx_word' id='word_1_391' title='bbox 660 2397 731 2429; x_wconf 90' lang='lat' dir='ltr'>Cic.</span> <span class='ocrx_word' id='word_1_392' title='bbox 757 2407 790 2438; x_wconf 91' lang='lat' dir='ltr'>p.</span> <span class='ocrx_word' id='word_1_393' title='bbox 819 2398 892 2430; x_wconf 75' lang='lat'>495.</span> <span class='ocrx_word' id='word_1_394' title='bbox 922 2416 956 2420; x_wconf 81' lang='lat'>—</span> <span class='ocrx_word' id='word_1_395' title='bbox 982 2399 1013 2429; x_wconf 82' lang='lat'>5.</span> <span class='ocrx_word' id='word_1_396' title='bbox 1040 2398 1080 2429; x_wconf 89' lang='lat' dir='ltr'>ab</span> <span class='ocrx_word' id='word_1_397' title='bbox 1105 2407 1174 2430; x_wconf 89' lang='lat' dir='ltr'>orn.</span> <span class='ocrx_word' id='word_1_398' title='bbox 1201 2400 1277 2431; x_wconf 91' lang='lat' dir='ltr'>PG.</span> <span class='ocrx_word' id='word_1_399' title='bbox 1306 2417 1341 2422; x_wconf 90' lang='lat'>—</span> <span class='ocrx_word' id='word_1_400' title='bbox 1367 2403 1464 2440; x_wconf 80' lang='lat' dir='ltr'>atque</span> <span class='ocrx_word' id='word_1_401' title='bbox 1487 2401 1521 2432; x_wconf 82' lang='lat' dir='ltr'>in</span> <span class='ocrx_word' id='word_1_402' title='bbox 1542 2403 1710 2443; x_wconf 78' lang='lat' dir='ltr'>florentem</span> <span class='ocrx_word' id='word_1_403' title='bbox 1733 2403 1837 2435; x_wconf 84' lang='lat' dir='ltr'>aliam</span> 
     </span>
     <span class='ocr_line' id='line_1_36' title="bbox 81 2445 1832 2494; baseline 0.004 -16"><span class='ocrx_word' id='word_1_404' title='bbox 81 2445 285 2478; x_wconf 79' lang='lat' dir='ltr'>transvolare</span> <span class='ocrx_word' id='word_1_405' title='bbox 306 2445 339 2477; x_wconf 90' lang='lat' dir='ltr'>k.</span> <span class='ocrx_word' id='word_1_406' title='bbox 369 2463 401 2468; x_wconf 87' lang='lat'>—-</span> <span class='ocrx_word' id='word_1_407' title='bbox 429 2446 459 2477; x_wconf 88' lang='lat'>6.</span> <span class='ocrx_word' id='word_1_408' title='bbox 486 2455 608 2478; x_wconf 79' lang='lat' dir='ltr'>ornare</span> <span class='ocrx_word' id='word_1_409' title='bbox 629 2447 812 2489; x_wconf 67' lang='lat' dir='ltr'>maynifice]</span> <span class='ocrx_word' id='word_1_410' title='bbox 837 2447 1006 2479; x_wconf 81' lang='lat' dir='ltr'>ornatibus</span> <span class='ocrx_word' id='word_1_411' title='bbox 1027 2449 1211 2489; x_wconf 70' lang='lat' dir='ltr'>maynificis</span> <span class='ocrx_word' id='word_1_412' title='bbox 1233 2450 1268 2481; x_wconf 94' lang='lat' dir='ltr'>P.</span> <span class='ocrx_word' id='word_1_413' title='bbox 1297 2467 1332 2471; x_wconf 91' lang='lat'>—-</span> <span class='ocrx_word' id='word_1_414' title='bbox 1357 2451 1520 2490; x_wconf 80' lang='lat' dir='ltr'>splendide</span> <span class='ocrx_word' id='word_1_415' title='bbox 1541 2453 1777 2494; x_wconf 65' lang='lat' dir='ltr'>magnificeque</span> <span class='ocrx_word' id='word_1_416' title='bbox 1799 2453 1832 2485; x_wconf 89' lang='lat' dir='ltr'>k.</span> 
     </span>
    </p>
   </div>
   <div class='ocr_carea' id='block_1_5' title="bbox 79 2496 1836 3191">
    <p class='ocr_par' dir='ltr' id='par_1_5' title="bbox 79 2496 1836 3191">
     <span class='ocr_line' id='line_1_37' title="bbox 84 2496 1836 2542; baseline 0.005 -15"><span class='ocrx_word' id='word_1_417' title='bbox 84 2515 120 2520; x_wconf 87' lang='lat'>-—</span> <span class='ocrx_word' id='word_1_418' title='bbox 145 2497 175 2528; x_wconf 89' lang='lat'>7.</span> <span class='ocrx_word' id='word_1_419' title='bbox 200 2496 435 2528; x_wconf 76' lang='lat' dir='ltr'>sanctimoniae</span> <span class='ocrx_word' id='word_1_420' title='bbox 457 2499 554 2536; x_wconf 79' lang='lat' dir='ltr'>atque</span> <span class='ocrx_word' id='word_1_421' title='bbox 578 2498 658 2529; x_wconf 88' lang='lat' dir='ltr'>adeo</span> <span class='ocrx_word' id='word_1_422' title='bbox 681 2498 867 2538; x_wconf 67' lang='lat' dir='ltr'>expositam</span> <span class='ocrx_word' id='word_1_423' title='bbox 886 2501 1051 2538; x_wconf 84' lang='lat' dir='ltr'>patentem</span> <span class='ocrx_word' id='word_1_424' title='bbox 1073 2499 1245 2538; x_wconf 75' lang='lat' dir='ltr'>cupiditati</span> <span class='ocrx_word' id='word_1_425' title='bbox 1269 2508 1307 2539; x_wconf 83' lang='lat' dir='ltr'>e,</span> <span class='ocrx_word' id='word_1_426' title='bbox 1340 2501 1602 2533; x_wconf 70' lang='lat' dir='ltr'>sanctimoniae:</span> <span class='ocrx_word' id='word_1_427' title='bbox 1634 2506 1732 2542; x_wconf 86' lang='lat' dir='ltr'>atque</span> <span class='ocrx_word' id='word_1_428' title='bbox 1755 2504 1836 2535; x_wconf 90' lang='lat' dir='ltr'>adeo</span> 
     </span>
     <span class='ocr_line' id='line_1_38' title="bbox 81 2546 1832 2593; baseline 0.005 -16"><span class='ocrx_word' id='word_1_429' title='bbox 81 2546 265 2586; x_wconf 77' lang='lat' dir='ltr'>expositam</span> <span class='ocrx_word' id='word_1_430' title='bbox 287 2549 317 2578; x_wconf 82' lang='lat' dir='ltr'>et</span> <span class='ocrx_word' id='word_1_431' title='bbox 334 2549 500 2586; x_wconf 87' lang='lat' dir='ltr'>patentem</span> <span class='ocrx_word' id='word_1_432' title='bbox 523 2547 695 2586; x_wconf 73' lang='lat' dir='ltr'>cupiditati</span> <span class='ocrx_word' id='word_1_433' title='bbox 718 2549 763 2586; x_wconf 90' lang='lat' dir='ltr'>A,</span> <span class='ocrx_word' id='word_1_434' title='bbox 793 2548 1028 2579; x_wconf 82' lang='lat' dir='ltr'>sanctimoniae</span> <span class='ocrx_word' id='word_1_435' title='bbox 1046 2552 1275 2588; x_wconf 80' lang='lat' dir='ltr'>patentemque</span> <span class='ocrx_word' id='word_1_436' title='bbox 1297 2551 1377 2583; x_wconf 87' lang='lat' dir='ltr'>adeo</span> <span class='ocrx_word' id='word_1_437' title='bbox 1400 2552 1582 2591; x_wconf 69' lang='lat' dir='ltr'>eoepositam</span> <span class='ocrx_word' id='word_1_438' title='bbox 1605 2554 1777 2593; x_wconf 80' lang='lat' dir='ltr'>cupiditati</span> <span class='ocrx_word' id='word_1_439' title='bbox 1800 2555 1832 2586; x_wconf 89' lang='lat' dir='ltr'>k.</span> 
     </span>
     <span class='ocr_line' id='line_1_39' title="bbox 84 2596 1836 2644; baseline 0.005 -17"><span class='ocrx_word' id='word_1_440' title='bbox 84 2615 119 2620; x_wconf 89' lang='lat'>-—</span> <span class='ocrx_word' id='word_1_441' title='bbox 145 2597 175 2628; x_wconf 91' lang='lat'>8.</span> <span class='ocrx_word' id='word_1_442' title='bbox 200 2596 240 2637; x_wconf 86' lang='lat' dir='ltr'>et]</span> <span class='ocrx_word' id='word_1_443' title='bbox 264 2600 362 2635; x_wconf 79' lang='lat' dir='ltr'>atque</span> <span class='ocrx_word' id='word_1_444' title='bbox 384 2597 417 2628; x_wconf 88' lang='lat' dir='ltr'>k.</span> <span class='ocrx_word' id='word_1_445' title='bbox 446 2614 481 2619; x_wconf 82' lang='lat'>-—</span> <span class='ocrx_word' id='word_1_446' title='bbox 506 2598 727 2629; x_wconf 77' lang='lat' dir='ltr'>voluntatibus</span> <span class='ocrx_word' id='word_1_447' title='bbox 750 2599 784 2630; x_wconf 87' lang='lat' dir='ltr'>P.</span> <span class='ocrx_word' id='word_1_448' title='bbox 814 2616 849 2620; x_wconf 92' lang='lat'>—</span> <span class='ocrx_word' id='word_1_449' title='bbox 876 2598 906 2629; x_wconf 88' lang='grc'>9.</span> <span class='ocrx_word' id='word_1_450' title='bbox 932 2599 979 2630; x_wconf 82' lang='lat' dir='ltr'>ait</span> <span class='ocrx_word' id='word_1_451' title='bbox 1002 2607 1072 2631; x_wconf 90' lang='lat' dir='ltr'>om.</span> <span class='ocrx_word' id='word_1_452' title='bbox 1092 2599 1190 2634; x_wconf 65' lang='lat' dir='ltr'>ALss</span> <span class='ocrx_word' id='word_1_453' title='bbox 1215 2609 1296 2633; x_wconf 81' lang='lat' dir='ltr'>cum</span> <span class='ocrx_word' id='word_1_454' title='bbox 1313 2602 1476 2634; x_wconf 90' lang='lat' dir='ltr'>omnibus</span> <span class='ocrx_word' id='word_1_455' title='bbox 1493 2601 1673 2635; x_wconf 89' lang='lat' dir='ltr'>codicibus</span> <span class='ocrx_word' id='word_1_456' title='bbox 1696 2605 1836 2644; x_wconf 88' lang='lat' dir='ltr'>praeter</span> 
     </span>
     <span class='ocr_line' id='line_1_40' title="bbox 81 2645 1835 2690; baseline 0.005 -13"><span class='ocrx_word' id='word_1_457' title='bbox 81 2647 106 2678; x_wconf 94' lang='lat' dir='ltr'>P</span> <span class='ocrx_word' id='word_1_458' title='bbox 129 2647 163 2678; x_wconf 84' lang='lat' dir='ltr'>et</span> <span class='ocrx_word' id='word_1_459' title='bbox 185 2645 332 2678; x_wconf 77' lang='lat' dir='ltr'>fortasse</span> <span class='ocrx_word' id='word_1_460' title='bbox 356 2646 377 2678; x_wconf 96' lang='lat' dir='ltr'>l.</span> <span class='ocrx_word' id='word_1_461' title='bbox 406 2665 441 2668; x_wconf 97' lang='lat'><strong>—</strong></span> <span class='ocrx_word' id='word_1_462' title='bbox 469 2648 576 2687; x_wconf 81' lang='lat' dir='ltr'>atque]</span> <span class='ocrx_word' id='word_1_463' title='bbox 602 2656 642 2678; x_wconf 83' lang='lat' dir='ltr'>ac</span> <span class='ocrx_word' id='word_1_464' title='bbox 665 2648 691 2679; x_wconf 93' lang='lat' dir='ltr'>G</span> <span class='ocrx_word' id='word_1_465' title='bbox 707 2647 729 2679; x_wconf 90' lang='lat' dir='ltr'>b</span> <span class='ocrx_word' id='word_1_466' title='bbox 748 2656 766 2679; x_wconf 91' lang='lat' dir='ltr'>c</span> <span class='ocrx_word' id='word_1_467' title='bbox 783 2647 805 2679; x_wconf 93' lang='lat' dir='ltr'>d</span> <span class='ocrx_word' id='word_1_468' title='bbox 822 2647 869 2688; x_wconf 83' lang='lat' dir='ltr'>fg</span> <span class='ocrx_word' id='word_1_469' title='bbox 886 2649 908 2679; x_wconf 91' lang='lat' dir='ltr'>h</span> <span class='ocrx_word' id='word_1_470' title='bbox 924 2649 934 2680; x_wconf 89' lang='lat' dir='ltr'>i</span> <span class='ocrx_word' id='word_1_471' title='bbox 950 2649 983 2680; x_wconf 90' lang='lat' dir='ltr'>k.</span> <span class='ocrx_word' id='word_1_472' title='bbox 1012 2667 1048 2672; x_wconf 85' lang='lat'>—</span> <span class='ocrx_word' id='word_1_473' title='bbox 1075 2650 1126 2681; x_wconf 72' lang='lat'>42.</span> <span class='ocrx_word' id='word_1_474' title='bbox 1152 2651 1188 2690; x_wconf 88' lang='lat' dir='ltr'>ii]</span> <span class='ocrx_word' id='word_1_475' title='bbox 1212 2651 1245 2682; x_wconf 87' lang='lat' dir='ltr'>hi</span> <span class='ocrx_word' id='word_1_476' title='bbox 1268 2660 1286 2683; x_wconf 88' lang='lat' dir='ltr'>a</span> <span class='ocrx_word' id='word_1_477' title='bbox 1304 2661 1322 2683; x_wconf 94' lang='lat' dir='ltr'>e</span> <span class='ocrx_word' id='word_1_478' title='bbox 1339 2651 1439 2685; x_wconf 91' lang='lat' dir='ltr'>hlm</span> <span class='ocrx_word' id='word_1_479' title='bbox 1455 2662 1477 2684; x_wconf 92' lang='lat' dir='ltr'>n</span> <span class='ocrx_word' id='word_1_480' title='bbox 1502 2654 1536 2685; x_wconf 85' lang='lat' dir='ltr'>et</span> <span class='ocrx_word' id='word_1_481' title='bbox 1558 2654 1596 2685; x_wconf 91' lang='lat' dir='ltr'>A.</span> <span class='ocrx_word' id='word_1_482' title='bbox 1624 2671 1660 2675; x_wconf 83' lang='lat'>—</span> <span class='ocrx_word' id='word_1_483' title='bbox 1685 2654 1835 2685; x_wconf 79' lang='lat' dir='ltr'>virorum</span> 
     </span>
     <span class='ocr_line' id='line_1_41' title="bbox 81 2695 1832 2745; baseline 0.004 -18"><span class='ocrx_word' id='word_1_484' title='bbox 81 2695 238 2727; x_wconf 81' lang='lat' dir='ltr'>bonorum</span> <span class='ocrx_word' id='word_1_485' title='bbox 261 2697 286 2727; x_wconf 92' lang='lat' dir='ltr'>G</span> <span class='ocrx_word' id='word_1_486' title='bbox 303 2695 325 2727; x_wconf 91' lang='lat' dir='ltr'>b</span> <span class='ocrx_word' id='word_1_487' title='bbox 343 2705 362 2728; x_wconf 88' lang='lat' dir='ltr'>c</span> <span class='ocrx_word' id='word_1_488' title='bbox 379 2696 401 2728; x_wconf 92' lang='lat' dir='ltr'>d</span> <span class='ocrx_word' id='word_1_489' title='bbox 419 2705 437 2728; x_wconf 90' lang='lat' dir='ltr'>e</span> <span class='ocrx_word' id='word_1_490' title='bbox 454 2705 475 2736; x_wconf 83' lang='lat' dir='ltr'>g</span> <span class='ocrx_word' id='word_1_491' title='bbox 490 2697 513 2728; x_wconf 92' lang='lat' dir='ltr'>h</span> <span class='ocrx_word' id='word_1_492' title='bbox 531 2697 539 2728; x_wconf 94' lang='lat' dir='ltr'>i</span> <span class='ocrx_word' id='word_1_493' title='bbox 556 2696 566 2728; x_wconf 93' lang='lat' dir='ltr'>l</span> <span class='ocrx_word' id='word_1_494' title='bbox 583 2705 617 2728; x_wconf 91' lang='lat' dir='ltr'>m</span> <span class='ocrx_word' id='word_1_495' title='bbox 635 2706 656 2728; x_wconf 96' lang='lat' dir='ltr'>n</span> <span class='ocrx_word' id='word_1_496' title='bbox 681 2698 715 2728; x_wconf 93' lang='lat' dir='ltr'>et</span> <span class='ocrx_word' id='word_1_497' title='bbox 737 2698 786 2729; x_wconf 76' lang='lat' dir='ltr'>A:</span> <span class='ocrx_word' id='word_1_498' title='bbox 818 2697 975 2730; x_wconf 80' lang='lat' dir='ltr'>bonorum</span> <span class='ocrx_word' id='word_1_499' title='bbox 996 2699 1145 2732; x_wconf 85' lang='lat' dir='ltr'>virorum</span> <span class='ocrx_word' id='word_1_500' title='bbox 1169 2702 1192 2732; x_wconf 96' lang='lat' dir='ltr'>L</span> <span class='ocrx_word' id='word_1_501' title='bbox 1206 2700 1228 2735; x_wconf 65' lang='grc' dir='ltr'>ἓ</span> <span class='ocrx_word' id='word_1_502' title='bbox 1242 2702 1278 2733; x_wconf 93' lang='lat' dir='ltr'>O.</span> <span class='ocrx_word' id='word_1_503' title='bbox 1313 2702 1363 2734; x_wconf 87' lang='lat' dir='ltr'>Cf.</span> <span class='ocrx_word' id='word_1_504' title='bbox 1391 2703 1421 2743; x_wconf 67' lang='grc' dir='ltr'>ἓ.</span> <span class='ocrx_word' id='word_1_505' title='bbox 1447 2704 1499 2735; x_wconf 83' lang='grc'>55.</span> <span class='ocrx_word' id='word_1_506' title='bbox 1529 2722 1564 2726; x_wconf 82' lang='grc'>-</span> <span class='ocrx_word' id='word_1_507' title='bbox 1600 2703 1651 2735; x_wconf 73' lang='grc'>43.</span> <span class='ocrx_word' id='word_1_508' title='bbox 1679 2704 1832 2745; x_wconf 87' lang='lat' dir='ltr'>Gallonii]</span> 
     </span>
     <span class='ocr_line' id='line_1_42' title="bbox 81 2746 1835 2790; baseline 0.005 -13"><span class='ocrx_word' id='word_1_509' title='bbox 81 2746 232 2777; x_wconf 86' lang='lat' dir='ltr'>calonum</span> <span class='ocrx_word' id='word_1_510' title='bbox 254 2746 286 2777; x_wconf 91' lang='lat' dir='ltr'>k.</span> <span class='ocrx_word' id='word_1_511' title='bbox 315 2762 350 2768; x_wconf 92' lang='lat'><em>-</em></span> <span class='ocrx_word' id='word_1_512' title='bbox 389 2746 440 2778; x_wconf 65' lang='lat' dir='ltr'>lli.</span> <span class='ocrx_word' id='word_1_513' title='bbox 475 2747 645 2787; x_wconf 65' lang='lat' dir='ltr'>vixerant]</span> <span class='ocrx_word' id='word_1_514' title='bbox 677 2748 759 2779; x_wconf 88' lang='lat' dir='ltr'>Post</span> <span class='ocrx_word' id='word_1_515' title='bbox 793 2748 860 2779; x_wconf 89' lang='lat' dir='ltr'>hoc</span> <span class='ocrx_word' id='word_1_516' title='bbox 883 2747 1032 2780; x_wconf 87' lang='lat' dir='ltr'>verbum</span> <span class='ocrx_word' id='word_1_517' title='bbox 1058 2751 1110 2781; x_wconf 85' lang='lat' dir='ltr'>est</span> <span class='ocrx_word' id='word_1_518' title='bbox 1134 2751 1285 2790; x_wconf 83' lang='lat' dir='ltr'>spatium</span> <span class='ocrx_word' id='word_1_519' title='bbox 1312 2760 1462 2784; x_wconf 87' lang='lat' dir='ltr'>vacuum</span> <span class='ocrx_word' id='word_1_520' title='bbox 1485 2753 1519 2784; x_wconf 89' lang='lat' dir='ltr'>in</span> <span class='ocrx_word' id='word_1_521' title='bbox 1543 2762 1562 2784; x_wconf 87' lang='lat' dir='ltr'>a</span> <span class='ocrx_word' id='word_1_522' title='bbox 1587 2754 1724 2785; x_wconf 88' lang='lat' dir='ltr'>circiter</span> <span class='ocrx_word' id='word_1_523' title='bbox 1751 2753 1835 2785; x_wconf 89' lang='lat' dir='ltr'>dua-</span> 
     </span>
     <span class='ocr_line' id='line_1_43' title="bbox 80 2795 1833 2843; baseline 0.005 -17"><span class='ocrx_word' id='word_1_524' title='bbox 80 2803 157 2826; x_wconf 87' lang='lat' dir='ltr'>rum</span> <span class='ocrx_word' id='word_1_525' title='bbox 183 2796 217 2826; x_wconf 84' lang='lat' dir='ltr'>et</span> <span class='ocrx_word' id='word_1_526' title='bbox 231 2795 362 2835; x_wconf 81' lang='lat' dir='ltr'>viginti,</span> <span class='ocrx_word' id='word_1_527' title='bbox 389 2796 423 2827; x_wconf 90' lang='lat' dir='ltr'>in</span> <span class='ocrx_word' id='word_1_528' title='bbox 446 2795 468 2827; x_wconf 89' lang='lat' dir='ltr'>b</span> <span class='ocrx_word' id='word_1_529' title='bbox 485 2796 529 2828; x_wconf 85' lang='lat' dir='ltr'>cf</span> <span class='ocrx_word' id='word_1_530' title='bbox 549 2799 702 2837; x_wconf 86' lang='lat' dir='ltr'>septem,</span> <span class='ocrx_word' id='word_1_531' title='bbox 730 2798 763 2828; x_wconf 88' lang='lat' dir='ltr'>iu</span> <span class='ocrx_word' id='word_1_532' title='bbox 780 2806 800 2837; x_wconf 80' lang='lat' dir='ltr'>g</span> <span class='ocrx_word' id='word_1_533' title='bbox 817 2797 1024 2837; x_wconf 82' lang='lat' dir='ltr'>duodecim,</span> <span class='ocrx_word' id='word_1_534' title='bbox 1050 2799 1085 2830; x_wconf 91' lang='lat' dir='ltr'>in</span> <span class='ocrx_word' id='word_1_535' title='bbox 1108 2798 1117 2830; x_wconf 97' lang='lat' dir='ltr'>l</span> <span class='ocrx_word' id='word_1_536' title='bbox 1142 2799 1297 2832; x_wconf 83' lang='lat' dir='ltr'>sedecim</span> <span class='ocrx_word' id='word_1_537' title='bbox 1314 2799 1519 2833; x_wconf 88' lang='lat' dir='ltr'>litterarum.</span> <span class='ocrx_word' id='word_1_538' title='bbox 1552 2804 1588 2834; x_wconf 92' lang='lat' dir='ltr'>In</span> <span class='ocrx_word' id='word_1_539' title='bbox 1614 2803 1833 2843; x_wconf 73' lang='lat' dir='ltr'>dgversum</span> 
     </span>
     <span class='ocr_line' id='line_1_44' title="bbox 82 2843 1833 2893; baseline 0.005 -17"><span class='ocrx_word' id='word_1_540' title='bbox 82 2844 208 2876; x_wconf 85' lang='lat' dir='ltr'>claudit</span> <span class='ocrx_word' id='word_1_541' title='bbox 237 2843 319 2876; x_wconf 92' lang='lat' dir='ltr'>illud</span> <span class='ocrx_word' id='word_1_542' title='bbox 348 2845 515 2885; x_wconf 85' lang='lat' dir='ltr'>verbum,</span> <span class='ocrx_word' id='word_1_543' title='bbox 553 2855 705 2887; x_wconf 88' lang='lat' dir='ltr'>sequens</span> <span class='ocrx_word' id='word_1_544' title='bbox 737 2849 854 2878; x_wconf 86' lang='lat' dir='ltr'>autem</span> <span class='ocrx_word' id='word_1_545' title='bbox 887 2846 1003 2879; x_wconf 85' lang='lat' dir='ltr'>initiali</span> <span class='ocrx_word' id='word_1_546' title='bbox 1028 2849 1081 2880; x_wconf 87' lang='lat' dir='ltr'>est</span> <span class='ocrx_word' id='word_1_547' title='bbox 1104 2851 1277 2881; x_wconf 79' lang='lat' dir='ltr'>ornatum.</span> <span class='ocrx_word' id='word_1_548' title='bbox 1315 2851 1353 2882; x_wconf 90' lang='lat' dir='ltr'>In</span> <span class='ocrx_word' id='word_1_549' title='bbox 1376 2852 1531 2891; x_wconf 80' lang='lat' dir='ltr'>margine</span> <span class='ocrx_word' id='word_1_550' title='bbox 1556 2852 1697 2884; x_wconf 85' lang='lat' dir='ltr'>Palatini</span> <span class='ocrx_word' id='word_1_551' title='bbox 1721 2855 1833 2893; x_wconf 80' lang='lat' dir='ltr'>quarti</span> 
     </span>
     <span class='ocr_line' id='line_1_45' title="bbox 79 2893 1835 2943; baseline 0.005 -18"><span class='ocrx_word' id='word_1_552' title='bbox 79 2893 224 2934; x_wconf 82' lang='lat' dir='ltr'>legitur:</span> <span class='ocrx_word' id='word_1_553' title='bbox 262 2894 463 2927; x_wconf 85' lang='lat' dir='ltr'>«Deficiunt</span> <span class='ocrx_word' id='word_1_554' title='bbox 486 2895 575 2928; x_wconf 85' lang='lat' dir='ltr'>duae</span> <span class='ocrx_word' id='word_1_555' title='bbox 600 2896 769 2929; x_wconf 84' lang='lat' dir='ltr'>dictiones</span> <span class='ocrx_word' id='word_1_556' title='bbox 793 2896 847 2928; x_wconf 88' lang='lat' dir='ltr'>vel</span> <span class='ocrx_word' id='word_1_557' title='bbox 871 2906 973 2929; x_wconf 84' lang='lat' dir='ltr'>una.»</span> <span class='ocrx_word' id='word_1_558' title='bbox 1009 2916 1044 2920; x_wconf 38' lang='lat' dir='ltr'><strong><em>m</em></strong></span> <span class='ocrx_word' id='word_1_559' title='bbox 1080 2900 1131 2930; x_wconf 73' lang='lat'>45.</span> <span class='ocrx_word' id='word_1_560' title='bbox 1158 2908 1232 2931; x_wconf 77' lang='lat' dir='ltr'>eum</span> <span class='ocrx_word' id='word_1_561' title='bbox 1253 2901 1362 2932; x_wconf 74' lang='lat' dir='ltr'>vivere</span> <span class='ocrx_word' id='word_1_562' title='bbox 1383 2902 1416 2933; x_wconf 89' lang='lat' dir='ltr'>k.</span> <span class='ocrx_word' id='word_1_563' title='bbox 1445 2919 1480 2924; x_wconf 95' lang='lat'><em>—</em></span> <span class='ocrx_word' id='word_1_564' title='bbox 1517 2903 1569 2934; x_wconf 78' lang='grc'>46.</span> <span class='ocrx_word' id='word_1_565' title='bbox 1593 2904 1647 2943; x_wconf 82' lang='lat' dir='ltr'>fas</span> <span class='ocrx_word' id='word_1_566' title='bbox 1668 2903 1835 2942; x_wconf 80' lang='lat' dir='ltr'>respirare</span> 
     </span>
     <span class='ocr_line' id='line_1_46' title="bbox 82 2944 1835 2993; baseline 0.006 -18"><span class='ocrx_word' id='word_1_567' title='bbox 82 2945 160 2984; x_wconf 90' lang='lat' dir='ltr'>(om.</span> <span class='ocrx_word' id='word_1_568' title='bbox 187 2944 245 2985; x_wconf 84' lang='lat' dir='ltr'>est)</span> <span class='ocrx_word' id='word_1_569' title='bbox 268 2945 300 2976; x_wconf 87' lang='lat' dir='ltr'>k.</span> <span class='ocrx_word' id='word_1_570' title='bbox 330 2963 364 2967; x_wconf 88' lang='lat'>—</span> <span class='ocrx_word' id='word_1_571' title='bbox 392 2946 442 2977; x_wconf 77' lang='lat'>47.</span> <span class='ocrx_word' id='word_1_572' title='bbox 465 2948 606 2987; x_wconf 83' lang='lat' dir='ltr'>peperit]</span> <span class='ocrx_word' id='word_1_573' title='bbox 629 2949 750 2987; x_wconf 78' lang='lat' dir='ltr'>reperit</span> <span class='ocrx_word' id='word_1_574' title='bbox 773 2957 842 2987; x_wconf 82' lang='lat' dir='ltr'>mg.</span> <span class='ocrx_word' id='word_1_575' title='bbox 870 2947 903 2981; x_wconf 62' lang='lat'>8.</span> <span class='ocrx_word' id='word_1_576' title='bbox 933 2966 967 2970; x_wconf 91' lang='lat'>—</span> <span class='ocrx_word' id='word_1_577' title='bbox 997 2948 1047 2989; x_wconf 87' lang='lat' dir='ltr'>ea]</span> <span class='ocrx_word' id='word_1_578' title='bbox 1071 2952 1100 2980; x_wconf 80' lang='lat' dir='ltr'>et</span> <span class='ocrx_word' id='word_1_579' title='bbox 1124 2958 1153 2980; x_wconf 87' lang='lat' dir='ltr'>e.</span> <span class='ocrx_word' id='word_1_580' title='bbox 1181 2967 1214 2973; x_wconf 90' lang='lat'>-</span> <span class='ocrx_word' id='word_1_581' title='bbox 1246 2950 1297 2981; x_wconf 75' lang='lat'>48.</span> <span class='ocrx_word' id='word_1_582' title='bbox 1323 2960 1392 2990; x_wconf 82' lang='lat' dir='ltr'>spes</span> <span class='ocrx_word' id='word_1_583' title='bbox 1414 2955 1460 2982; x_wconf 81' lang='lat' dir='ltr'>est</span> <span class='ocrx_word' id='word_1_584' title='bbox 1482 2952 1566 2983; x_wconf 85' lang='lat' dir='ltr'>hunc</span> <span class='ocrx_word' id='word_1_585' title='bbox 1588 2953 1739 2984; x_wconf 88' lang='lat' dir='ltr'>Iuntina:</span> <span class='ocrx_word' id='word_1_586' title='bbox 1764 2962 1835 2993; x_wconf 84' lang='lat' dir='ltr'>spes</span> 
     </span>
     <span class='ocr_line' id='line_1_47' title="bbox 79 2995 1830 3042; baseline 0.006 -17"><span class='ocrx_word' id='word_1_587' title='bbox 79 2997 124 3025; x_wconf 83' lang='lat' dir='ltr'>est</span> <span class='ocrx_word' id='word_1_588' title='bbox 146 2997 175 3025; x_wconf 86' lang='lat' dir='ltr'>et</span> <span class='ocrx_word' id='word_1_589' title='bbox 197 2995 280 3026; x_wconf 86' lang='lat' dir='ltr'>hunc</span> <span class='ocrx_word' id='word_1_590' title='bbox 304 3003 383 3026; x_wconf 90' lang='lat' dir='ltr'>cum</span> <span class='ocrx_word' id='word_1_591' title='bbox 408 2996 587 3028; x_wconf 88' lang='lat' dir='ltr'>codicibus</span> <span class='ocrx_word' id='word_1_592' title='bbox 612 2998 700 3029; x_wconf 88' lang='lat' dir='ltr'>notis</span> <span class='ocrx_word' id='word_1_593' title='bbox 723 3000 749 3029; x_wconf 87' lang='lat' dir='ltr'>A</span> <span class='ocrx_word' id='word_1_594' title='bbox 764 2999 787 3029; x_wconf 93' lang='lat' dir='ltr'>L</span> <span class='ocrx_word' id='word_1_595' title='bbox 802 2996 823 3031; x_wconf 63' lang='lat'>53</span> <span class='ocrx_word' id='word_1_596' title='bbox 837 2998 880 3035; x_wconf 81' lang='grc' dir='ltr'>Ο,</span> <span class='ocrx_word' id='word_1_597' title='bbox 905 3006 975 3036; x_wconf 77' lang='lat' dir='ltr'>spes</span> <span class='ocrx_word' id='word_1_598' title='bbox 997 3001 1042 3029; x_wconf 86' lang='lat' dir='ltr'>est</span> <span class='ocrx_word' id='word_1_599' title='bbox 1065 2999 1164 3030; x_wconf 83' lang='lat' dir='ltr'>etiam</span> <span class='ocrx_word' id='word_1_600' title='bbox 1186 2999 1270 3031; x_wconf 84' lang='lat' dir='ltr'>hunc</span> <span class='ocrx_word' id='word_1_601' title='bbox 1293 3001 1395 3032; x_wconf 83' lang='lat' dir='ltr'>tacite</span> <span class='ocrx_word' id='word_1_602' title='bbox 1413 3000 1561 3033; x_wconf 88' lang='lat' dir='ltr'>Klotzius</span> <span class='ocrx_word' id='word_1_603' title='bbox 1585 3002 1650 3042; x_wconf 90' lang='lat' dir='ltr'>(ed.</span> <span class='ocrx_word' id='word_1_604' title='bbox 1670 3001 1753 3042; x_wconf 64' lang='lat' dir='ltr'>alt).</span> <span class='ocrx_word' id='word_1_605' title='bbox 1781 3003 1830 3036; x_wconf 86' lang='lat' dir='ltr'>Cf.</span> 
     </span>
     <span class='ocr_line' id='line_1_48' title="bbox 79 3044 1830 3093; baseline 0.005 -18"><span class='ocrx_word' id='word_1_606' title='bbox 79 3044 191 3084; x_wconf 86' lang='lat' dir='ltr'>Reisig</span> <span class='ocrx_word' id='word_1_607' title='bbox 214 3045 285 3076; x_wconf 85' lang='lat' dir='ltr'>Lat.</span> <span class='ocrx_word' id='word_1_608' title='bbox 311 3045 482 3085; x_wconf 80' lang='lat' dir='ltr'>Spraeliw.</span> <span class='ocrx_word' id='word_1_609' title='bbox 508 3056 542 3087; x_wconf 92' lang='lat' dir='ltr'>p.</span> <span class='ocrx_word' id='word_1_610' title='bbox 562 3047 635 3079; x_wconf 81' lang='lat'>430.</span> <span class='ocrx_word' id='word_1_611' title='bbox 665 3066 700 3070; x_wconf 91' lang='lat'>—</span> <span class='ocrx_word' id='word_1_612' title='bbox 731 3048 783 3079; x_wconf 77' lang='grc'>49.</span> <span class='ocrx_word' id='word_1_613' title='bbox 819 3047 959 3088; x_wconf 83' lang='lat' dir='ltr'>tandem]</span> <span class='ocrx_word' id='word_1_614' title='bbox 995 3051 1103 3080; x_wconf 82' lang='lat' dir='ltr'>tamen</span> <span class='ocrx_word' id='word_1_615' title='bbox 1127 3048 1198 3082; x_wconf 62' lang='lat' dir='ltr'>Lss.</span> <span class='ocrx_word' id='word_1_616' title='bbox 1227 3067 1262 3072; x_wconf 93' lang='lat'><em>-</em></span> <span class='ocrx_word' id='word_1_617' title='bbox 1296 3051 1348 3082; x_wconf 64' lang='grc' dir='ltr'>ΞΟ.</span> <span class='ocrx_word' id='word_1_618' title='bbox 1375 3051 1403 3083; x_wconf 86' lang='lat' dir='ltr'>ei</span> <span class='ocrx_word' id='word_1_619' title='bbox 1427 3060 1495 3083; x_wconf 90' lang='lat' dir='ltr'>om.</span> <span class='ocrx_word' id='word_1_620' title='bbox 1522 3054 1560 3084; x_wconf 87' lang='lat' dir='ltr'>A.</span> <span class='ocrx_word' id='word_1_621' title='bbox 1588 3069 1625 3074; x_wconf 97' lang='lat'><strong>—</strong></span> <span class='ocrx_word' id='word_1_622' title='bbox 1651 3052 1758 3084; x_wconf 83' lang='lat' dir='ltr'>libebit</span> <span class='ocrx_word' id='word_1_623' title='bbox 1780 3054 1830 3093; x_wconf 81' lang='lat' dir='ltr'>id,</span> 
     </span>
     <span class='ocr_line' id='line_1_49' title="bbox 80 3093 1833 3142; baseline 0.006 -18"><span class='ocrx_word' id='word_1_624' title='bbox 80 3094 164 3133; x_wconf 80' lang='lat' dir='ltr'>qaod</span> <span class='ocrx_word' id='word_1_625' title='bbox 188 3094 210 3124; x_wconf 88' lang='lat' dir='ltr'>B</span> <span class='ocrx_word' id='word_1_626' title='bbox 225 3094 250 3125; x_wconf 93' lang='lat' dir='ltr'>G</span> <span class='ocrx_word' id='word_1_627' title='bbox 266 3102 284 3124; x_wconf 89' lang='lat' dir='ltr'>a</span> <span class='ocrx_word' id='word_1_628' title='bbox 302 3093 324 3125; x_wconf 92' lang='lat' dir='ltr'>b</span> <span class='ocrx_word' id='word_1_629' title='bbox 343 3102 361 3125; x_wconf 89' lang='lat' dir='ltr'>c</span> <span class='ocrx_word' id='word_1_630' title='bbox 377 3094 399 3125; x_wconf 90' lang='lat' dir='ltr'>d</span> <span class='ocrx_word' id='word_1_631' title='bbox 416 3103 434 3126; x_wconf 93' lang='lat' dir='ltr'>e</span> <span class='ocrx_word' id='word_1_632' title='bbox 453 3095 500 3136; x_wconf 83' lang='lat' dir='ltr'>fg</span> <span class='ocrx_word' id='word_1_633' title='bbox 516 3096 538 3126; x_wconf 92' lang='lat' dir='ltr'>h</span> <span class='ocrx_word' id='word_1_634' title='bbox 555 3095 589 3128; x_wconf 95' lang='lat' dir='ltr'>il</span> <span class='ocrx_word' id='word_1_635' title='bbox 606 3106 649 3129; x_wconf 88' lang='lat' dir='ltr'>n:</span> <span class='ocrx_word' id='word_1_636' title='bbox 686 3097 792 3129; x_wconf 78' lang='lat' dir='ltr'>libebit</span> <span class='ocrx_word' id='word_1_637' title='bbox 815 3098 900 3137; x_wconf 81' lang='lat' dir='ltr'>quod</span> <span class='ocrx_word' id='word_1_638' title='bbox 922 3098 942 3129; x_wconf 90' lang='lat' dir='ltr'>k</span> <span class='ocrx_word' id='word_1_639' title='bbox 956 3106 991 3129; x_wconf 90' lang='lat' dir='ltr'>m</span> <span class='ocrx_word' id='word_1_640' title='bbox 1016 3100 1050 3130; x_wconf 87' lang='lat' dir='ltr'>et</span> <span class='ocrx_word' id='word_1_641' title='bbox 1073 3100 1099 3131; x_wconf 89' lang='lat' dir='ltr'><strong>A</strong></span> <span class='ocrx_word' id='word_1_642' title='bbox 1114 3100 1137 3131; x_wconf 92' lang='lat' dir='ltr'>L</span> <span class='ocrx_word' id='word_1_643' title='bbox 1152 3099 1173 3134; x_wconf 60' lang='grc' dir='ltr'><strong>ἓ</strong></span> <span class='ocrx_word' id='word_1_644' title='bbox 1187 3100 1223 3131; x_wconf 94' lang='grc' dir='ltr'>Ο.</span> <span class='ocrx_word' id='word_1_645' title='bbox 1252 3117 1288 3123; x_wconf 89' lang='grc'><strong>-</strong></span> <span class='ocrx_word' id='word_1_646' title='bbox 1315 3101 1367 3133; x_wconf 69' lang='lat'>⁶2⁶2.</span> <span class='ocrx_word' id='word_1_647' title='bbox 1395 3101 1533 3142; x_wconf 79' lang='lat' dir='ltr'>questus]</span> <span class='ocrx_word' id='word_1_648' title='bbox 1558 3103 1639 3133; x_wconf 88' lang='lat' dir='ltr'>Post</span> <span class='ocrx_word' id='word_1_649' title='bbox 1661 3102 1727 3134; x_wconf 89' lang='lat' dir='ltr'>hoc</span> <span class='ocrx_word' id='word_1_650' title='bbox 1750 3111 1833 3134; x_wconf 89' lang='lat' dir='ltr'>ver-</span> 
     </span>
     <span class='ocr_line' id='line_1_50' title="bbox 79 3141 1833 3191; baseline 0.006 -17"><span class='ocrx_word' id='word_1_651' title='bbox 79 3142 164 3174; x_wconf 88' lang='lat' dir='ltr'>bum</span> <span class='ocrx_word' id='word_1_652' title='bbox 189 3141 311 3175; x_wconf 86' lang='lat' dir='ltr'>lacuna</span> <span class='ocrx_word' id='word_1_653' title='bbox 337 3146 390 3176; x_wconf 87' lang='lat' dir='ltr'>est</span> <span class='ocrx_word' id='word_1_654' title='bbox 413 3145 453 3178; x_wconf 70' lang='lat'>11⁶2.</span> <span class='ocrx_word' id='word_1_655' title='bbox 470 3163 504 3167; x_wconf 90' lang='lat'>—</span> <span class='ocrx_word' id='word_1_656' title='bbox 519 3146 571 3177; x_wconf 74' lang='lat'>⁶28.</span> <span class='ocrx_word' id='word_1_657' title='bbox 598 3145 717 3179; x_wconf 88' lang='lat' dir='ltr'>litteris</span> <span class='ocrx_word' id='word_1_658' title='bbox 741 3148 951 3188; x_wconf 80' lang='lat' dir='ltr'>recipiendis</span> <span class='ocrx_word' id='word_1_659' title='bbox 975 3148 1100 3181; x_wconf 88' lang='lat' dir='ltr'>idonea</span> <span class='ocrx_word' id='word_1_660' title='bbox 1125 3150 1158 3181; x_wconf 93' lang='lat' dir='ltr'>in</span> <span class='ocrx_word' id='word_1_661' title='bbox 1182 3159 1201 3181; x_wconf 90' lang='lat' dir='ltr'>a</span> <span class='ocrx_word' id='word_1_662' title='bbox 1218 3149 1240 3181; x_wconf 91' lang='lat' dir='ltr'>b</span> <span class='ocrx_word' id='word_1_663' title='bbox 1259 3159 1277 3182; x_wconf 90' lang='lat' dir='ltr'>c</span> <span class='ocrx_word' id='word_1_664' title='bbox 1295 3150 1316 3181; x_wconf 91' lang='lat' dir='ltr'>d</span> <span class='ocrx_word' id='word_1_665' title='bbox 1333 3150 1380 3191; x_wconf 82' lang='lat' dir='ltr'>fg</span> <span class='ocrx_word' id='word_1_666' title='bbox 1396 3151 1419 3182; x_wconf 91' lang='lat' dir='ltr'><strong>h</strong></span> <span class='ocrx_word' id='word_1_667' title='bbox 1436 3152 1445 3183; x_wconf 94' lang='lat' dir='ltr'>i</span> <span class='ocrx_word' id='word_1_668' title='bbox 1462 3161 1483 3183; x_wconf 90' lang='lat' dir='ltr'>n</span> <span class='ocrx_word' id='word_1_669' title='bbox 1515 3153 1549 3183; x_wconf 89' lang='lat' dir='ltr'>et</span> <span class='ocrx_word' id='word_1_670' title='bbox 1580 3151 1614 3182; x_wconf 94' lang='lat' dir='ltr'>in</span> <span class='ocrx_word' id='word_1_671' title='bbox 1639 3151 1741 3183; x_wconf 90' lang='lat' dir='ltr'>codd.</span> <span class='ocrx_word' id='word_1_672' title='bbox 1767 3154 1833 3184; x_wconf 88' lang='lat' dir='ltr'>Pa-</span> 
     </span>
    </p>
   </div>
   <div class='ocr_carea' id='block_1_6' title="bbox 78 3191 1832 3337">
    <p class='ocr_par' dir='ltr' id='par_1_6' title="bbox 78 3191 1832 3337">
     <span class='ocr_line' id='line_1_51' title="bbox 79 3191 1832 3234; baseline 0.005 -9"><span class='ocrx_word' id='word_1_673' title='bbox 79 3191 190 3225; x_wconf 86' lang='lat' dir='ltr'>latinis</span> <span class='ocrx_word' id='word_1_674' title='bbox 225 3191 364 3233; x_wconf 87' lang='lat' dir='ltr'>aliquot.</span> <span class='ocrx_word' id='word_1_675' title='bbox 395 3212 429 3216; x_wconf 82' lang='lat'>—</span> <span class='ocrx_word' id='word_1_676' title='bbox 465 3195 606 3227; x_wconf 76' lang='lat' dir='ltr'>inveniri</span> <span class='ocrx_word' id='word_1_677' title='bbox 638 3197 827 3228; x_wconf 80' lang='lat' dir='ltr'>calamitate</span> <span class='ocrx_word' id='word_1_678' title='bbox 856 3197 1062 3231; x_wconf 84' lang='lat' dir='ltr'>Lambinus:</span> <span class='ocrx_word' id='word_1_679' title='bbox 1099 3200 1239 3230; x_wconf 78' lang='lat' dir='ltr'>inveniri</span> <span class='ocrx_word' id='word_1_680' title='bbox 1268 3200 1302 3231; x_wconf 86' lang='lat' dir='ltr'>in</span> <span class='ocrx_word' id='word_1_681' title='bbox 1330 3201 1518 3232; x_wconf 82' lang='lat' dir='ltr'>calamitate</span> <span class='ocrx_word' id='word_1_682' title='bbox 1549 3209 1629 3232; x_wconf 88' lang='lat' dir='ltr'>cum</span> <span class='ocrx_word' id='word_1_683' title='bbox 1654 3201 1832 3234; x_wconf 86' lang='lat' dir='ltr'>codicibus</span> 
     </span>
     <span class='ocr_line' id='line_1_52' title="bbox 78 3241 1829 3291; baseline 0.005 -17"><span class='ocrx_word' id='word_1_684' title='bbox 78 3241 191 3276; x_wconf 68' lang='lat' dir='ltr'>Asso.</span> <span class='ocrx_word' id='word_1_685' title='bbox 220 3261 256 3265; x_wconf 95' lang='lat'><strong>—</strong></span> <span class='ocrx_word' id='word_1_686' title='bbox 288 3243 340 3275; x_wconf 77' lang='lat'>⁶23.</span> <span class='ocrx_word' id='word_1_687' title='bbox 367 3245 535 3277; x_wconf 78' lang='lat' dir='ltr'>deturbari</span> <span class='ocrx_word' id='word_1_688' title='bbox 559 3247 613 3278; x_wconf 88' lang='lat' dir='ltr'>ek</span> <span class='ocrx_word' id='word_1_689' title='bbox 643 3256 724 3278; x_wconf 86' lang='lat' dir='ltr'>cum</span> <span class='ocrx_word' id='word_1_690' title='bbox 748 3248 913 3288; x_wconf 84' lang='lat' dir='ltr'>quattuor</span> <span class='ocrx_word' id='word_1_691' title='bbox 937 3248 1211 3281; x_wconf 86' lang='lat' dir='ltr'>oxoniensibus:</span> <span class='ocrx_word' id='word_1_692' title='bbox 1249 3250 1423 3281; x_wconf 65' lang='lat' dir='ltr'>eoeturbmi</span> <span class='ocrx_word' id='word_1_693' title='bbox 1453 3249 1602 3284; x_wconf 66' lang='lat' dir='ltr'>ALsso.</span> <span class='ocrx_word' id='word_1_694' title='bbox 1641 3250 1690 3282; x_wconf 88' lang='lat' dir='ltr'>Cf.</span> <span class='ocrx_word' id='word_1_695' title='bbox 1719 3250 1750 3291; x_wconf 69' lang='lat' dir='ltr'>S.</span> <span class='ocrx_word' id='word_1_696' title='bbox 1775 3251 1829 3283; x_wconf 77' lang='lat'>47.</span> 
     </span>
     <span class='ocr_line' id='line_1_53' title="bbox 80 3291 1828 3337; baseline 0.006 -14"><span class='ocrx_word' id='word_1_697' title='bbox 80 3291 110 3332; x_wconf 61' lang='grc' dir='ltr'>ἓ.</span> <span class='ocrx_word' id='word_1_698' title='bbox 135 3292 186 3324; x_wconf 89' lang='lat'>83.</span> <span class='ocrx_word' id='word_1_699' title='bbox 216 3310 250 3314; x_wconf 85' lang='lat'>—</span> <span class='ocrx_word' id='word_1_700' title='bbox 283 3293 432 3326; x_wconf 82' lang='lat' dir='ltr'>miserius</span> <span class='ocrx_word' id='word_1_701' title='bbox 461 3296 587 3328; x_wconf 81' lang='lat' dir='ltr'>iniuria</span> <span class='ocrx_word' id='word_1_702' title='bbox 608 3297 648 3329; x_wconf 88' lang='lat' dir='ltr'>k:</span> <span class='ocrx_word' id='word_1_703' title='bbox 678 3297 828 3328; x_wconf 73' lang='lat' dir='ltr'>miserius</span> <span class='ocrx_word' id='word_1_704' title='bbox 856 3299 901 3328; x_wconf 87' lang='lat' dir='ltr'>est</span> <span class='ocrx_word' id='word_1_705' title='bbox 929 3297 1054 3330; x_wconf 73' lang='lat' dir='ltr'>iniuria</span> <span class='ocrx_word' id='word_1_706' title='bbox 1078 3308 1158 3332; x_wconf 88' lang='lat' dir='ltr'>cum</span> <span class='ocrx_word' id='word_1_707' title='bbox 1183 3300 1308 3332; x_wconf 89' lang='lat' dir='ltr'>ceteris</span> <span class='ocrx_word' id='word_1_708' title='bbox 1333 3300 1512 3333; x_wconf 86' lang='lat' dir='ltr'>codicibus</span> <span class='ocrx_word' id='word_1_709' title='bbox 1534 3299 1686 3337; x_wconf 57' lang='lat' dir='ltr'>ALQO.</span> <span class='ocrx_word' id='word_1_710' title='bbox 1714 3317 1749 3324; x_wconf 88' lang='lat'>—</span> <span class='ocrx_word' id='word_1_711' title='bbox 1775 3303 1828 3334; x_wconf 70' lang='lat'>25.</span> 
     </span>
    </p>
   </div>
   <div class='ocr_carea' id='block_1_7' title="bbox 77 3341 964 3384">
    <p class='ocr_par' dir='ltr' id='par_1_7' title="bbox 77 3341 964 3384">
     <span class='ocr_line' id='line_1_54' title="bbox 77 3341 964 3384; baseline 0.008 -13"><span class='ocrx_word' id='word_1_712' title='bbox 77 3341 157 3382; x_wconf 81' lang='lat' dir='ltr'>forti</span> <span class='ocrx_word' id='word_1_713' title='bbox 176 3342 249 3374; x_wconf 82' lang='lat' dir='ltr'>viro</span> <span class='ocrx_word' id='word_1_714' title='bbox 272 3345 369 3384; x_wconf 82' lang='lat' dir='ltr'>atque</span> <span class='ocrx_word' id='word_1_715' title='bbox 390 3344 519 3377; x_wconf 88' lang='lat' dir='ltr'>honesto</span> <span class='ocrx_word' id='word_1_716' title='bbox 541 3345 583 3378; x_wconf 88' lang='lat' dir='ltr'>k.&#39;</span> <span class='ocrx_word' id='word_1_717' title='bbox 604 3364 639 3369; x_wconf 84' lang='lat'>—-</span> <span class='ocrx_word' id='word_1_718' title='bbox 664 3346 717 3379; x_wconf 72' lang='lat'>26.</span> <span class='ocrx_word' id='word_1_719' title='bbox 742 3347 777 3378; x_wconf 83' lang='lat' dir='ltr'>in</span> <span class='ocrx_word' id='word_1_720' title='bbox 800 3354 869 3381; x_wconf 83' lang='lat' dir='ltr'>om.</span> <span class='ocrx_word' id='word_1_721' title='bbox 894 3345 964 3380; x_wconf 63' lang='lat' dir='ltr'>Lss.</span> 
     </span>
    </p>
   </div>
  </div>
 </body>
</html>
