2143 3713
249 196 330 239 320

248 302 434 343 temporis,
460 301 656 342 hominum,
685 304 784 345 pretii
810 303 960 344 denique
985 311 1048 344 pro
1073 310 1135 334 suo
1160 303 1233 334 iure
1257 304 1389 335 ratione
1414 303 1530 335 habita
1558 303 1640 336 illud
1663 304 1718 337 vel
1741 307 1859 338 insane
1883 316 1990 348 auge-

247 357 305 388 bat
329 356 383 389 vel
407 356 625 398 aliquatenus
650 359 680 391 ei
705 358 964 391 moderabatur.
1006 358 1053 389 Eo
1077 366 1188 398 usque
1214 358 1354 391 tandem
1371 368 1579 400 progressus
1596 361 1665 398 est,
1691 362 1728 392 ut
1746 361 1789 401 (id
1809 363 1900 402 quod
1918 363 1989 395 fere

246 412 448 445 incredibile
480 413 626 454 videtur)
658 414 850 447 civitatibus
882 415 1089 455 imperaret,
1126 412 1201 454 plus
1232 413 1315 446 lucri
1345 417 1382 446 ut
1413 415 1588 447 solverent
1612 416 1847 456 emptoribus,
1885 426 1990 458 quam

246 469 364 509 quanti
390 469 560 502 decumae
584 471 781 502 venissent:
820 471 925 501 immo
951 468 1143 506 interdum,
1173 477 1278 509 quam
1304 472 1472 510 quantum
1497 471 1659 502 frumenti
1684 473 1823 504 omnino
1848 481 1991 505 exaras—

245 526 323 557 sent
347 524 388 564 (5.
415 525 503 566 86.):
541 525 624 558 alias
658 535 743 557 vero
779 526 916 557 tertiam
952 525 1060 556 ferme
1095 526 1232 564 partem
1268 525 1497 558 decumarum
1530 526 1614 558 lucri
1644 527 1783 559 nomine
1809 528 1988 569 poscebat,

245 580 559 620 quemadmodum,
587 582 650 613 nisi
676 582 790 613 omnia
817 590 872 612 me
898 579 1026 618 fallunt,
1053 579 1191 610 videtur
1214 580 1341 612 factum
1367 590 1446 613 esse
1472 582 1564 622 apud
1590 581 1816 615 Herbitenses
1841 583 1882 624 (g.
1902 584 1988 623 75.);

244 635 327 668 alias
350 635 450 677 longe
475 638 658 675 minorem,
685 639 721 667 ut
746 638 778 667 in
798 637 876 676 l'ipa
902 635 1158 667 remuneranda
1184 635 1313 668 sactum
1331 639 1393 669 est.
1414 639 1455 678 (δ’.
1475 638 1539 677 78.)
1565 638 1694 669 Verum
1712 638 1822 679 probe
1840 639 1990 671 tenenda

244 693 298 724 est
320 701 457 724 summa
483 693 570 724 haec
594 691 752 724 scelerati
777 692 926 723 hominis
951 692 1197 730 inconstantia,
1224 701 1266 723 ne
1292 695 1424 724 certam
1445 703 1484 725 ac
1502 694 1634 725 linitam
1652 693 1802 734 aliquam
1821 695 1989 727 rationem

243 749 276 780 in
301 749 463 780 omnibus
487 748 548 780 illis
573 747 748 779 lucrorum
774 748 920 779 summis
945 756 1220 788 persequamur;
1246 747 1350 788 idque
1370 751 1550 789 praeterea
1569 749 1738 781 adversus
1757 750 1989 782 llotomanum

243 814 322 838 cum
347 805 421 837 aliis
445 813 509 845 ego
533 812 671 844 quoque
697 802 864 841 desendO,
902 801 987 834 lucri
1013 812 1139 834 nomen
1165 811 1307 844 semper
1331 803 1612 845 distinguendum
1637 814 1713 837 esse
1740 807 1844 846 atque
1869 814 1989 838 secer—

243 861 396 894 nendum
419 870 438 892 a
463 861 620 892 decumis
645 858 908 898 earundemque
935 859 1121 900 emptione.
1160 860 1190 890 ls
1216 859 1327 899 enim,
1357 859 1531 900 aliquanto
1557 861 1807 892 modestiorem
1832 861 1897 892 sibi
1922 862 1988 894 fin—

242 926 327 958 gens
350 918 516 955 Verrem,
543 914 781 947 immoderatis
807 913 869 946 illis
893 913 978 945 lucri
1002 915 1148 946 summis
1173 923 1241 946 non
1265 915 1339 947 sine
1364 915 1477 956 aliqua
1501 917 1653 949 veritatis
1678 917 1795 957 speeie
1821 918 1855 948 et
1877 917 1988 949 decu-

242 983 317 1006 mas
348 975 382 1005 et
411 972 546 1004 lucrum
577 969 839 1011 superadditum
873 971 1038 1001 contineri
1067 970 1311 1002 arbitrabatur.
1360 972 1401 1002 At
1424 973 1540 1003 nostra
1565 974 1735 1004 sententia
1761 973 1987 1004 confirmatur

241 1030 390 1062 maxime
415 1029 444 1069 5¹.
471 1027 523 1059 84.
551 1028 584 1058 et
607 1026 673 1064 86.,
710 1025 767 1057 ubi
793 1025 930 1057 lucrum
955 1026 1136 1058 manifesto
1162 1026 1382 1066 distinguitur
1405 1035 1423 1057 a
1449 1027 1606 1060 decumis
1631 1028 1792 1061 redactis.
1839 1030 1986 1070 Insuper

240 1087 307 1117 hoc
331 1093 471 1126 quoque
495 1082 707 1114 notandum:
735 1081 793 1112 ubi
819 1082 928 1112 maior
952 1090 1057 1122 quam
1075 1091 1137 1122 pro
1155 1081 1251 1113 lucro
1270 1084 1471 1123 exspectato
1488 1092 1624 1115 summa
1642 1086 1735 1115 esset
1751 1093 1769 1115 a
1788 1084 1984 1116 decumano

239 1143 382 1183 propter
412 1138 536 1171 licendi
564 1138 789 1178 cupiditatem
822 1136 955 1175 oblata,
993 1145 1140 1177 magnae
1175 1137 1209 1168 id
1234 1136 1417 1169 calamitati
1443 1138 1547 1170 fuisse
1572 1139 1786 1178 aratoribus,
1822 1142 1941 1181 utpote
1966 1149 1985 1171 a

239 1196 365 1238 quibus
390 1195 560 1227 decumae
586 1196 658 1225 tum
683 1194 771 1224 iusto
797 1192 1001 1233 ampliores,
1034 1194 1108 1224 tum
1138 1193 1276 1225 debitae
1309 1194 1441 1225 maiore
1466 1203 1546 1225 cum
1570 1195 1755 1227 severitate
1781 1196 1868 1236 exigi
1892 1195 1986 1228 sole-

238 1255 334 1292 rent,
360 1260 466 1293 quam
489 1250 548 1282 ubi
573 1250 757 1290 emptionis
782 1248 924 1281 facilitas
950 1249 1145 1281 decumano
1170 1258 1310 1290 quoque
1331 1250 1442 1281 maius
1459 1249 1595 1281 lucrum
1612 1249 1759 1292 pollicita
1778 1253 1889 1284 esset:
1916 1260 1986 1292 quo

237 1309 423 1343 reserenda
447 1310 528 1341 sunt
552 1307 606 1339 illa
630 1307 661 1347 g.
687 1307 739 1338 77.
767 1319 827 1335 ιι-
852 1310 1003 1338 aratores
1024 1307 1171 1347 funditus
1194 1306 1452 1338 evertebantur.»

324 1365 391 1398 Sed
416 1363 583 1406 probandi
608 1371 748 1404 quoque
773 1362 934 1394 frumenti
959 1371 1062 1394 causa
1087 1363 1226 1403 praeter
1246 1363 1427 1403 superiora
1450 1361 1544 1394 lucra
1569 1371 1697 1395 novum
1721 1362 1857 1395 lucrum
1880 1371 1985 1394 acce-

238 1422 345 1455 debat
367 1421 465 1454 Verri
489 1420 634 1459 eiusque
659 1418 883 1450 administris.
932 1418 1102 1450 Probatur
1126 1420 1243 1450 autem
1268 1418 1481 1450 trumentum
1507 1420 1579 1450 tum
1600 1427 1764 1451 mensura
1789 1419 1985 1451 accuratius

238 1481 376 1517 exacta,
401 1479 476 1509 tum
499 1474 644 1508 meliore
670 1475 803 1506 tantum
827 1476 989 1516 recepto,
1022 1474 1194 1506 deteriore
1225 1474 1367 1505 reiecto.
1418 1475 1487 1506 Hac
1511 1483 1574 1515 pro
1599 1483 1705 1515 opera
1729 1475 1811 1506 item
1837 1475 1983 1515 pecunia

238 1536 358 1568 exacta
382 1535 445 1566 est.
473 1531 514 1572 (ἓ.
533 1532 598 1571 73.)
646 1532 832 1563 Praetereo
857 1531 926 1562 iam
943 1529 1097 1570 reliqua,
1123 1530 1361 1569 accessiones,
1389 1530 1714 1571 quinquagesimas,
1740 1531 1908 1571 pecunias
1925 1530 1984 1562 de-

236 1593 340 1633 nique
371 1590 414 1621 de
446 1588 558 1629 capite
590 1587 748 1628 demptas
773 1586 815 1626 (g.
841 1586 924 1626 83.),
963 1595 1030 1625 qua
1061 1587 1091 1617 in
1125 1595 1162 1617 re
1187 1585 1366 1626 peculatus
1391 1587 1494 1617 etiam
1519 1587 1629 1617 inerat
1653 1587 1807 1624 crimen,
1841 1586 1981 1626 quando

236 1647 380 1689 quidem
414 1646 502 1677 haec
538 1643 711 1685 prioribus
746 1642 808 1674 illis
838 1641 1014 1682 explicatis
1043 1642 1328 1682 interpretatione
1360 1650 1428 1673 non
1461 1643 1575 1681 egent.
1624 1641 1756 1679 Quibus
1780 1642 1981 1682 praemissis

236 1701 442 1735 examinabo
478 1702 545 1732 iam
580 1700 668 1731 duos
702 1699 836 1740 priores
871 1697 983 1736 locos,
1025 1700 1223 1729 ceterorum
1261 1697 1515 1729 accuratiorem
1551 1698 1831 1729 constitutionem
1867 1697 1980 1729 futuro

236 1759 359 1792 editori
393 1757 542 1789 libenter
571 1755 767 1788 relicturus.
815 1754 852 1786 ld
884 1756 1000 1786 tamen
1026 1753 1090 1786 feci
1114 1754 1148 1785 in
1173 1753 1354 1793 omnibus,
1388 1753 1483 1794 quod
1514 1761 1578 1794 pro
1605 1754 1763 1795 tempore
1788 1752 1873 1784 mihi
1896 1761 1981 1784 con-

234 1824 334 1848 cesso
358 1813 465 1856 potui.

320 1872 344 1903 1.
383 1870 420 1901 C.
447 1869 498 1900 30.
525 1868 555 1908 ὲ.
582 1868 633 1899 72.
681 1868 719 1898 In
746 1865 1016 1906 Agyrinensium
1048 1866 1202 1897 numeris
1227 1865 1349 1905 exigua
1373 1865 1462 1897 inest
1486 1864 1686 1904 difficultas,
1713 1865 1777 1896 nisi
1802 1863 1896 1905 quod
1920 1872 1981 1895 va-

232 1929 322 1961 riant
355 1926 464 1959 Codd.
495 1924 581 1957 Edd.
608 1924 642 1955 et
664 1922 733 1954 VV.
759 1924 828 1954 DD.
857 1922 946 1954 coni.
979 1923 1053 1953 tum
1083 1922 1173 1953 inter
1204 1922 1370 1952 medimna
1405 1923 1439 1952 et
1466 1921 1664 1953 medimnum
1700 1921 1883 1962 (posterius
1914 1919 1981 1952 hoc

232 1983 379 2027 praetuli
403 1991 466 2023 ego
491 1989 630 2022 quoque
655 1979 689 2011 in
706 1987 806 2019 seqq.
831 1980 869 2010 ut
892 1979 926 2010 et
948 1979 1093 2009 modium
1116 1986 1179 2018 pro
1196 1987 1228 2009 v.
1252 1978 1376 2009 modios
1393 1977 1527 2017 Codd.),
1554 1979 1626 2008 tum
1645 1978 1751 2008 inter:
1777 1976 1921 2008 XXXIII.
1941 1991 1978 1997 —

231 2040 376 2074 XXXIV.
396 2055 433 2062 -—
461 2039 496 2070 et
517 2036 706 2074 XXXVIII.,
724 2035 876 2075 denique
894 2035 928 2066 in
945 2042 1005 2073 eo,
1032 2033 1126 2074 quod
1144 2033 1230 2065 Edd.
1250 2032 1423 2073 quaedam
1439 2033 1594 2065 numeris
1616 2032 1802 2065 subiiciunt
1816 2041 1849 2063 V.
1867 2032 1977 2070 milia;

232 2096 327 2138 quod
349 2092 591 2127 necessarium
615 2100 683 2123 non
708 2091 876 2130 iudicavi,
903 2091 967 2122 etsi
990 2090 1073 2122 mihi
1098 2098 1238 2131 quoque
1263 2088 1386 2130 placet.
1426 2090 1464 2121 H.
1488 2088 1510 2121 l.
1533 2090 1628 2122 certe
1653 2098 1721 2121 non
1744 2088 1876 2120 habent
1891 2088 1977 2120 Ven.

231 2154 279 2185 Iu.
306 2160 395 2193 quae
420 2150 507 2182 infra
531 2148 685 2180 numeris
712 2156 817 2188 saepe
849 2147 1087 2188 postponunt:
1120 2147 1166 2177 M.
1216 2145 1380 2176 Graevius
1404 2145 1639 2186 Beckiusque,
1672 2144 1848 2176 interdum
1872 2145 1978 2176 etiam

231 2207 427 2246 Schiitzius‚
460 2203 585 2237 lineola
615 2203 834 2244 superposita
864 2201 1074 2233 millenarios
1106 2208 1272 2233 numeros
1296 2209 1315 2231 a
1341 2201 1549 2233 centenariis
1573 2209 1614 2232 ac
1638 2200 1830 2232 minoribus
1855 2199 1978 2231 distin-

231 2263 388 2305 guendos
420 2260 653 2293 censuerunt:
690 2258 754 2291 sed
787 2259 820 2289 in
855 2256 1141 2298 Inscriptionibus
1176 2256 1449 2288 accuratioribus
1485 2255 1655 2288 eiusmodi
1684 2255 1806 2287 lineola
1840 2255 1977 2287 numeri

231 2328 354 2353 omnes
378 2318 530 2356 omnino,
557 2317 661 2347 etiam
678 2314 822 2353 minimi,
849 2313 1104 2352 distinguuntur
1127 2321 1146 2343 a
1169 2311 1311 2351 litteris;
1337 2321 1452 2353 neque
1477 2313 1579 2352 igitur
1603 2312 1636 2343 id
1653 2311 1746 2353 apud
1763 2311 1976 2352 antiquiores

230 2375 504 2408 millenariorum
528 2373 665 2413 signum
689 2370 794 2402 fuisse
818 2367 999 2411 probabile
1024 2369 1173 2400 videtur.
1203 2386 1233 2392 -
1264 2368 1294 2409 ἓ.
1321 2368 1373 2400 73.
1401 2377 1465 2409 ego
1490 2377 1629 2409 quoque
1654 2367 1719 2408 leg.
1746 2376 1897 2400 censeo:
1923 2367 1978 2399 HS

231 2431 357 2464 CXXIX
376 2438 463 2472 pro:
493 2429 548 2460 HS
569 2428 634 2460 LX.

315 2489 355 2519 Il.
396 2487 433 2518 C.
459 2486 511 2517 39..
538 2484 568 2525 S.
594 2485 646 2515 75.
694 2484 810 2522 Longe
846 2480 1016 2513 difficilior
1050 2481 1118 2512 iam
1150 2481 1203 2512 est
1234 2480 1392 2520 quaestio
1424 2479 1467 2511 de
1493 2480 1598 2512 trium
1621 2488 1793 2512 annorum
1817 2477 1975 2512 decumis

229 2541 494 2577 Herbitensibus
519 2542 554 2572 et
576 2539 690 2578 lucro,
717 2537 812 2579 quod
835 2537 947 2569 Atidio
973 2538 1076 2577 atque
1093 2537 1245 2577 Apronio
1269 2536 1311 2566 sit
1336 2544 1555 2567 concessum.
1593 2535 1808 2567 Medimnum
1832 2535 1976 2576 quidem

228 2607 412 2637 mensura,
439 2606 480 2629 ex
504 2604 573 2637 qua
596 2594 688 2636 apud
711 2593 843 2626 Siculos
866 2592 1074 2624 venditionis
1097 2591 1152 2623 lex
1175 2592 1426 2633 pactionesque
1450 2590 1604 2631 singulae
1628 2591 1779 2630 fiebant,
1815 2591 1864 2622 uti
1887 2590 1976 2623 solet

227 2655 354 2689 Tullius
378 2653 484 2696 priori
507 2652 579 2684 fere
604 2658 744 2692 quoque
768 2648 844 2681 loco
869 2649 901 2680 in
927 2648 1085 2680 decumis
1109 2647 1319 2685 referendis,
1347 2647 1495 2679 eandem
1518 2650 1641 2688 postea
1666 2646 1815 2679 subinde
1839 2648 1873 2678 in
1897 2655 1976 2678 mo-

227 2712 303 2744 dios
327 2710 554 2747 convertens,
581 2715 650 2748 quo
674 2713 893 2738 summarum
917 2705 1088 2736 rationem
1112 2703 1263 2736 lectores
1287 2702 1420 2735 facilius
1437 2703 1670 2744 perciperent.
1699 2704 1865 2734 Ceterum
1881 2701 1975 2734 haud

226 2769 317 2807 scio,
349 2776 394 2798 an
422 2764 579 2797 modium
609 2764 692 2794 item
724 2769 928 2793 mensuram
958 2769 998 2792 ac
1032 2768 1162 2792 nomen
1187 2758 1395 2801 plerumque
1419 2758 1621 2799 praetulerit
1646 2759 1677 2791 in
1702 2758 1789 2790 lucri
1812 2758 1971 2798 summis,

225 2825 344 2865 utpote
368 2820 463 2863 quod
487 2819 621 2852 civibus
645 2819 717 2850 sere
742 2817 924 2856 Romanis,
951 2816 1082 2848 libertis
1105 2815 1229 2849 saltem
1253 2824 1271 2847 e
1295 2815 1469 2855 praetoria
1493 2814 1636 2846 cohorte
1662 2814 1926 2846 concederetur.

313 2879 370 2911 His
393 2875 631 2910 subiiciendus
655 2874 771 2906 statim
796 2874 849 2905 est
871 2871 968 2904 locus
991 2873 1060 2904 liuc
1084 2873 1117 2903 in
1142 2871 1263 2913 primis
1287 2870 1415 2902 faciens
1438 2870 1776 2902 Pseudo—Frontonis
1793 2870 1865 2902 sive
1882 2871 1972 2901 Aru-

225 2936 311 2967 siani
340 2935 375 2966 in
402 2932 571 2972 Exemplis
598 2931 831 2968 elocutionum,
864 2928 925 2960 Ed.
952 2930 1036 2968 Ang.
1063 2928 1140 2961 Maii
1173 2929 1324 2959 Romana
1355 2935 1388 2967 p.
1414 2926 1488 2958 373.
1537 2926 1705 2958 «Dimidio
1729 2925 1835 2967 pluris
1859 2924 1893 2956 id
1918 2926 1971 2956 est

225 2990 342 3033 duplo.
391 2990 461 3022 Cic.
492 2989 525 3020 in
553 2986 777 3019 frumentaria
809 2985 895 3025 (Tres
919 2984 1040 3016 Codd.:
1068 2984 1264 3016 Comment.
1284 2991 1346 3022 pro
1370 2982 1604 3022 frumentaria)
1631 2981 1674 3013 de
1699 2981 1857 3013 decumis
1881 2981 1971 3012 Her-

224 3047 412 3079 bitensium
435 3053 499 3086 per
520 3043 724 3081 triennium,
756 3049 837 3073 cum
860 3040 972 3081 primo
996 3048 1087 3071 anno
1110 3038 1269 3070 venditas
1293 3037 1385 3068 dicat
1408 3037 1508 3068 tritici
1532 3037 1657 3069 modiis
1679 3036 1855 3068 XXXXHII
1880 3035 1969 3067 mili-

224 3102 302 3134 bus.
340 3100 500 3134 Secundo
524 3099 625 3131 tritici
650 3097 774 3129 modiis
797 3096 885 3128 XXV
909 3095 1047 3127 milibus
1071 3095 1198 3127 DCCC.
1232 3094 1329 3125 Anno
1354 3093 1454 3123 tertio
1479 3101 1584 3134 supra
1608 3092 1743 3124 iacente
1761 3092 1880 3131 [immo
1905 3092 1969 3123 ad—

223 3159 349 3190 iicieme
376 3156 432 3189 vel
464 3156 587 3187 licente.
613 3153 718 3194 ΒΑιτ.]
754 3151 967 3185 Aeschrione
999 3150 1157 3183 venditas
1185 3149 1305 3180 dicunt
1335 3147 1521 3180 medimnis
1550 3149 1607 3179 1111
1637 3146 1775 3179 milibus
1811 3148 1965 3179 centum.

224 3214 321 3245 Idem
344 3212 469 3245 modiis
484 3211 599 3243 XLvil
622 3209 761 3242 milibus
785 3208 884 3240 dictis
908 3206 1012 3248 dupla
1034 3214 1174 3239 summa
1198 3213 1278 3236 cum
1294 3204 1450 3245 proxime
1477 3204 1563 3243 (Tres
1579 3204 1696 3236 Codd.:
1721 3203 1879 3244 proximi)
1903 3203 1968 3235 ad-

224 3269 349 3301 dicitur
372 3267 558 3301 medimnis
581 3267 654 3298 VIII
677 3264 818 3297 milibus
842 3265 866 3296 C
891 3263 963 3296 fere
988 3262 1096 3304 pluris
1119 3269 1226 3303 quam
1249 3260 1429 3301 superiore
1454 3268 1579 3291 anno.»
1606 3275 1644 3282 -
1669 3258 1829 3291 Eundem
1851 3257 1967 3291 locum

223 3325 259 3358 in
281 3324 493 3366 quibusdam
516 3322 767 3357 correctiorem
788 3320 835 3354 ita
856 3318 998 3362 protulit
1015 3318 1175 3353 Ursinus:
1203 3314 1383 3350 Cornelius
1398 3315 1524 3348 Fronto
1547 3315 1582 3347 in
1596 3314 1663 3348 Ex.
1681 3315 1805 3349 elocutt.
1825 3313 1967 3348 adducit
