2127 3708
593 242 689 285 cst.
719 239 1036 283 XLI—XLIII.
1071 238 1146 296 §§
1177 237 1427 282 ἸΝ-425.
1839 238 1891 282 63

144 357 251 398 inter
294 371 392 398 suos
437 355 619 397 omnium
666 354 906 395 deliciarum
947 359 1073 408 atque
1111 353 1295 394 omnium
1335 352 1484 393 artium
1523 352 1721 406 puerulos
1752 366 1805 394 ex
1835 357 1894 393 tot

146 418 460 473 elegantissimis
488 417 654 458 familiis
685 417 812 458 lectos
842 418 942 458 velit
971 418 1047 457 hos
1077 417 1253 464 versari,
1283 415 1474 456 homines
1503 427 1636 468 paene
1668 415 1894 469 operarios,

147 495 200 522 ex
237 481 429 522 Amerina
465 479 680 532 disciplina
719 481 848 533 patris
887 479 1068 520 familiae
1108 478 1318 520 rusticani.
1377 474 1471 516 421.
1502 478 1594 516 Non
1624 477 1680 516 ita
1711 483 1772 518 est
1801 490 1897 531 pro-

146 544 275 591 fecto,
305 543 487 583 iudices:
528 554 613 580 non
644 547 706 582 est
734 542 819 582 veri
849 542 1004 589 simile,
1034 547 1080 581 ut
1112 541 1405 594 Chrysogonus
1435 539 1585 578 horum
1616 538 1770 579 litteras
1801 538 1898 579 ada-

147 607 266 647 marit
290 610 360 645 aut
380 603 704 652 humanitatem;
735 617 839 651 non,
870 609 915 644 ut
935 604 993 644 rei
1016 603 1227 644 familiaris
1248 602 1414 655 negotio
1437 601 1691 654 diligentiam
1714 601 1899 654 cognorit
1932 618 1950 646 5

147 682 288 709 eorum
320 672 360 707 et
387 664 538 706 fidem:
571 670 633 705 est
663 665 883 719 quiddam,
916 665 1029 719 quod
1061 665 1311 713 occultatur;
1343 664 1458 718 quod
1490 677 1574 717 quo
1603 662 1825 704 studiosius
1847 663 1898 703 ab

144 730 246 783 ipsis
277 728 522 781 opprimitur
553 733 593 767 et
622 727 908 775 absconditur,
941 740 990 767 eo
1021 729 1151 781 magis
1174 728 1326 767 eminet
1347 732 1388 766 et
1408 731 1596 779 apparet.
1646 725 1773 765 XLII.
1806 722 1898 764 122.

145 791 257 840 Quid
285 792 438 844 igitur?
495 789 790 844 Chrysogonus
821 791 939 830 suine
969 788 1160 830 maleficii
1191 788 1426 830 occultandi
1457 801 1582 829 causa
1613 788 1899 842 quaestionem

144 853 195 893 de
224 853 288 893 his
316 852 461 892 haberi
492 865 576 892 non
606 852 726 892 vult?
775 852 963 900 Minime,
994 852 1174 892 iudices:
1220 865 1305 891 non
1334 852 1378 891 in
1399 864 1543 892 omnes
1565 851 1741 891 arbitror
1762 850 1901 889 omnia

144 915 376 957 convenire.
434 916 523 968 Ego
553 915 596 954 in
628 913 921 968 Chrysogono,
953 914 1067 968 quod
1098 913 1151 953 ad
1181 928 1246 954 me
1277 914 1441 962 attinet,
1472 913 1575 953 nihil
1606 912 1811 953 eiusmodi
1832 926 1950 956 511-10

144 980 307 1033 spicor:
351 990 490 1031 neque
528 977 609 1017 hoc
637 976 737 1016 mihi
766 990 877 1017 nunc
908 977 1086 1030 primum
1116 977 1160 1017 in
1190 983 1371 1017 mentem
1401 977 1515 1017 venit
1545 975 1695 1016 dicere.
1756 977 1900 1016 Memi-

143 1041 260 1082 nistis
291 1053 356 1080 me
385 1041 443 1080 ita
472 1039 734 1080 distribuisse
763 1039 880 1080 initio
913 1052 1101 1087 causam,
1132 1039 1175 1078 in
1206 1040 1383 1087 crimen,
1418 1040 1536 1079 cuius
1567 1043 1653 1079 tota
1682 1052 1901 1092 argumen-

144 1103 242 1144 tatio
272 1103 477 1157 permissa
504 1102 655 1142 Erucio
687 1107 769 1149 est,
801 1107 842 1142 et
869 1102 911 1141 in
942 1101 1179 1149 audaciam,
1211 1101 1326 1142 cuius
1348 1107 1485 1155 partes
1505 1101 1664 1141 Rosciis
1684 1102 1902 1156 impositae

145 1170 253 1206 sunt.
313 1163 531 1217 Quidquid
562 1161 775 1211 maleficii,
812 1164 1003 1211 sceleris,
1044 1163 1182 1204 caedis
1214 1165 1311 1211 erit,
1342 1164 1556 1217 proprium
1586 1163 1628 1202 id
1658 1165 1900 1205 Rosciorum

146 1241 236 1269 esse
267 1227 446 1267 debebit.
497 1226 674 1266 Nimiam
705 1227 875 1279 gratiam
906 1227 1221 1281 potentiamque
1244 1226 1503 1281 Chrysogoni
1525 1226 1698 1266 dicimus
1721 1231 1761 1266 et
1780 1227 1953 1270 nobis⁴5

145 1291 307 1331 obstare
338 1293 378 1330 et
406 1287 581 1342 perferri
610 1288 725 1328 nullo
756 1289 880 1328 modo
911 1302 1057 1343 posse,
1088 1294 1129 1329 et
1158 1302 1182 1329 a
1211 1289 1347 1337 vobis,
1379 1288 1577 1343 quoniam
1603 1293 1786 1341 potestas
1808 1289 1904 1329 data

145 1358 230 1401 est,
259 1365 344 1393 non
374 1350 498 1392 modo
528 1348 748 1399 infirmari,
778 1364 923 1392 verum
954 1352 1076 1392 etiam
1106 1351 1305 1392 vindicari
1335 1356 1540 1405 oportere.
1600 1348 1694 1391 1123.
1724 1352 1813 1405 Ego
1847 1351 1904 1391 sic

147 1415 360 1455 existimo:
405 1413 477 1468 qui
508 1414 653 1467 quaeri
682 1413 783 1454 velit
812 1427 866 1454 ex
893 1414 963 1462 iis,
1009 1427 1115 1468 quos
1147 1419 1328 1461 constat,
1367 1427 1460 1454 cum
1503 1413 1651 1454 caedes
1680 1414 1790 1455 facta
1819 1419 1902 1462 est,

145 1476 350 1525 adfuisse,
389 1489 484 1516 eum
515 1489 667 1529 cupere
697 1489 843 1516 verum
872 1476 1083 1517 invenire:
1129 1476 1201 1530 qui
1229 1481 1414 1524 recuset,
1457 1489 1552 1516 eum
1590 1476 1801 1529 profecto,
1843 1481 1905 1517 ta-

145 1539 265 1580 metsi
292 1538 419 1580 verbo
449 1551 535 1578 non
566 1538 743 1587 audeat,
772 1543 913 1579 tamen
942 1552 987 1579 re
1018 1539 1111 1592 ipsa
1140 1538 1193 1578 de
1222 1536 1424 1578 maleficio
1457 1552 1532 1579 suo
1563 1536 1762 1579 confiteri.
1807 1538 1904 1580 Dixi
1916 1551 1953 1583 20

145 1601 283 1649 initio,
317 1600 498 1648 iudices,
535 1601 649 1641 nolle
688 1613 754 1641 me
792 1601 914 1655 plura
943 1601 995 1641 de
1024 1602 1200 1642 istorum
1231 1600 1388 1642 scelere
1421 1600 1580 1649 dicere,
1621 1614 1747 1655 quam
1778 1615 1903 1642 causa

146 1663 378 1717 postularet
407 1676 455 1703 ac
483 1664 708 1704 necessitas
738 1665 830 1717 ipsa
859 1669 1038 1717 cogeret.
1083 1665 1188 1704 Nam
1219 1668 1259 1703 et
1288 1663 1444 1704 multae
1465 1677 1531 1704 res
1552 1661 1691 1704 afferri
1711 1669 1901 1718 possunt,

148 1731 187 1766 et
214 1739 299 1766 una
328 1738 520 1780 quaeque
551 1739 693 1766 earum
722 1726 862 1766 multis
894 1739 987 1766 cum
1018 1725 1273 1779 argumentis
1305 1725 1386 1766 dici
1415 1731 1565 1780 potest.
1623 1728 1779 1767 Verum
1811 1740 1902 1780 ego,

149 1787 262 1841 quod
289 1788 441 1827 invitus
470 1800 518 1828 ac
546 1789 782 1828 necessario
811 1788 940 1836 facio,
971 1801 1109 1842 neque
1140 1787 1210 1827 diu
1240 1801 1378 1842 neque
1408 1789 1628 1842 diligenter
1647 1788 1784 1830 facere
1805 1803 1903 1843 pos-

150 1863 253 1890 sum.
299 1848 417 1897 Quae
446 1850 662 1903 praeteriri
691 1850 807 1889 nullo
838 1850 963 1890 modo
993 1855 1207 1902 poterant,
1249 1863 1298 1889 ea
1328 1851 1495 1899 leviter,
1535 1850 1716 1900 iudices,
1759 1852 1952 1904 attigi:25

151 1924 258 1965 quae
286 1912 422 1965 posita
452 1916 547 1951 sunt
574 1911 618 1951 in
648 1912 978 1964 suspicionibus,
1011 1912 1061 1951 de
1087 1912 1239 1965 quibus
1268 1912 1301 1952 si
1325 1925 1502 1965 coepero
1524 1912 1682 1962 dicere,
1712 1913 1901 1967 pluribus

150 1974 287 2014 verbis
318 1975 370 2014 sit
399 1973 710 2021 disserendum,
742 1986 790 2014 ea
820 1975 966 2014 vestris
995 1974 1172 2026 ingeniis
1204 1975 1551 2029 coniecturaeque
1583 1977 1807 2017 committo.

260 2036 407 2076 XLIII.
448 2032 542 2075 1124.
583 2036 714 2076 Venio
756 2049 866 2076 nunc
896 2036 947 2076 ad
977 2036 1083 2076 illud
1112 2049 1266 2076 nomen
1296 2049 1469 2077 aureum
1502 2036 1782 2091 Chrysogoni,
1826 2038 1902 2078 sub

150 2112 233 2152 quo
262 2099 430 2138 nomine
461 2103 546 2138 tota
575 2099 751 2138 societas
781 2098 920 2137 latuit:
953 2097 1004 2137 de
1026 2112 1132 2151 qu0,
1162 2098 1340 2146 iudices,
1371 2112 1511 2153 neque
1534 2099 1744 2154 quomodo
1767 2099 1902 2141 dicam

148 2174 286 2214 neque
318 2159 529 2213 quomodo
560 2165 740 2207 taceam,
771 2160 953 2212 reperire
984 2173 1168 2213 possum.
1220 2160 1263 2200 Si
1293 2161 1404 2200 enim
1424 2166 1561 2209 taceo,
1591 2163 1660 2202 vel
1679 2164 1902 2204 maximam
1916 2175 1953 2205 30

147 2227 305 2277 partem
334 2221 550 2274 relinquo;
597 2222 660 2261 sin
700 2226 838 2261 autem
869 2220 982 2268 dico,
1027 2235 1174 2261 vereor
1219 2235 1272 2262 ne
1308 2236 1394 2262 non
1431 2223 1503 2263 ille
1535 2223 1672 2274 solus,
1715 2225 1758 2265 id
1790 2226 1903 2280 quod

148 2284 200 2325 ad
231 2298 296 2325 me
326 2283 430 2324 nihil
460 2284 626 2331 attinet,
659 2283 732 2323 sed
763 2283 834 2323 alii
867 2296 1035 2336 quoque
1064 2283 1206 2336 plures
1237 2284 1373 2324 laesos
1405 2297 1449 2325 se
1481 2298 1572 2326 esse
1602 2292 1764 2340 putent.
1825 2289 1904 2328 Ta-

146 2347 267 2387 metsi
303 2346 360 2386 ita
390 2358 433 2385 se
463 2359 529 2385 res
558 2346 703 2393 hahet,
744 2350 789 2385 ut
832 2346 932 2385 mihi
961 2345 1004 2385 in
1034 2359 1297 2386 communem
1328 2360 1496 2388 causam
1526 2354 1734 2390 sectorum
1765 2350 1905 2391 dicen-

149 2409 247 2449 dum
283 2408 387 2449 nihil
425 2421 575 2462 magno
613 2421 739 2462 opere
777 2407 980 2448 videatur.
1038 2408 1152 2447 Haec
1192 2409 1303 2448 enim
1342 2422 1467 2450 causa
1507 2423 1617 2451 nova
1645 2411 1832 2465 profecto
1865 2418 1905 2453 et

149 2469 367 2524 singularis
399 2476 472 2510 est.
532 2467 626 2510 1125.
656 2471 867 2510 Bonorum
899 2470 995 2510 Sex.
1016 2470 1152 2510 Roscii
1183 2476 1345 2524 emptor
1375 2477 1437 2511 est
1468 2471 1777 2526 Chrysogonus.
1817 2475 1954 2518 Pri-35

148 2546 261 2572 mum
289 2532 369 2572 hoc
397 2532 639 2573 videamus:
684 2532 774 2573 eius
813 2532 994 2572 hominis
1023 2533 1135 2573 hona
1165 2545 1249 2586 qua
1277 2533 1437 2574 ratione
1467 2534 1688 2576 venierunt
1717 2541 1789 2577 aut
1818 2550 1902 2590 quo

148 2593 271 2635 modo
309 2595 450 2636 venire
489 2597 749 2649 potuerunt?
795 2596 932 2649 Atque
970 2594 1050 2635 hoc
1088 2608 1174 2635 non
1213 2596 1270 2637 ita
1300 2609 1521 2650 quaeram,
1562 2597 1746 2647 iudices,
1785 2604 1833 2640 ut
1861 2598 1904 2640 id

234 2768 266 2800 2.
292 2767 405 2800 eleetos
425 2776 460 2800 v.
489 2785 524 2790 —
550 2767 581 2799 3.
606 2777 673 2800 non
694 2769 743 2799 ita
765 2771 811 2800 est
835 2768 962 2800 GMv:
988 2777 1053 2799 non
1076 2772 1122 2800 est
1143 2769 1193 2800 ita
1215 2769 1328 2809 Oac,
1356 2769 1459 2801 codd.
1478 2769 1568 2809 rell.,
1592 2772 1631 2802 ut
1646 2770 1800 2810 xidetur3
1825 2780 1905 2803 nam

147 2816 197 2849 ita
219 2818 264 2856 C;
288 2826 354 2849 non
376 2820 422 2850 est
445 2818 535 2849 coni.
560 2817 738 2856 Buechn.,
766 2826 873 2858 quam
893 2817 1132 2850 coniecturam
1148 2818 1398 2859 Freudenberg
1420 2827 1454 2860 p.
1475 2819 1527 2852 43.
1544 2819 1719 2852 Γείὶιῒειὴῐ.
1740 2838 1776 2844 -
1801 2819 1833 2854 4.
1850 2821 1902 2853 ho-

147 2876 223 2899 rum
245 2876 414 2900 servorum
436 2866 563 2899 litteras
584 2876 618 2899 v.
647 2886 684 2891 —
720 2869 752 2899 5.
776 2871 813 2899 ut
837 2875 907 2898 om.
934 2868 971 2898 G.
1001 2885 1037 2891 —
1073 2868 1105 2900 8.
1131 2869 1223 2900 suine
1245 2869 1322 2900 Par.
1349 2869 1379 2900 4.
1405 2867 1436 2900 4.
1463 2869 1509 2908 9,,
1535 2877 1577 2901 a:
1613 2871 1702 2903 tuine
1725 2872 1819 2910 GM;
1854 2872 1905 2904 sui

148 2916 229 2955 003
255 2917 302 2948 tui
325 2915 346 2948 4
361 2917 459 2955 Oxx„
476 2925 509 2948 V.
537 2934 572 2938 ——
599 2917 630 2948 9.
657 2917 696 2949 de
717 2916 776 2958 his]
800 2918 909 2948 immo
933 2917 971 2948 de
994 2918 1044 2949 iis.
1071 2935 1108 2941 —
1135 2918 1240 2949 omnis
1261 2919 1371 2950 Mac.
1393 2936 1429 2940 —
1455 2919 1507 2950 42.
1527 2920 1719 2952 distribuere
1734 2922 1799 2960 Ml,
1824 2920 1903 2953 fort.

148 2968 257 2998 recte.
283 2983 320 2989 —
347 2969 416 2997 tota
437 2967 660 3007 augmentatio
685 2966 788 2998 codd.
807 2967 1002 2998 Hotomani.
1024 2985 1060 2989 —-
1086 2967 1138 2999 43.
1165 2971 1195 2999 et
1217 2976 1287 2999 om.
1313 2967 1336 3002 ἓ
1359 2968 1394 2999 in
1412 2977 1522 3009 marg.
1543 2987 1579 2993 —-
1606 2969 1708 3011 cuius]
1732 2971 1801 3002 eius
1815 2979 1850 3002 v,
1866 2989 1903 2994 —

149 3014 200 3046 45.
225 3015 399 3046 minimam
421 3016 459 3047 G.
487 3032 522 3037 —
554 3015 606 3047 48.
638 3016 730 3056 facta
752 3015 807 3057 est]
841 3016 891 3047 sic
915 3017 1061 3057 scripsi:
1089 3017 1184 3057 facta
1206 3018 1247 3049 sit
1270 3017 1372 3049 codd.
1400 3034 1436 3039 —
1463 3018 1516 3050 49.
1541 3019 1674 3059 affuisse
1694 3019 1837 3052 Mvac.
1866 3039 1902 3044 —

148 3071 222 3095 eum
248 3066 279 3096 et
307 3072 425 3104 cupere
453 3074 491 3103 χ.
519 3082 555 3088 -
584 3065 640 3097 20.
665 3064 734 3106 suo]
768 3065 838 3105 ipso
869 3067 906 3096 G.
934 3083 971 3088 -—
995 3066 1050 3098 24.
1074 3067 1110 3098 in
1130 3067 1224 3098 initio
1248 3068 1286 3098 G.
1314 3085 1350 3090 —
1376 3067 1429 3099 22.
1456 3067 1584 3108 adferri
1607 3070 1644 3101 G.
1671 3085 1709 3092 —
1735 3069 1788 3102 23.
1814 3073 1846 3102 et
1868 3071 1906 3102 de

148 3121 349 3153 unaquaque
369 3114 406 3145 L.
435 3131 471 3137 —-
496 3114 550 3146 26.
574 3114 614 3146 de
636 3114 752 3154 quibus
767 3131 786 3138 -
800 3132 819 3138 -
837 3115 990 3154 pluribus
1011 3124 1081 3148 om.
1108 3118 1146 3148 G.
1167 3133 1203 3138 -—
1229 3116 1283 3148 29.
1308 3116 1406 3148 latuit
1420 3117 1612 3159 Madvigius
1631 3118 1703 3159 (Op.
1722 3119 1748 3150 1.
1764 3128 1800 3161 p.
1815 3119 1903 3161 484.)

151 3164 186 3194 et
206 3163 457 3196 Buechnerus:
492 3164 606 3196 statuit
628 3165 748 3203 GMv,
784 3166 895 3203 Parr.,
932 3165 1034 3203 Oxx.;
1069 3166 1226 3197 statuitur
1249 3166 1351 3197 Oac.
1379 3182 1416 3189 —
1449 3166 1501 3198 30.
1527 3175 1630 3206 neque
1652 3170 1782 3199 taceam
1802 3177 1836 3200 v,
1864 3186 1902 3191 -

151 3211 203 3244 33.
227 3213 277 3244 ita
299 3221 370 3244 om.
396 3214 434 3245 G.
462 3231 499 3236 —
523 3223 556 3247 se
576 3222 629 3246 res
652 3214 811 3247 GMvc:
838 3222 889 3246 res
910 3222 943 3245 se
965 3214 1042 3252 La;
1066 3222 1100 3246 v.
1126 3214 1239 3247 Madv.
1266 3214 1311 3247 ad
1335 3215 1400 3248 Cic.
1427 3216 1466 3248 de
1487 3216 1583 3248 Finn.
1608 3225 1643 3257 p.
1662 3217 1716 3249 57.
1737 3234 1771 3241 -
1798 3217 1903 3258 habet]

150 3265 225 3294 sunt
247 3264 285 3294 G.
312 3280 348 3285 —
379 3261 431 3295 34.
457 3271 657 3305 magnopere
679 3264 861 3296 GMvac.
888 3279 926 3286 —
956 3263 1009 3295 35.
1034 3267 1161 3304 emptor
1188 3267 1234 3297 est
1257 3265 1306 3296 G:
1342 3268 1520 3306 emptorem
1542 3266 1690 3306 hivae,
1716 3268 1736 3299 5
1753 3267 1836 3299 Oxx.
1865 3283 1901 3288 -—

152 3310 378 3354 chrysogonus
390 3313 463 3394 'GT
481 3322 488 3344 :
513 3313 758 3366 Chrysoqomgm
772 3314 806 3347 M
819 3314 843 3346 C
857 3313 1040 3352 HSvac;
1066 3313 1306 3356 Chrysoqonem
1325 3319 1379 3357 ψ;
1405 3314 1612 3357 Chrysogono
1628 3324 1665 3354 χ.
1685 3333 1721 3338 -
1747 3315 1801 3349 37.
1825 3315 1906 3349 haee

152 3368 219 3393 non
239 3369 282 3401 v;
304 3370 371 3395 non
413 3370 450 3395 oc
473 3370 505 3395 a.
