2143 3713
734 216 827 257 CAP-
860 217 1022 257 1-111.
1057 214 1130 270 §5-
1162 215 1300 257 2—8.
1807 216 1889 257 647

151 335 233 379 est,
278 331 328 370 ab
366 331 462 370 Iove
503 329 667 382 Optimo
706 328 887 368 Maximo
930 330 1160 382 ceterisque
1203 328 1265 368 dis
1297 327 1537 381 deabusque
1581 329 1892 377 immortalibus,

151 407 326 446 quorum
358 407 435 446 opo
465 396 505 431 et
533 390 689 430 auxilio
719 390 847 428 multo
879 391 1008 443 magis
1038 391 1140 430 hacc
1170 403 1235 429 res
1278 390 1445 443 publica
1477 404 1601 443 quam
1632 391 1791 430 ratione
1821 391 1895 430 ho-

151 457 306 495 minum
337 461 376 495 et
404 453 578 494 consilio
609 452 879 504 gubernatur,
912 466 1055 505 pacem
1088 466 1133 491 ac
1162 451 1324 492 veniam
1356 457 1474 503 pcto,
1506 466 1736 506 precorque
1758 453 1894 500 abiis,

152 523 194 557 ut
222 517 469 557 hodiernum
501 514 607 554 diem
638 519 679 553 et
707 514 758 552 ad
788 513 912 553 huius
944 514 1117 554 salutem
1144 512 1471 553 conservandam
1495 519 1533 552 et
1563 514 1613 553 ad
1645 529 1731 554 rem
1760 515 1895 568 publi-

150 592 238 618 cam
277 575 604 619 constituendam
645 575 830 614 illuxisse
862 577 1081 628 patiantur.
1142 575 1299 614 Deinde
1331 588 1423 620 vos,
1467 574 1673 623 Quirites,
1717 590 1894 629 quorum
1914 588 1931 615 :3

150 645 334 693 potestas
376 638 563 692 proxime
606 636 656 676 ad
697 637 869 677 deorum
910 637 1205 677 immortalium
1243 650 1396 676 numen
1439 636 1620 683 accedit,
1669 651 1740 677 oro
1772 644 1895 691 atque

149 702 334 749 obsecro,
365 700 558 754 quoniam
589 712 672 738 uno
703 705 890 752 tempore
923 700 1005 739 vita
1038 699 1080 739 C.
1103 700 1275 745 Rabirii,
1307 699 1488 738 hominis
1520 699 1737 739 miserrimi
1772 706 1895 753 atque

149 762 495 808 innocentissimi,
527 761 637 800 salus
668 761 726 800 rei
758 761 948 814 publicae
971 761 1119 801 vestris
1152 761 1340 801 manibus
1373 761 1665 814 suffragiisque
1695 762 1896 813 permitti-

151 831 236 871 tur,
266 824 493 865 adhibeatis
523 824 564 862 in
595 822 771 862 hominis
793 823 970 863 fortunis
994 823 1347 870 misericordiam,
1378 823 1420 862 in
1452 822 1511 862 rei
1541 823 1733 876 publicae
1765 823 1895 863 salute

151 886 393 939 sapientiam
424 898 547 938 quam
579 885 731 924 soletis.
1913 896 1947 923 ιιο

259 946 297 986 6.
327 949 443 987 Nunc
475 947 693 1000 quoniam,
732 948 777 986 T.
809 948 1010 994 Labiene,
1051 947 1289 1000 diligentiae
1319 961 1435 987 meae
1467 947 1663 1000 temporis
1695 947 1896 1000 angustiis

151 1008 342 1049 obstitisti
381 1021 530 1062 meque
562 1022 614 1048 ex
645 1014 880 1061 comparato
922 1015 959 1050 et
991 1010 1217 1049 constituto
1249 1010 1383 1063 spatio
1415 1009 1672 1049 defensionis
1704 1010 1746 1048 in
1777 1009 1898 1049 semi-

149 1071 274 1110 horae
297 1070 493 1110 circulum
516 1071 709 1122 coegisti,
740 1071 951 1123 parebitur
972 1077 1032 1119 et,
1065 1071 1176 1125 quod
1201 1071 1509 1125 iniquissimum
1531 1077 1616 1119 est,
1648 1072 1897 1111 accusatoris

149 1132 378 1173 conditioni
409 1138 470 1180 et,
509 1132 622 1186 quod
654 1133 951 1181 miserrimum,
993 1134 1151 1173 inimici
1184 1133 1391 1186 potestati.
1455 1134 1715 1187 Quamquam
1747 1134 1789 1172 in
1819 1133 1896 1172 hac

148 1196 469 1249 praescriptione
492 1194 721 1234 semihorae
752 1196 916 1247 patroni
940 1195 1039 1235 mihi
1060 1202 1198 1247 partes
1222 1195 1452 1248 reliquisti,
1484 1196 1665 1235 consulis
1687 1195 1897 1235 ademisti:
1915 1205 1950 1233 '¹5

147 1263 367 1312 propterea
405 1256 517 1310 quod
555 1256 605 1295 ad
647 1255 955 1296 defendendum
987 1258 1287 1310 propemodum
1319 1259 1417 1297 satis
1451 1258 1527 1297 erit
1556 1258 1633 1297 hoc
1667 1258 1766 1297 mihi
1798 1264 1900 1297 tem-

146 1321 280 1372 poris,
312 1318 362 1358 ad
394 1318 732 1372 conquerendum
773 1332 930 1372 parum.
990 1318 1028 1358 7.
1060 1320 1147 1359 Nisi
1178 1318 1285 1359 forte
1318 1320 1367 1358 de
1399 1320 1500 1359 locis
1531 1320 1739 1372 religiosis
1770 1332 1816 1359 ac
1848 1319 1899 1359 de

148 1382 274 1428 lucis,
306 1394 410 1434 quos
441 1381 491 1420 ab
522 1380 600 1420 hoc
631 1380 806 1420 violatos
838 1394 928 1420 esse
961 1381 1128 1428 dixisti,
1160 1382 1347 1434 pluribus
1372 1382 1507 1421 vorbis
1539 1382 1613 1421 tibi
1644 1381 1899 1435 responden-

147 1443 243 1482 dum
273 1448 415 1496 putas:
458 1456 540 1495 quo
571 1443 614 1481 in
645 1442 817 1482 crimine
847 1443 950 1483 nihil
983 1449 1043 1483 est
1076 1457 1274 1497 umquam
1305 1445 1378 1484 abs
1409 1449 1449 1484 te
1481 1444 1659 1491 dictum,
1690 1445 1772 1484 nisi
1802 1457 1825 1484 a
1857 1444 1898 1484 C.

145 1505 283 1544 Macro
314 1504 523 1544 obiectum
555 1517 645 1544 esse
678 1504 836 1544 crimen
867 1505 909 1544 id
942 1506 983 1545 C.
1015 1506 1195 1545 Rabirio.
1243 1506 1291 1545 In
1322 1519 1404 1559 quo
1436 1519 1512 1558 ego
1545 1505 1728 1545 demiror
1758 1507 1950 1547 memi-20

146 1567 256 1606 nisse
287 1571 347 1614 te,
379 1566 479 1619 quid
511 1566 710 1606 obiecerit
743 1567 784 1606 C.
816 1567 982 1606 Rabirio
1015 1568 1152 1607 Macer
1182 1568 1399 1616 inimicus,
1442 1568 1615 1608 oblitum
1647 1581 1757 1616 esse,
1800 1569 1901 1622 quid

145 1629 269 1682 aequi
299 1634 340 1668 et
369 1629 493 1668 iurati
524 1628 681 1668 iudices
712 1628 946 1669 iudicarint.
1006 1630 1077 1668 ΙΙΙ.
1117 1632 1180 1669 An
1211 1630 1261 1670 de
1293 1631 1488 1683 peculatu
1517 1631 1626 1670 facto
1658 1636 1728 1670 aut
1758 1631 1808 1670 de
1841 1636 1900 1670 ta-

145 1691 305 1731 bulario
347 1691 520 1731 incenso
560 1691 683 1743 longa
720 1691 849 1730 oratio
882 1698 944 1731 est
975 1693 1286 1744 expromenda?
1333 1706 1418 1746 quo
1454 1693 1496 1732 in
1526 1692 1698 1732 crimine
1728 1693 1901 1746 propin-

145 1767 250 1807 quus
283 1753 325 1793 C.
347 1752 503 1792 Rabirii
534 1752 690 1793 iudicio
723 1753 973 1801 clarissimo,
1008 1754 1051 1792 C.
1083 1753 1252 1801 Curius,
1284 1769 1358 1809 pro
1390 1755 1541 1795 virtute
1573 1768 1647 1795 sua
1678 1761 1741 1796 est
1769 1756 1899 1796 hone-

145 1816 325 1856 stissime
355 1815 575 1861 liberatus,
607 1815 696 1868 ipse
720 1829 815 1855 vero
846 1816 1036 1855 Rabirius
1068 1829 1152 1856 non
1184 1817 1306 1857 modo
1338 1818 1380 1856 in
1411 1818 1611 1857 iudicium
1640 1818 1791 1858 horum
1823 1817 1900 1858 cri·
1913 1826 1950 1854 25

144 1878 320 1924 minum,
361 1877 434 1916 sed
465 1890 516 1916 ne
549 1878 591 1916 in
623 1877 908 1917 tenuissimam
941 1878 1109 1931 quidem
1141 1879 1420 1932 suspicionem
1450 1880 1577 1919 verbo
1610 1885 1671 1920 est
1700 1893 1901 1932 umquam

144 1944 326 1980 vocatus.
387 1938 424 1978 8.
456 1940 518 1978 An
551 1939 600 1978 de
632 1940 786 1979 sororis
818 1937 901 1979 lilio
932 1940 1172 1993 diligentius
1204 1942 1543 1995 respondendum
1576 1944 1667 1982 est?
1700 1955 1822 1996 quem
1850 1943 1900 1982 ab

142 2002 221 2041 hoc-
261 2007 454 2041 necatum
495 2015 585 2042 esse
626 2001 788 2049 dixisti,
828 2016 920 2041 cum
952 2003 1003 2042 ad
1033 2003 1176 2042 iudicii
1208 2017 1367 2043 moram
1397 2004 1610 2045 familiaris
1641 2003 1797 2044 funeris
1829 2018 1901 2044 ex-

144 2064 302 2104 cusatio
335 2066 628 2116 quaereretur!
658 2064 766 2112 Quid
798 2065 907 2104 enim
939 2070 1002 2104 est
1032 2070 1113 2104 tam
1136 2066 1221 2105 veri
1245 2066 1400 2113 simile,
1433 2079 1557 2120 quam
1579 2067 1782 2107 cariorem
1802 2067 1901 2106 huic

143 2124 298 2165 sororis
330 2127 522 2165 maritum
554 2139 677 2179 quam
707 2127 860 2166 sororis
890 2127 1022 2166 filium
1047 2127 1205 2167 fuisse?
1238 2134 1362 2181 atque
1384 2129 1443 2167 ila
1464 2128 1689 2175 cariorem,
1722 2134 1767 2169 ut
1796 2129 1901 2168 alter
1915 2138 1950 2166 30

144 2187 226 2227 vita
256 2186 542 2227 crudelissime
571 2188 823 2240 privaretur,
859 2186 983 2242 [cum]
1017 2189 1135 2228 alteri
1168 2190 1219 2229 ad
1251 2190 1531 2242 prolationem
1562 2191 1707 2231 iudicii
1727 2191 1902 2231 biduum

145 2251 443 2302 quaereretur?
483 2251 546 2289 An
589 2250 639 2290 de
671 2251 799 2290 servis
832 2251 977 2291 alienis
1009 2256 1152 2291 contra
1182 2252 1316 2304 legem
1347 2252 1516 2292 Fabiam
1546 2253 1718 2292 retentis
1749 2258 1820 2292 aut
1850 2252 1900 2292 de

145 2312 303 2352 civibus
344 2312 539 2352 Romanis
580 2318 722 2353 contra
761 2313 896 2365 legem
926 2313 1113 2353 Porciam
1144 2313 1370 2353 verberatis
1402 2318 1474 2353 aut
1503 2314 1660 2354 necatis
1691 2313 1811 2367 plura
1840 2314 1902 2353 di-

145 2373 275 2414 cenda
305 2379 422 2421 sunt,
461 2387 553 2414 cum
583 2380 695 2415 tanto
727 2374 865 2415 studio
900 2375 942 2415 C.
973 2374 1168 2414 Rabirius
1200 2375 1327 2415 totius
1358 2375 1557 2428 Apuliae,
1598 2376 1797 2430 singulari
1828 2389 1899 2416 vo-

144 2435 303 2476 luntate
344 2435 576 2489 Campanae
619 2437 843 2477 vicinitatis
888 2439 1089 2476 ornetur?
1135 2450 1313 2490 cumque
1353 2437 1405 2477 ad
1445 2437 1534 2478 eius
1569 2438 1900 2491 propulsandum
1914 2448 1950 2477 35

230 2678 260 2709 4.
286 2677 406 2717 optimo
430 2685 498 2708 om.
525 2677 557 2707 S.
593 2694 626 2697 —
666 2677 696 2708 3.
724 2676 764 2707 ab
786 2677 834 2708 his
858 2676 958 2708 codd.
995 2695 1029 2698 —
1066 2678 1280 2709 5.i11lttaeisse
1304 2678 1438 2717 adgh.
1476 2695 1510 2699 —
1549 2678 1579 2709 7.
1607 2678 1719 2710 Rabiri
1742 2680 1830 2719 gin.
1860 2699 1895 2703 —

145 2728 176 2759 8.
202 2727 292 2758 salus
315 2726 435 2758 codd:
461 2729 490 2757 el
513 2726 602 2757 salus
625 2726 649 2756 O
674 2735 754 2757 cuni
780 2726 834 2757 ed.
861 2727 1006 2757 Iuntina.
1030 2744 1062 2747 —
1083 2727 1133 2757 42.
1160 2727 1338 2758 semihorae
1361 2727 1454 2767 ng:
1480 2735 1513 2758 Se
1528 2728 1686 2760 maiorem
1701 2728 1774 2760 rell.
1794 2730 1895 2770 Lagg.

147 2795 181 2799 —
208 2777 259 2808 43.
284 2776 444 2807 circulum
466 2777 509 2814 T,
543 2776 621 2807 cod.
648 2776 814 2806 Torrentii
840 2777 871 2806 et
896 2776 919 2806 L
946 2784 987 2806 ex
1013 2784 1078 2806 uno
1104 2784 1166 2807 suo
1191 2776 1330 2807 codice:
1363 2777 1565 2807 curriculum
1589 2778 1658 2808 mei
1683 2779 1715 2809 et
1741 2779 1785 2816 03
1811 2780 1897 2809 arli-

141 2826 251 2858 calum
274 2823 317 2855 al.
342 2823 430 2856 liber
452 2826 540 2857 teste
565 2826 756 2856 Torrentio.
777 2842 810 2846 -
837 2826 882 2855 ¹5
898 2826 1033 2864 patroni
1057 2826 1078 2856 S
1093 2824 1174 2865 fgl:
1195 2826 1288 2864 palri
1305 2824 1377 2856 rell.
1398 2827 1498 2866 Lagg.
1521 2844 1555 2848 -
1571 2828 1682 2866 partis
1704 2829 1774 2859 mei
1797 2837 1896 2869 prac-

144 2878 197 2908 ter
219 2875 241 2907 f.
274 2891 311 2897 -
348 2874 399 2905 117.
427 2875 470 2905 ad
493 2876 753 2914 conquerendum
777 2876 796 2905 Ξ)
821 2875 951 2906 Oxonn.
980 2876 1009 2913 (S
1023 2875 1076 2914 T):
1113 2883 1225 2906 verum
1258 2876 1302 2906 ad
1325 2884 1478 2914 conquer.
1505 2877 1525 2907 S
1551 2878 1583 2907 et
1608 2885 1647 2916 g,
1678 2879 1716 2909 ut
1738 2877 1892 2910 w'dctur:

99 2951 101 2954 ⁴
143 2927 187 2958 ad
209 2933 361 2964 conquer.
387 2933 463 2956 ‘cero
487 2924 614 2962 bcef;
641 2926 685 2957 ad
707 2934 858 2964 conquer.
884 2933 998 2955 cerum
1020 2925 1038 2955 8
1063 2923 1136 2956 rell.
1164 2925 1305 2964 Lagom.
1334 2942 1368 2946 —
1395 2933 1434 2955 ac
1458 2925 1598 2956 delubris
1621 2927 1656 2957 T.
1677 2943 1711 2947 —
1739 2926 1791 2957 49.
1818 2927 1896 2958 nihil

145 2979 223 3007 esset
245 2973 385 3010 fikln;
413 2975 491 3005 nihil
507 2991 554 2997 ——
570 2976 690 3007 dictum
713 2978 789 3006 esset
813 2974 890 3005 cod.
918 2974 1095 3005 Torrentii.
1123 2991 1157 2995 —-
1185 2975 1238 3005 020.
1265 2974 1421 3005 obiectum
1444 2983 1508 3006 esse
1531 2975 1551 3005 S
1566 2984 1583 3006 e
1598 2984 1650 3007 m:
1677 2983 1741 3005 esse
1764 2984 1833 3007 om.
1851 2976 1891 3011 k;

143 3026 300 3057 obiectum
329 3028 407 3057 esset
434 3023 506 3055 rell.
532 3025 648 3065 Lagg,
674 3025 693 3056 4.
717 3025 862 3061 Oxonu.‚
889 3023 967 3054 cod.
994 3024 1088 3054 Torr.
1117 3041 1150 3044 —
1178 3023 1230 3054 Ἣ.
1258 3024 1335 3062 quid
1358 3031 1436 3062 eque
1459 3025 1490 3054 S.
1521 3041 1555 3045 -
1582 3024 1633 3055 ⁰22.
1658 3024 1745 3063 facto
1769 3032 1894 3064 suspe-

145 3077 240 3107 ctum
263 3075 442 3107 Lambino.
463 3091 497 3094 —
525 3078 582 3105 aut
604 3076 656 3106 Se
671 3074 839 3115 ghiklz
854 3081 903 3113 1¹21:
931 3077 959 3105 et
982 3077 1039 3103 an!
1064 3073 1090 3113 f,
1117 3082 1160 3103 an
1185 3072 1264 3104 edd.
1284 3075 1318 3104 et
1342 3082 1359 3103 a
1375 3073 1397 3103 l)
1412 3082 1429 3104 c
1444 3073 1481 3111 d,
1508 3076 1545 3105 ut
1561 3074 1709 3105 videtur.
1737 3073 1786 3105 Cf.
1806 3074 1891 3105 infra

143 3133 175 3154 v.
194 3123 246 3155 3⁴2.
274 3141 309 3146 —-
335 3124 388 3156 023.
414 3124 636 3162 expromenda
659 3124 848 3155 Manutius:
874 3123 1087 3162 crprimenda
1113 3121 1213 3153 codd.
1242 3124 1275 3152 et
1299 3122 1335 3153 O.
1357 3139 1393 3144 —
1416 3124 1601 3162 propinquo
1624 3132 1672 3154 m.
1695 3141 1730 3145 —
1756 3121 1809 3154 ⁵24.
1828 3124 1891 3154 Ra—

145 3172 207 3203 biri
229 3173 248 3204 6
271 3174 374 3214 Lagg.
408 3192 442 3196 -—
478 3173 594 3204 Curius
621 3174 662 3205 T:
700 3174 830 3206 Curtius
861 3173 961 3204 codd.
992 3171 1065 3203 rell.
1095 3173 1178 3203 noti.
1214 3171 1263 3203 Cf.
1289 3180 1322 3212 p.
1349 3171 1432 3203 Rab.
1461 3174 1550 3204 Post.
1579 3173 1609 3213 g.
1637 3172 1667 3203 3.
1703 3172 1747 3212 (C.
1774 3172 1892 3204 Curius

144 3222 262 3254 iudicio
284 3223 464 3254 clarissimo
488 3223 538 3261 L.)
565 3241 600 3245 —-
626 3223 678 3255 28.
702 3223 836 3264 saneris]
858 3222 1016 3264 firmioris
1039 3222 1071 3252 5.
1100 3239 1134 3242 —4
1162 3221 1213 3252 31.
1238 3229 1312 3251 cam
1336 3220 1461 3252 delevit
1485 3221 1685 3253 Lambinus.
1714 3238 1748 3243 —-
1771 3221 1891 3261 proba-

144 3271 261 3302 tionem
283 3272 304 3303 S
329 3274 362 3304 et
385 3273 404 3304 5
429 3274 560 3304 Oxonn.
581 3289 615 3294 —
642 3273 694 3304 32.
720 3272 788 3313 aut]
812 3276 841 3304 ec
865 3272 942 3304 cod.
961 3273 999 3313 (2³)
1025 3271 1206 3303 Torrentii.
1232 3289 1267 3293 —-
1293 3271 1344 3302 35.
1372 3272 1561 3311 Campanae
1582 3272 1768 3304 Manutius:
1796 3273 1890 3305 Cam-

141 3321 264 3361 paniae
284 3321 386 3355 codd.
423 3323 496 3354 Hoc
520 3322 708 3354 retinentes
732 3322 878 3354 Beckjus
903 3323 937 3354 et
952 3319 1109 3354 wolffius
1133 3322 1308 3353 vicinitatis
1329 3321 1568 3354 inducendum
1591 3322 1885 3356 existimaverunt.
