2127 3708
562 191 660 258 ομ.
689 189 869 232 xxxm
884 210 938 222 -
952 189 1146 232 xxx1v.
1189 187 1263 242 §§·
1294 187 1348 228 90
1361 211 1415 220 -
1430 187 1497 232 95.
1849 185 1903 229 55

152 318 278 348 unam
308 317 518 361 quamque
548 316 658 351 rem,
688 307 736 343 ut
765 314 909 343 omnes
939 301 1175 355 intelligant
1203 314 1269 341 me
1300 313 1386 341 non
1416 301 1555 341 studio
1577 313 1794 350 accusare,
1825 300 1903 342 sed

153 365 290 409 officio
322 367 556 408 defendere.

263 429 459 470 XXXIII.
489 425 555 467 92.
586 425 718 467 Video
750 425 877 479 igitur
906 437 1053 466 causas
1085 438 1177 467 esse
1199 424 1450 479 permultas,
1482 437 1591 478 quae
1610 425 1736 465 istum
1755 424 1904 479 impel-

154 493 300 533 lerent.
346 492 573 532 Videamus
602 501 738 536 nunc,
770 501 928 542 ecquae
958 487 1132 529 facultas
1155 487 1412 541 suscipiendi
1433 484 1626 527 maleficii
1646 486 1782 528 fuerit.
1825 487 1903 528 Ubi

154 555 317 595 occisus
348 558 411 594 est
439 552 535 592 Sex.
565 550 770 590 Roscius?
817 551 985 590 Romae.
1046 549 1158 598 Quid
1189 556 1258 598 tu,
1288 550 1334 588 Τ.
1365 549 1520 589 Rosci?
1549 549 1622 589 ubi
1654 554 1752 589 tunc
1782 551 1935 590 eras‘25

153 617 334 657 Romae:
365 626 510 655 verum
541 611 642 666 quid
674 612 726 652 ad
756 613 873 651 rem?
905 617 945 652 et
974 611 1045 652 alii
1074 612 1208 652 multi.
1259 610 1391 660 Quasi
1420 611 1592 651 nuncid
1613 616 1777 664 agatur,
1809 612 1904 665 quis

153 692 207 719 ex
235 683 351 718 tanta
379 674 647 716 multitudine
678 674 900 722 occiderit,
930 687 978 714 ac
1007 687 1093 714 non
1122 674 1204 714 hoc
1234 677 1479 727 quaeratur,
1510 686 1624 722 eum,
1655 673 1728 727 qui
1748 673 1904 712 Romae

153 741 207 781 sit
245 738 428 785 occisus,
467 742 609 777 utrum
645 736 732 776 veri
774 736 951 776 similius
991 736 1045 776 sit
1084 736 1135 777 ab
1166 749 1214 776 eo
1247 748 1338 776 esse
1368 736 1575 783 occisum,
1607 735 1681 789 qui
1711 734 1905 775 assiduus

153 815 202 843 eo
233 807 420 853 tempore
451 800 606 839 Romae
635 797 782 846 fuerit,
821 811 875 838 an
905 798 957 838 ab
988 811 1060 846 eo,
1099 799 1173 852 qui
1209 798 1351 839 multis
1380 797 1500 838 annis
1531 798 1705 838 Romam
1736 797 1904 837 omnino

151 877 236 905 non
265 861 502 904 accesserit.
561 857 628 899 93.
658 861 768 913 Age,
798 873 910 900 nunc
940 865 1100 900 ceteras
1131 874 1302 915 quoque
1331 860 1550 901 facultates
1578 858 1954 900 consideremus.io

150 926 249 966 Erat
277 929 366 965 tum
395 922 618 964 multitudo
650 922 914 970 sicariorum,
945 921 987 962 id
1019 922 1133 976 quod
1165 923 1505 963 commemoravit
1529 922 1730 970 Erucius,
1762 926 1804 962 et
1830 920 1907 962 ho-

151 989 283 1028 mines
323 986 495 1039 impune
538 983 845 1024 occidebantur.
902 983 1043 1033 Quid‘?
1089 997 1138 1024 ea
1168 985 1391 1025 multitudo
1422 997 1532 1038 quae
1562 985 1682 1024 erat?
1733 983 1906 1037 Opinor,

151 1054 224 1091 aut
254 1061 418 1096 eorum,
450 1047 522 1102 qui
552 1047 595 1086 in
624 1046 747 1087 bonis
779 1052 896 1087 erant
927 1048 1139 1100 occupati,
1179 1053 1252 1088 aut
1280 1060 1448 1095 eorum,
1480 1047 1553 1100 qui
1583 1046 1634 1086 ab
1664 1046 1717 1086 iis
1748 1045 1907 1086 condu-

152 1112 370 1159 cebantur,
400 1115 446 1150 ut
475 1109 659 1163 aliquem
686 1108 937 1150 occiderent.
989 1109 1033 1148 Si
1064 1121 1135 1149 eos
1165 1114 1312 1162 putas,
1343 1109 1416 1162 qui
1436 1108 1621 1149 alienum
1641 1108 1906 1162 appetebant,

152 1179 198 1215 tu
228 1187 271 1215 es
301 1173 347 1214 in
378 1186 426 1213 eo
457 1184 655 1220 numer0,
686 1172 760 1225 qui
790 1177 933 1212 nostra
961 1172 1141 1225 pecunia
1172 1171 1289 1212 dives
1320 1185 1386 1220 es3
1431 1171 1496 1211 sin
1526 1184 1622 1219 eos,
1663 1183 1793 1224 quos,
1833 1169 1955 1224 quii5

151 1235 307 1277 leviore
336 1234 506 1275 nomine
535 1233 771 1287 appellant,
802 1247 1072 1287 percussores
1094 1239 1269 1282 vocant,
1302 1247 1479 1288 quaere,
1510 1233 1553 1273 in
1575 1232 1694 1273 cuius
1722 1230 1804 1273 fide
1825 1232 1910 1273 sint

153 1303 195 1339 et
223 1297 437 1339 clientela:
468 1296 570 1336 mihi
601 1295 744 1344 crede,
775 1296 959 1350 aliquem
981 1296 1032 1336 de
1054 1296 1254 1336 societate
1275 1301 1348 1337 tua
1366 1296 1575 1349 reperies;
1605 1299 1666 1343 et,
1698 1293 1908 1349 quidquid

152 1367 197 1402 tu
241 1365 385 1401 contra
424 1357 601 1407 dixeris,
647 1359 691 1398 id
731 1372 826 1399 cum
856 1358 1102 1399 defensione
1133 1363 1275 1398 nostra
1305 1357 1575 1398 contendito:
1619 1357 1679 1398 ita
1707 1356 1908 1397 facillime

152 1436 277 1464 causa
306 1423 402 1463 Sex.
432 1421 572 1462 Roscii
603 1435 698 1461 cum
727 1426 800 1462 tua
830 1420 1080 1462 conferetur.
1139 1418 1206 1460 94.
1237 1421 1381 1461 Dices:
1415 1420 1554 1468 «Quid
1573 1425 1741 1474 postea,
1773 1419 1808 1459 si
1826 1419 1908 1458 Ro-

151 1499 242 1527 mae
272 1484 466 1526 assiduus
495 1483 620 1524 fui?»
668 1484 974 1538 Respondebo:
1005 1484 1059 1523 At
1087 1496 1164 1537 ego
1196 1484 1366 1523 omnino
1396 1495 1482 1523 non
1501 1482 1578 1522 fui.
1630 1483 1812 1522 «Fateor
1840 1494 1907 1522 me
1920 1489 1957 1519 20

152 1554 356 1589 sectorem
387 1559 501 1595 esse;
531 1560 677 1587 verum
699 1551 740 1587 et
769 1547 840 1587 alii
870 1546 1031 1586 multi.»
1078 1547 1131 1586 At
1161 1559 1260 1600 ego,
1290 1551 1338 1586 ut
1357 1551 1446 1586 tute
1467 1545 1631 1598 arguis,
1661 1544 1847 1598 agricola
1867 1549 1909 1585 et

151 1612 347 1653 rusticus.
399 1610 517 1649 «Non
547 1610 770 1657 continuo,
802 1609 837 1649 si
867 1622 933 1649 me
956 1609 1000 1649 in
1021 1622 1187 1663 gregem
1209 1608 1456 1649 sicariorum
1478 1607 1658 1656 contuli,
1688 1620 1781 1647 sum
1802 1606 1908 1647 sica-

152 1674 278 1714 rius.»
323 1673 377 1713 At
406 1685 482 1725 ego
513 1671 723 1725 profecto,
757 1672 831 1726 qui
861 1685 915 1712 ne
944 1672 1045 1712 novi
1067 1672 1237 1726 quidem
1259 1683 1514 1726 quemquam
1535 1670 1753 1718 sicarium,
1782 1669 1909 1723 longe

153 1736 299 1777 absum
327 1735 379 1776 ab
410 1734 618 1775 eiusmodi
647 1735 834 1775 crimine.
892 1735 1102 1775 Permulta
1131 1739 1254 1782 sunt,
1293 1746 1403 1788 quae
1433 1733 1516 1774 dici
1544 1737 1746 1787 possunt,
1777 1745 1907 1787 quare

153 1799 411 1851 intelligatur
453 1810 657 1837 summam
701 1797 778 1837 tibi
815 1797 1055 1838 facultatem
1083 1797 1216 1837 fuisse
1246 1794 1441 1837 maleficii
1471 1796 1752 1850 suscipiendi,
1797 1800 1958 1850 quae25

155 1874 240 1901 non
269 1859 392 1899 modo
420 1858 577 1899 idcirco
606 1864 845 1912 praetereo,
876 1860 991 1914 quod
1020 1866 1062 1900 te
1089 1861 1229 1913 ipsum
1249 1873 1336 1900 non
1355 1859 1535 1900 libenter
1554 1871 1731 1907 accuSO,
1760 1870 1907 1899 verum

158 1936 206 1963 eo
237 1922 367 1975 magis
398 1920 543 1969 etiam,
584 1921 718 1974 quod,
763 1921 797 1962 si
828 1921 879 1961 de
908 1922 992 1962 illis
1023 1922 1222 1962 caedibus
1252 1921 1378 1962 velim
1408 1933 1759 1969 commemorare,
1797 1932 1907 1975 quae

156 1990 244 2026 tum
272 1983 406 2023 factae
427 1989 523 2023 sunt
548 1983 628 2024 ista
648 1983 793 2024 eadem
814 1984 996 2033 ratione,
1028 1997 1112 2038 qua
1142 1984 1237 2024 Sex.
1258 1983 1433 2024 Roscius
1462 1983 1625 2024 occisus
1646 1987 1731 2030 est,
1760 1995 1908 2024 vereor

154 2061 208 2089 ne
237 2045 289 2087 ad
319 2046 460 2099 plures
492 2047 625 2086 oratio
656 2059 748 2086 mea
777 2047 986 2099 pertinere
1015 2047 1218 2087 videatur.

264 2107 456 2148 XXXIV.
487 2106 553 2148 95.
584 2108 809 2149 Videamus
840 2122 951 2148 nunc
982 2109 1176 2157 strictim,
1207 2108 1316 2149 sicut
1341 2112 1500 2156 cetera,
1533 2120 1642 2162 quae
1671 2112 1768 2162 post
1797 2121 1906 2149 mor·
1918 2114 1957 2147 3ο

152 2177 237 2213 tem
267 2171 364 2211 Sex.
394 2170 533 2210 Roscii
563 2171 636 2211 abs
667 2176 729 2218 te,
760 2172 805 2210 T.
837 2172 979 2219 Rosci,
1009 2171 1119 2212 facta
1148 2176 1270 2220 sunt3
1302 2184 1411 2225 quae
1441 2171 1500 2211 ita
1530 2175 1675 2224 aperta
1705 2175 1747 2211 et
1774 2171 1907 2211 mani-

152 2234 258 2275 festa
296 2236 413 2279 sunt,
463 2237 507 2273 ut
540 2231 851 2280 mediusfidius,
893 2233 1074 2282 iudices,
1112 2234 1269 2274 invitus
1299 2246 1349 2274 ea
1377 2233 1526 2274 dicam.
1583 2234 1743 2274 Vereor
1773 2236 1907 2282 enim,

154 2294 407 2337 cuicuimodi
445 2308 510 2344 es,
556 2297 601 2335 T.
632 2296 776 2344 Rosci,
816 2309 869 2336 ne
908 2296 968 2336 ita
994 2296 1108 2337 hunc
1137 2296 1282 2337 xidear
1309 2295 1495 2336 voluisse
1526 2308 1715 2344 servare,
1755 2301 1803 2336 ut
1830 2297 1906 2337 tibi

155 2359 324 2408 omnino
353 2371 440 2399 non
468 2358 740 2412 pepercerim.
789 2357 892 2399 Cum
920 2358 1001 2399 hoc
1030 2372 1180 2399 vereor
1208 2364 1250 2399 et
1279 2359 1404 2412 cupio
1434 2359 1511 2399 tibi
1537 2358 1681 2413 aliqua
1701 2371 1754 2399 ex
1773 2364 1907 2413 parte,

155 2422 270 2477 quod
289 2421 403 2462 salva
422 2418 504 2461 fide
523 2421 707 2475 possim,
736 2434 927 2475 parcere,
956 2435 1101 2463 rursus
1124 2421 1301 2462 immuto
1323 2421 1583 2462 voluntatem
1603 2434 1760 2463 meam:
1791 2423 1958 2465 venit35

242 2570 274 2603 3.
299 2579 364 2603 esse
385 2578 505 2602 causas
529 2571 564 2601 G.
594 2587 628 2591 —
654 2569 685 2602 4.
711 2578 832 2610 ecquae
856 2578 895 2602 c:
932 2573 962 2602 et
984 2579 1069 2610 quae
1092 2570 1250 2609 GMva,
1275 2570 1295 2602 5
1320 2570 1423 2608 Oxx.;
1459 2578 1564 2609 ecqua
1586 2570 1624 2603 Ο.
1652 2588 1688 2593 -
1712 2571 1909 2612 suspiciendi

156 2622 194 2654 G.
223 2638 258 2643 —
283 2620 315 2652 5.
341 2623 376 2652 tu
399 2620 433 2652 T.
458 2619 551 2652 Rosci
575 2620 622 2651 G:
657 2629 726 2652 om.
754 2620 787 2652 T.
813 2619 915 2652 codd.
940 2619 1013 2652 rell.
1040 2621 1113 2652 noti
1136 2621 1171 2652 et
1194 2619 1275 2652 edd.
1309 2638 1346 2642 —
1379 2620 1409 2652 6.
1435 2620 1514 2660 quid
1536 2620 1581 2652 ad
1601 2620 1682 2663 rem]
1707 2622 1787 2661 quid
1807 2622 1842 2653 id
1864 2622 1909 2654 ad

153 2680 224 2704 rem
245 2670 335 2702 coni.
359 2670 460 2708 Ern.;
491 2671 524 2702 at
546 2679 578 2701 ν.
604 2679 638 2711 p.
664 2671 764 2703 Rosc
792 2671 890 2702 Com.
917 2669 947 2710 S.
973 2669 1036 2702 34:
1069 2670 1245 2703 Praeclare
1271 2678 1368 2702 suum
1395 2671 1560 2712 neyotium
1586 2672 1683 2712 qessit
1703 2672 1836 2704 Roscius
1854 2689 1908 2696 --

155 2721 233 2762 quid
259 2721 304 2752 ad
329 2719 387 2753 te?
423 2736 458 2742 —
495 2720 591 2761 nunc]
622 2729 684 2752 non
716 2720 803 2760 GM,
841 2719 906 2752 sed
934 2720 968 2751 in
998 2719 1051 2751 Ma
1082 2728 1169 2752 nunc
1192 2728 1270 2762 sup.
1295 2718 1354 2751 lin.
1383 2738 1419 2743 —
1445 2721 1477 2752 7.
1503 2729 1544 2752 ac
1565 2720 1642 2762 non]
1666 2730 1778 2753 annon
1801 2723 1838 2753 G.
1867 2739 1903 2745 -

153 2771 186 2803 8.
210 2773 323 2802 utrum
345 2778 415 2802 om.
441 2777 471 2802 c.
501 2788 536 2793 —
568 2769 620 2801 40.
654 2773 778 2802 ceteras
813 2778 939 2809 quoque
959 2769 1074 2810 facult.
1100 2778 1139 2809 V,
1176 2770 1215 2801 ut
1238 2771 1353 2801 Garat.
1377 2770 1410 2801 2.
1436 2771 1471 2802 et
1492 2771 1635 2803 Weiske
1659 2772 1906 2804 coniecerunt:

153 2823 212 2854 cet.
233 2819 348 2861 facult.
374 2828 501 2860 quoque
521 2820 555 2852 M
568 2820 593 2851 Ο
606 2828 626 2851 a
639 2828 681 2859 c,
714 2819 816 2852 codd.
842 2820 913 2851 noti
937 2818 1012 2861 (aye
1033 2819 1119 2852 inter
1140 2822 1242 2852 tetras
1262 2819 1440 2860 facultates
1460 2829 1588 2860 quoque
1608 2821 1833 2853 consideratus
1855 2821 1907 2861 G).

157 2887 194 2893 -
219 2869 271 2902 43.
295 2869 331 2901 in
353 2869 442 2902 bonis
463 2869 578 2902 alienis
600 2877 697 2910 susp.
724 2868 844 2901 Lamb.
872 2886 909 2892 —
943 2872 1003 2900 aut
1029 2877 1142 2901 corum
1164 2887 1216 2892 --
1237 2873 1274 2901 ut
1302 2877 1371 2901 om.
1396 2870 1462 2902 ΜΞ).
1490 2888 1527 2893 —
1559 2869 1612 2903 44.
1643 2870 1838 2911 adpetebant
1859 2872 1906 2909 G;

156 2923 345 2960 appeterent
366 2921 407 2953 H.
434 2937 469 2943 —
503 2920 556 2951 45.
588 2919 615 2950 si
646 2928 699 2951 eos
721 2928 741 2951 a
769 2919 848 2960 (sit-e
871 2919 987 2950 ostrios
1009 2919 1156 2959 appellas
1179 2919 1236 2958 qui
1259 2919 1373 2951 leviori
1394 2919 1525 2952 nomine
1541 2928 1752 2960 percussores
1770 2924 1910 2953 vocatur

155 2970 205 3010 G).
233 2986 267 2991 -—
295 2969 347 3001 47.
373 2969 443 3012 tua]
468 2973 505 3002 tu
527 2978 559 3001 v,
589 2987 622 2991 —
651 2970 806 3009 quicquid
828 2969 861 3001 M
874 2976 973 3000 vac.
994 2984 1029 2990 —
1057 2969 1109 3001 48.
1136 2969 1308 3010 defendito.
1343 2969 1395 3001 Ita
1407 2969 1505 3010 facile
1519 2979 1552 3001 v,
1574 2987 1610 2992 —
1635 2971 1689 3002 ⁶20.
1712 2970 1908 3011 respondebo

155 3027 226 3051 om.
250 3019 292 3051 H.
327 3036 362 3041 —
393 3018 445 3052 24.
481 3019 665 3051 huiusmodi
692 3028 726 3051 v.
755 3037 790 3042 —
816 3019 869 3050 ⁶25.
895 3018 952 3050 tibi
980 3018 1078 3059 fuisse
1102 3019 1215 3060 facult.
1244 3020 1292 3055 G;
1326 3019 1392 3060 fac.
1419 3019 1476 3051 tibi
1496 3019 1596 3060 fuisse
1617 3028 1650 3051 v.
1679 3038 1714 3042 —
1739 3020 1792 3053 28.
1815 3021 1910 3061 facta

154 3068 273 3101 MCv.
300 3085 338 3091 —
364 3072 438 3100 sunt
460 3069 496 3101 in
518 3069 582 3100 ista
606 3070 643 3100 G.
672 3087 707 3091 —
732 3069 861 3101 ratione
883 3076 952 3100 om.
979 3069 1018 3100 G.
1045 3086 1080 3091 —
1107 3069 1160 3101 32.
1184 3077 1299 3101 vereor
1323 3069 1410 3101 enim
1425 3077 1495 3101 om.
1515 3070 1552 3100 G.
1573 3087 1608 3091 —
1635 3068 1688 3101 33.
1712 3070 1910 3102 cuicuimodi

155 3118 180 3149 L
204 3119 239 3149 et
260 3118 368 3151 Prisc.
384 3119 471 3150 XIII.
497 3118 528 3158 3,
547 3118 600 3150 44.
626 3127 658 3160 p.
679 3119 742 3151 565
763 3119 839 3150 Kr.:
867 3117 1070 3158 quiquimodi
1092 3118 1180 3157 GM,
1206 3117 1227 3150 4
1243 3119 1341 3157 Oxx„
1365 3117 1462 3158 Pall.‚
1487 3119 1583 3151 Parr.
1601 3117 1789 3158 meliores;
1815 3120 1909 3160 quic-

156 3167 322 3207 quidmodi
343 3174 398 3209 ψ;
425 3168 504 3208 quin
525 3168 706 3200 cuiusmodi
728 3177 779 3201 va
804 3167 880 3209 (sed
903 3176 946 3198 v:
973 3169 1116 3209 eiusm.);
1155 3177 1256 3208 quum
1278 3168 1435 3200 eiusmodi
1457 3169 1500 3207 T·,
1524 3169 1678 3209 cuiusque
1699 3170 1788 3201 modi
1810 3178 1840 3202 c.
1869 3186 1904 3192 —

156 3225 189 3249 es
212 3217 246 3250 T.
268 3218 363 3250 Rosci
385 3218 476 3251 CH:
500 3221 546 3250 est
567 3218 662 3250 Rosci
685 3219 883 3259 (ὶδχψν,
909 3216 1004 3257 Pall.‚
1030 3218 1132 3250 codd.
1158 3218 1347 3256 Prisciani;
1384 3221 1430 3251 est
1453 3218 1558 3251 Roscii
1581 3219 1622 3256 T;
1655 3228 1689 3251 es
1709 3220 1803 3253 Rosci
1825 3220 1905 3258 Lc;

157 3269 203 3299 est
222 3267 355 3300 Roscius
375 3268 409 3300 M
419 3276 450 3299 a.
479 3285 515 3291 —-
538 3267 589 3299 ita
611 3276 680 3300 om.
698 3269 743 3300 M.
772 3266 890 3309 (habet
912 3267 1032 3308 Prisc.)
1053 3286 1089 3291 —
1112 3268 1250 3301 voluisse
1273 3277 1344 3301 om.
1370 3268 1472 3301 codd.
1491 3268 1668 3301 Prisciani.
1690 3287 1725 3292 —
1750 3268 1804 3303 34.
1827 3269 1908 3302 haec

156 3324 192 3349 v.
218 3334 254 3340 —
279 3319 309 3351 et
330 3325 401 3350 om.
426 3318 465 3351 G.
492 3335 528 3342 —
554 3317 607 3352 35.
632 3317 729 3360 quod]
753 3317 864 3359 quoad
886 3325 984 3360 susp.
1009 3318 1065 3352 Or.
1089 3318 1121 3351 2.
