<?xml version="1.0" encoding="UTF-8"?>
<!DOCTYPE html PUBLIC "-//W3C//DTD XHTML 1.0 Transitional//EN"
    "http://www.w3.org/TR/xhtml1/DTD/xhtml1-transitional.dtd">
<html xmlns="http://www.w3.org/1999/xhtml" xml:lang="en" lang="en">
 <head>
  <title>
</title>
<meta http-equiv="Content-Type" content="text/html;charset=utf-8" />
  <meta name='ocr-system' content='tesseract 3.04.00' />
  <meta name='ocr-capabilities' content='ocr_page ocr_carea ocr_par ocr_line ocrx_word'/>
</head>
<body>
  <div class='ocr_page' id='page_1' title='image "./p1operaquaesupersu02ciceuoft_0395.png"; bbox 0 0 2143 3713; ppageno 0'>
   <div class='ocr_carea' id='block_1_1' title="bbox 578 257 1893 314">
    <p class='ocr_par' dir='ltr' id='par_1_1' title="bbox 578 257 1893 314">
     <span class='ocr_line' id='line_1_1' title="bbox 578 257 1893 314; baseline -0.003 -11"><span class='ocrx_word' id='word_1_1' title='bbox 578 264 665 303; x_wconf 84' lang='lat' dir='ltr'>Lu3.</span> <span class='ocrx_word' id='word_1_2' title='bbox 698 262 764 301; x_wconf 89' lang='lat' dir='ltr'>lv.</span> <span class='ocrx_word' id='word_1_3' title='bbox 808 260 902 300; x_wconf 56' lang='lat' dir='ltr'>Ciu».</span> <span class='ocrx_word' id='word_1_4' title='bbox 936 261 1097 301; x_wconf 88' lang='lat' dir='ltr'>LXVII.</span> <span class='ocrx_word' id='word_1_5' title='bbox 1140 260 1183 314; x_wconf 66' lang='lat' dir='ltr'>S.</span> <span class='ocrx_word' id='word_1_6' title='bbox 1215 257 1461 301; x_wconf 69' lang='grc'>’148-151,</span> <span class='ocrx_word' id='word_1_7' title='bbox 1813 257 1893 300; x_wconf 87' lang='grc'>379</span> 
     </span>
    </p>
   </div>
   <div class='ocr_carea' id='block_1_2' title="bbox 144 372 1946 1856">
    <p class='ocr_par' dir='ltr' id='par_1_2' title="bbox 144 372 1946 1856">
     <span class='ocr_line' id='line_1_2' title="bbox 153 372 1893 427; baseline -0.001 -13"><span class='ocrx_word' id='word_1_8' title='bbox 153 380 294 421; x_wconf 90' lang='lat' dir='ltr'>erunt,</span> <span class='ocrx_word' id='word_1_9' title='bbox 342 374 439 414; x_wconf 89' lang='lat' dir='ltr'>mihi</span> <span class='ocrx_word' id='word_1_10' title='bbox 481 374 611 427; x_wconf 86' lang='lat' dir='ltr'>parati</span> <span class='ocrx_word' id='word_1_11' title='bbox 652 372 734 412; x_wconf 91' lang='lat' dir='ltr'>sint</span> <span class='ocrx_word' id='word_1_12' title='bbox 772 372 1036 424; x_wconf 88' lang='lat' dir='ltr'>respondere.</span> <span class='ocrx_word' id='word_1_13' title='bbox 1095 373 1152 412; x_wconf 79' lang='lat' dir='ltr'>Ac</span> <span class='ocrx_word' id='word_1_14' title='bbox 1191 385 1242 411; x_wconf 92' lang='lat' dir='ltr'>ne</span> <span class='ocrx_word' id='word_1_15' title='bbox 1282 372 1419 411; x_wconf 90' lang='lat' dir='ltr'>subito</span> <span class='ocrx_word' id='word_1_16' title='bbox 1451 386 1474 412; x_wconf 90' lang='lat' dir='ltr'>a</span> <span class='ocrx_word' id='word_1_17' title='bbox 1504 386 1566 412; x_wconf 90' lang='lat' dir='ltr'>me</span> <span class='ocrx_word' id='word_1_18' title='bbox 1597 374 1893 426; x_wconf 84' lang='lat' dir='ltr'>opprimantur,</span> 
     </span>
     <span class='ocr_line' id='line_1_3' title="bbox 150 434 1893 489; baseline -0.001 -13"><span class='ocrx_word' id='word_1_19' title='bbox 150 437 252 476; x_wconf 85' lang='lat' dir='ltr'>haec</span> <span class='ocrx_word' id='word_1_20' title='bbox 296 451 386 476; x_wconf 84' lang='lat' dir='ltr'>sum</span> <span class='ocrx_word' id='word_1_21' title='bbox 432 441 668 489; x_wconf 80' lang='lat' dir='ltr'>rogaturus:</span> <span class='ocrx_word' id='word_1_22' title='bbox 715 435 868 473; x_wconf 84' lang='lat' dir='ltr'>Navem</span> <span class='ocrx_word' id='word_1_23' title='bbox 912 435 1065 487; x_wconf 89' lang='lat' dir='ltr'>populo</span> <span class='ocrx_word' id='word_1_24' title='bbox 1105 435 1288 473; x_wconf 84' lang='lat' dir='ltr'>Romano</span> <span class='ocrx_word' id='word_1_25' title='bbox 1321 434 1579 473; x_wconf 77' lang='lat' dir='ltr'>debeantne‘?</span> <span class='ocrx_word' id='word_1_26' title='bbox 1628 436 1893 475; x_wconf 88' lang='lat' dir='ltr'>Fatehuntur.</span> 
     </span>
     <span class='ocr_line' id='line_1_4' title="bbox 152 495 1894 550; baseline -0.002 -12"><span class='ocrx_word' id='word_1_27' title='bbox 152 498 470 538; x_wconf 75' lang='lat' dir='ltr'>praebuerintne</span> <span class='ocrx_word' id='word_1_28' title='bbox 501 501 687 550; x_wconf 88' lang='lat' dir='ltr'>praetore</span> <span class='ocrx_word' id='word_1_29' title='bbox 720 495 761 535; x_wconf 89' lang='lat' dir='ltr'>C.</span> <span class='ocrx_word' id='word_1_30' title='bbox 794 496 952 534; x_wconf 77' lang='lat' dir='ltr'>Verre?</span> <span class='ocrx_word' id='word_1_31' title='bbox 996 496 1225 548; x_wconf 79' lang='lat' dir='ltr'>Negabunt.</span> <span class='ocrx_word' id='word_1_32' title='bbox 1271 496 1589 536; x_wconf 74' lang='lat' dir='ltr'>Aedificarintne</span> <span class='ocrx_word' id='word_1_33' title='bbox 1620 510 1764 537; x_wconf 86' lang='lat' dir='ltr'>navem</span> <span class='ocrx_word' id='word_1_34' title='bbox 1796 510 1894 535; x_wconf 89' lang='lat' dir='ltr'>one-</span> 
     </span>
     <span class='ocr_line' id='line_1_5' title="bbox 152 557 1893 612; baseline -0.001 -13"><span class='ocrx_word' id='word_1_35' title='bbox 152 561 299 600; x_wconf 91' lang='lat' dir='ltr'>rariam</span> <span class='ocrx_word' id='word_1_36' title='bbox 332 560 547 599; x_wconf 81' lang='lat' dir='ltr'>maximam</span> <span class='ocrx_word' id='word_1_37' title='bbox 576 557 760 610; x_wconf 89' lang='lat' dir='ltr'>publice,</span> <span class='ocrx_word' id='word_1_38' title='bbox 807 572 929 610; x_wconf 85' lang='lat' dir='ltr'>quam</span> <span class='ocrx_word' id='word_1_39' title='bbox 962 559 1079 598; x_wconf 83' lang='lat' dir='ltr'>Verri</span> <span class='ocrx_word' id='word_1_40' title='bbox 1111 558 1344 597; x_wconf 72' lang='lat' dir='ltr'>dederunt?</span> <span class='ocrx_word' id='word_1_41' title='bbox 1390 559 1547 610; x_wconf 75' lang='lat' dir='ltr'>Negare</span> <span class='ocrx_word' id='word_1_42' title='bbox 1578 572 1659 598; x_wconf 89' lang='lat' dir='ltr'>non</span> <span class='ocrx_word' id='word_1_43' title='bbox 1691 564 1893 612; x_wconf 91' lang='lat' dir='ltr'>poterunt.</span> 
     </span>
     <span class='ocr_line' id='line_1_6' title="bbox 151 620 1926 672; baseline -0.001 -10"><span class='ocrx_word' id='word_1_44' title='bbox 151 623 413 662; x_wconf 81' lang='lat' dir='ltr'>Frumentum</span> <span class='ocrx_word' id='word_1_45' title='bbox 446 621 495 661; x_wconf 88' lang='lat' dir='ltr'>ab</span> <span class='ocrx_word' id='word_1_46' title='bbox 526 621 575 660; x_wconf 93' lang='lat' dir='ltr'>iis</span> <span class='ocrx_word' id='word_1_47' title='bbox 599 620 876 672; x_wconf 72' lang='lat' dir='ltr'><strong>sumpseritne</strong></span> <span class='ocrx_word' id='word_1_48' title='bbox 901 620 942 659; x_wconf 91' lang='lat' dir='ltr'>C.</span> <span class='ocrx_word' id='word_1_49' title='bbox 965 622 1126 666; x_wconf 85' lang='lat' dir='ltr'>Verres,</span> <span class='ocrx_word' id='word_1_50' title='bbox 1158 620 1268 672; x_wconf 91' lang='lat' dir='ltr'>quod</span> <span class='ocrx_word' id='word_1_51' title='bbox 1300 620 1455 672; x_wconf 92' lang='lat' dir='ltr'>populo</span> <span class='ocrx_word' id='word_1_52' title='bbox 1487 621 1670 660; x_wconf 89' lang='lat' dir='ltr'>Romano</span> <span class='ocrx_word' id='word_1_53' title='bbox 1702 621 1926 671; x_wconf 76' lang='lat' dir='ltr'>mitteret‚5</span> 
     </span>
     <span class='ocr_line' id='line_1_7' title="bbox 152 682 1893 736; baseline -0.001 -12"><span class='ocrx_word' id='word_1_54' title='bbox 152 684 269 724; x_wconf 89' lang='lat' dir='ltr'>sicuti</span> <span class='ocrx_word' id='word_1_55' title='bbox 301 684 563 736; x_wconf 76' lang='lat' dir='ltr'>superiores?</span> <span class='ocrx_word' id='word_1_56' title='bbox 606 682 835 734; x_wconf 84' lang='lat' dir='ltr'>Negabunt.</span> <span class='ocrx_word' id='word_1_57' title='bbox 883 682 991 730; x_wconf 87' lang='lat' dir='ltr'><strong>Quid</strong></span> <span class='ocrx_word' id='word_1_58' title='bbox 1026 683 1198 721; x_wconf 90' lang='lat' dir='ltr'>militum</span> <span class='ocrx_word' id='word_1_59' title='bbox 1230 687 1300 721; x_wconf 91' lang='lat' dir='ltr'>aut</span> <span class='ocrx_word' id='word_1_60' title='bbox 1331 687 1545 721; x_wconf 89' lang='lat' dir='ltr'>nautarum</span> <span class='ocrx_word' id='word_1_61' title='bbox 1579 696 1651 735; x_wconf 89' lang='lat' dir='ltr'>per</span> <span class='ocrx_word' id='word_1_62' title='bbox 1671 683 1893 722; x_wconf 88' lang='lat' dir='ltr'>triennium</span> 
     </span>
     <span class='ocr_line' id='line_1_8' title="bbox 152 744 1891 786; baseline -0.001 -1"><span class='ocrx_word' id='word_1_63' title='bbox 152 746 367 786; x_wconf 80' lang='lat' dir='ltr'>dederint?</span> <span class='ocrx_word' id='word_1_64' title='bbox 418 744 584 784; x_wconf 83' lang='lat' dir='ltr'>Nullum</span> <span class='ocrx_word' id='word_1_65' title='bbox 616 744 755 783; x_wconf 90' lang='lat' dir='ltr'>datum</span> <span class='ocrx_word' id='word_1_66' title='bbox 797 744 945 783; x_wconf 86' lang='lat' dir='ltr'>dicent.</span> <span class='ocrx_word' id='word_1_67' title='bbox 1004 744 1148 783; x_wconf 84' lang='lat' dir='ltr'>Fuisse</span> <span class='ocrx_word' id='word_1_68' title='bbox 1181 744 1413 783; x_wconf 84' lang='lat' dir='ltr'>Messanam</span> <span class='ocrx_word' id='word_1_69' title='bbox 1445 744 1627 784; x_wconf 89' lang='lat' dir='ltr'>omnium</span> <span class='ocrx_word' id='word_1_70' title='bbox 1659 744 1778 784; x_wconf 89' lang='lat' dir='ltr'>istius</span> <span class='ocrx_word' id='word_1_71' title='bbox 1809 744 1891 783; x_wconf 79' lang='lat' dir='ltr'>fur-</span> 
     </span>
     <span class='ocr_line' id='line_1_9' title="bbox 152 806 1894 860; baseline -0.001 -13"><span class='ocrx_word' id='word_1_72' title='bbox 152 814 284 847; x_wconf 90' lang='lat' dir='ltr'>torum</span> <span class='ocrx_word' id='word_1_73' title='bbox 315 821 361 847; x_wconf 87' lang='lat' dir='ltr'>ac</span> <span class='ocrx_word' id='word_1_74' title='bbox 398 806 639 860; x_wconf 89' lang='lat' dir='ltr'>praedarum</span> <span class='ocrx_word' id='word_1_75' title='bbox 672 807 932 859; x_wconf 80' lang='lat' dir='ltr'>receptricem</span> <span class='ocrx_word' id='word_1_76' title='bbox 964 819 1113 859; x_wconf 84' lang='lat' dir='ltr'>negare</span> <span class='ocrx_word' id='word_1_77' title='bbox 1146 819 1229 844; x_wconf 93' lang='lat' dir='ltr'>non</span> <span class='ocrx_word' id='word_1_78' title='bbox 1259 811 1476 858; x_wconf 89' lang='lat' dir='ltr'>poterunt:</span> <span class='ocrx_word' id='word_1_79' title='bbox 1523 806 1724 858; x_wconf 87' lang='lat' dir='ltr'>permulta</span> <span class='ocrx_word' id='word_1_80' title='bbox 1755 806 1894 845; x_wconf 75' lang='lat' dir='ltr'>multis</span> 
     </span>
     <span class='ocr_line' id='line_1_10' title="bbox 151 867 1894 920; baseline -0.001 -11"><span class='ocrx_word' id='word_1_81' title='bbox 151 870 323 909; x_wconf 88' lang='lat' dir='ltr'>navibus</span> <span class='ocrx_word' id='word_1_82' title='bbox 362 868 474 908; x_wconf 88' lang='lat' dir='ltr'>illinc</span> <span class='ocrx_word' id='word_1_83' title='bbox 513 873 747 920; x_wconf 84' lang='lat' dir='ltr'>exportata,</span> <span class='ocrx_word' id='word_1_84' title='bbox 787 867 892 907; x_wconf 86' lang='lat' dir='ltr'>hanc</span> <span class='ocrx_word' id='word_1_85' title='bbox 932 881 1076 908; x_wconf 88' lang='lat' dir='ltr'>navem</span> <span class='ocrx_word' id='word_1_86' title='bbox 1118 868 1299 920; x_wconf 88' lang='lat' dir='ltr'>denique</span> <span class='ocrx_word' id='word_1_87' title='bbox 1336 868 1556 907; x_wconf 82' lang='lat' dir='ltr'>maximam</span> <span class='ocrx_word' id='word_1_88' title='bbox 1588 881 1610 907; x_wconf 92' lang='lat' dir='ltr'>a</span> <span class='ocrx_word' id='word_1_89' title='bbox 1641 868 1894 908; x_wconf 88' lang='lat' dir='ltr'>Mamertinis</span> 
     </span>
     <span class='ocr_line' id='line_1_11' title="bbox 151 926 1944 982; baseline -0.002 -11"><span class='ocrx_word' id='word_1_90' title='bbox 151 932 307 978; x_wconf 87' lang='lat' dir='ltr'>datam,</span> <span class='ocrx_word' id='word_1_91' title='bbox 339 936 524 971; x_wconf 86' lang='lat' dir='ltr'>onustam</span> <span class='ocrx_word' id='word_1_92' title='bbox 556 943 648 969; x_wconf 91' lang='lat' dir='ltr'>cum</span> <span class='ocrx_word' id='word_1_93' title='bbox 681 930 758 969; x_wconf 89' lang='lat' dir='ltr'>isto</span> <span class='ocrx_word' id='word_1_94' title='bbox 790 930 1015 982; x_wconf 86' lang='lat' dir='ltr'>profectam</span> <span class='ocrx_word' id='word_1_95' title='bbox 1046 929 1296 969; x_wconf 88' lang='lat' dir='ltr'>fatebuntur.</span> <span class='ocrx_word' id='word_1_96' title='bbox 1357 926 1449 969; x_wconf 58' lang='lat'>1151.</span> <span class='ocrx_word' id='word_1_97' title='bbox 1483 930 1614 979; x_wconf 88' lang='lat' dir='ltr'>Quam</span> <span class='ocrx_word' id='word_1_98' title='bbox 1638 932 1689 970; x_wconf 93' lang='lat' dir='ltr'>ob</span> <span class='ocrx_word' id='word_1_99' title='bbox 1712 944 1796 970; x_wconf 89' lang='lat' dir='ltr'>rem</span> <span class='ocrx_word' id='word_1_100' title='bbox 1819 929 1944 970; x_wconf 68' lang='lat' dir='ltr'>tibilo</span> 
     </span>
     <span class='ocr_line' id='line_1_12' title="bbox 149 992 1896 1047; baseline -0.001 -13"><span class='ocrx_word' id='word_1_101' title='bbox 149 995 255 1035; x_wconf 83' lang='lat' dir='ltr'>habe</span> <span class='ocrx_word' id='word_1_102' title='bbox 286 1006 383 1032; x_wconf 90' lang='lat' dir='ltr'>sane</span> <span class='ocrx_word' id='word_1_103' title='bbox 416 993 533 1031; x_wconf 91' lang='lat' dir='ltr'>istam</span> <span class='ocrx_word' id='word_1_104' title='bbox 556 992 834 1032; x_wconf 85' lang='lat' dir='ltr'>laudationem</span> <span class='ocrx_word' id='word_1_105' title='bbox 866 993 1228 1032; x_wconf 87' lang='lat' dir='ltr'>Mamertinorum:</span> <span class='ocrx_word' id='word_1_106' title='bbox 1267 992 1565 1046; x_wconf 76' lang='lat' dir='ltr'>Syracusanam</span> <span class='ocrx_word' id='word_1_107' title='bbox 1597 993 1764 1047; x_wconf 93' lang='lat' dir='ltr'>quidem</span> <span class='ocrx_word' id='word_1_108' title='bbox 1795 993 1896 1032; x_wconf 87' lang='lat' dir='ltr'>civi-</span> 
     </span>
     <span class='ocr_line' id='line_1_13' title="bbox 150 1054 1895 1109; baseline -0.001 -13"><span class='ocrx_word' id='word_1_109' title='bbox 150 1062 296 1103; x_wconf 88' lang='lat' dir='ltr'>tatem,</span> <span class='ocrx_word' id='word_1_110' title='bbox 328 1060 373 1094; x_wconf 85' lang='lat' dir='ltr'>ut</span> <span class='ocrx_word' id='word_1_111' title='bbox 403 1054 473 1094; x_wconf 89' lang='lat' dir='ltr'>abs</span> <span class='ocrx_word' id='word_1_112' title='bbox 505 1060 542 1093; x_wconf 93' lang='lat' dir='ltr'>te</span> <span class='ocrx_word' id='word_1_113' title='bbox 574 1056 719 1093; x_wconf 84' lang='lat' dir='ltr'>ass&#39;ecta</span> <span class='ocrx_word' id='word_1_114' title='bbox 742 1060 824 1101; x_wconf 89' lang='lat' dir='ltr'>est,</span> <span class='ocrx_word' id='word_1_115' title='bbox 857 1055 912 1094; x_wconf 89' lang='lat' dir='ltr'>ita</span> <span class='ocrx_word' id='word_1_116' title='bbox 933 1055 974 1093; x_wconf 92' lang='lat' dir='ltr'>in</span> <span class='ocrx_word' id='word_1_117' title='bbox 1004 1060 1042 1094; x_wconf 87' lang='lat' dir='ltr'>te</span> <span class='ocrx_word' id='word_1_118' title='bbox 1065 1067 1155 1094; x_wconf 88' lang='lat' dir='ltr'>esse</span> <span class='ocrx_word' id='word_1_119' title='bbox 1177 1054 1398 1094; x_wconf 88' lang='lat' dir='ltr'>animatam</span> <span class='ocrx_word' id='word_1_120' title='bbox 1419 1055 1628 1103; x_wconf 83' lang='lat' dir='ltr'>videmus,</span> <span class='ocrx_word' id='word_1_121' title='bbox 1659 1055 1767 1109; x_wconf 89' lang='lat' dir='ltr'>apud</span> <span class='ocrx_word' id='word_1_122' title='bbox 1790 1067 1895 1108; x_wconf 88' lang='lat' dir='ltr'>quos</span> 
     </span>
     <span class='ocr_line' id='line_1_14' title="bbox 150 1116 1896 1169; baseline 0 -12"><span class='ocrx_word' id='word_1_123' title='bbox 150 1117 271 1157; x_wconf 90' lang='lat' dir='ltr'>etiam</span> <span class='ocrx_word' id='word_1_124' title='bbox 304 1116 447 1156; x_wconf 89' lang='lat' dir='ltr'>Verria</span> <span class='ocrx_word' id='word_1_125' title='bbox 477 1116 547 1155; x_wconf 90' lang='lat' dir='ltr'>illa</span> <span class='ocrx_word' id='word_1_126' title='bbox 578 1116 783 1169; x_wconf 85' lang='lat' dir='ltr'>flagitiosa</span> <span class='ocrx_word' id='word_1_127' title='bbox 813 1117 974 1156; x_wconf 88' lang='lat' dir='ltr'>sublata</span> <span class='ocrx_word' id='word_1_128' title='bbox 1004 1121 1111 1156; x_wconf 88' lang='lat' dir='ltr'>sunt.</span> <span class='ocrx_word' id='word_1_129' title='bbox 1161 1116 1325 1156; x_wconf 84' lang='lat' dir='ltr'>Etenim</span> <span class='ocrx_word' id='word_1_130' title='bbox 1356 1117 1525 1157; x_wconf 91' lang='lat' dir='ltr'>minime</span> <span class='ocrx_word' id='word_1_131' title='bbox 1557 1117 1827 1157; x_wconf 85' lang='lat' dir='ltr'>conveniebat</span> <span class='ocrx_word' id='word_1_132' title='bbox 1859 1119 1896 1157; x_wconf 88' lang='lat' dir='ltr'>ei</span> 
     </span>
     <span class='ocr_line' id='line_1_15' title="bbox 149 1178 1896 1231; baseline -0.001 -12"><span class='ocrx_word' id='word_1_133' title='bbox 149 1180 318 1219; x_wconf 90' lang='lat' dir='ltr'>deorum</span> <span class='ocrx_word' id='word_1_134' title='bbox 357 1178 534 1218; x_wconf 87' lang='lat' dir='ltr'>honores</span> <span class='ocrx_word' id='word_1_135' title='bbox 573 1178 738 1225; x_wconf 88' lang='lat' dir='ltr'>haberi,</span> <span class='ocrx_word' id='word_1_136' title='bbox 783 1179 854 1231; x_wconf 93' lang='lat' dir='ltr'>qui</span> <span class='ocrx_word' id='word_1_137' title='bbox 886 1179 1103 1218; x_wconf 91' lang='lat' dir='ltr'>simulacra</span> <span class='ocrx_word' id='word_1_138' title='bbox 1135 1179 1305 1218; x_wconf 90' lang='lat' dir='ltr'>deorum</span> <span class='ocrx_word' id='word_1_139' title='bbox 1336 1179 1583 1219; x_wconf 90' lang='lat' dir='ltr'>abstulisset.</span> <span class='ocrx_word' id='word_1_140' title='bbox 1641 1179 1774 1219; x_wconf 87' lang='lat' dir='ltr'>Etiam</span> <span class='ocrx_word' id='word_1_141' title='bbox 1805 1178 1896 1218; x_wconf 89' lang='lat' dir='ltr'>her-</span> 
     </span>
     <span class='ocr_line' id='line_1_16' title="bbox 148 1241 1946 1294; baseline -0.001 -13"><span class='ocrx_word' id='word_1_142' title='bbox 148 1242 238 1282; x_wconf 90' lang='lat' dir='ltr'>cule</span> <span class='ocrx_word' id='word_1_143' title='bbox 269 1241 370 1280; x_wconf 90' lang='lat' dir='ltr'>illud</span> <span class='ocrx_word' id='word_1_144' title='bbox 402 1241 443 1280; x_wconf 92' lang='lat' dir='ltr'>in</span> <span class='ocrx_word' id='word_1_145' title='bbox 478 1241 748 1294; x_wconf 82' lang='lat' dir='ltr'>Syracusanis</span> <span class='ocrx_word' id='word_1_146' title='bbox 780 1241 926 1280; x_wconf 90' lang='lat' dir='ltr'>merito</span> <span class='ocrx_word' id='word_1_147' title='bbox 956 1241 1350 1294; x_wconf 86' lang='lat' dir='ltr'>reprehenderetur,</span> <span class='ocrx_word' id='word_1_148' title='bbox 1392 1241 1449 1288; x_wconf 92' lang='lat' dir='ltr'>si,</span> <span class='ocrx_word' id='word_1_149' title='bbox 1481 1254 1573 1280; x_wconf 91' lang='lat' dir='ltr'>cum</span> <span class='ocrx_word' id='word_1_150' title='bbox 1605 1241 1711 1281; x_wconf 89' lang='lat' dir='ltr'>diem</span> <span class='ocrx_word' id='word_1_151' title='bbox 1742 1241 1946 1281; x_wconf 66' lang='lat' dir='ltr'>festumls</span> 
     </span>
     <span class='ocr_line' id='line_1_17' title="bbox 147 1302 1895 1356; baseline -0.001 -13"><span class='ocrx_word' id='word_1_152' title='bbox 147 1304 338 1343; x_wconf 92' lang='lat' dir='ltr'>ludorum</span> <span class='ocrx_word' id='word_1_153' title='bbox 370 1303 420 1342; x_wconf 90' lang='lat' dir='ltr'>de</span> <span class='ocrx_word' id='word_1_154' title='bbox 450 1302 566 1342; x_wconf 90' lang='lat' dir='ltr'>fastis</span> <span class='ocrx_word' id='word_1_155' title='bbox 598 1303 681 1343; x_wconf 86' lang='lat' dir='ltr'>suis</span> <span class='ocrx_word' id='word_1_156' title='bbox 713 1303 976 1343; x_wconf 88' lang='lat' dir='ltr'>sustulissent</span> <span class='ocrx_word' id='word_1_157' title='bbox 1006 1303 1318 1342; x_wconf 89' lang='lat' dir='ltr'>celeberrimum</span> <span class='ocrx_word' id='word_1_158' title='bbox 1350 1308 1390 1342; x_wconf 90' lang='lat' dir='ltr'>et</span> <span class='ocrx_word' id='word_1_159' title='bbox 1419 1304 1743 1351; x_wconf 86' lang='lat' dir='ltr'>sanctissimum,</span> <span class='ocrx_word' id='word_1_160' title='bbox 1782 1302 1895 1356; x_wconf 92' lang='lat' dir='ltr'>quod</span> 
     </span>
     <span class='ocr_line' id='line_1_18' title="bbox 147 1365 1895 1420; baseline 0 -16"><span class='ocrx_word' id='word_1_161' title='bbox 147 1378 195 1404; x_wconf 90' lang='lat' dir='ltr'>eo</span> <span class='ocrx_word' id='word_1_162' title='bbox 227 1365 316 1418; x_wconf 92' lang='lat' dir='ltr'>ipso</span> <span class='ocrx_word' id='word_1_163' title='bbox 349 1366 414 1406; x_wconf 90' lang='lat' dir='ltr'>die</span> <span class='ocrx_word' id='word_1_164' title='bbox 437 1366 660 1419; x_wconf 78' lang='lat' dir='ltr'>Syracusae</span> <span class='ocrx_word' id='word_1_165' title='bbox 684 1379 708 1405; x_wconf 86' lang='lat' dir='ltr'>a</span> <span class='ocrx_word' id='word_1_166' title='bbox 729 1366 924 1405; x_wconf 90' lang='lat' dir='ltr'>Marcello</span> <span class='ocrx_word' id='word_1_167' title='bbox 947 1372 1088 1420; x_wconf 88' lang='lat' dir='ltr'>captae</span> <span class='ocrx_word' id='word_1_168' title='bbox 1110 1380 1202 1405; x_wconf 88' lang='lat' dir='ltr'>esse</span> <span class='ocrx_word' id='word_1_169' title='bbox 1225 1365 1435 1413; x_wconf 90' lang='lat' dir='ltr'>dicuntur,</span> <span class='ocrx_word' id='word_1_170' title='bbox 1468 1366 1592 1406; x_wconf 91' lang='lat' dir='ltr'>iidem</span> <span class='ocrx_word' id='word_1_171' title='bbox 1615 1366 1724 1405; x_wconf 90' lang='lat' dir='ltr'>diem</span> <span class='ocrx_word' id='word_1_172' title='bbox 1744 1365 1895 1405; x_wconf 89' lang='lat' dir='ltr'>festum</span> 
     </span>
     <span class='ocr_line' id='line_1_19' title="bbox 146 1427 1895 1482; baseline 0 -16"><span class='ocrx_word' id='word_1_173' title='bbox 146 1428 285 1466; x_wconf 89' lang='lat' dir='ltr'>Verris</span> <span class='ocrx_word' id='word_1_174' title='bbox 326 1429 491 1467; x_wconf 87' lang='lat' dir='ltr'>nomine</span> <span class='ocrx_word' id='word_1_175' title='bbox 528 1432 718 1480; x_wconf 85' lang='lat' dir='ltr'>agerent,</span> <span class='ocrx_word' id='word_1_176' title='bbox 760 1441 852 1467; x_wconf 91' lang='lat' dir='ltr'>cum</span> <span class='ocrx_word' id='word_1_177' title='bbox 894 1428 971 1468; x_wconf 91' lang='lat' dir='ltr'>iste</span> <span class='ocrx_word' id='word_1_178' title='bbox 1002 1442 1025 1468; x_wconf 92' lang='lat' dir='ltr'>a</span> <span class='ocrx_word' id='word_1_179' title='bbox 1057 1427 1350 1482; x_wconf 76' lang='lat' dir='ltr'>Syracusanis,</span> <span class='ocrx_word' id='word_1_180' title='bbox 1394 1441 1501 1482; x_wconf 90' lang='lat' dir='ltr'>quae</span> <span class='ocrx_word' id='word_1_181' title='bbox 1533 1429 1600 1468; x_wconf 89' lang='lat' dir='ltr'>ille</span> <span class='ocrx_word' id='word_1_182' title='bbox 1632 1428 1895 1468; x_wconf 88' lang='lat' dir='ltr'>calamitosus</span> 
     </span>
     <span class='ocr_line' id='line_1_20' title="bbox 146 1489 1897 1544; baseline -0.001 -15"><span class='ocrx_word' id='word_1_183' title='bbox 146 1490 235 1529; x_wconf 88' lang='lat' dir='ltr'>dies</span> <span class='ocrx_word' id='word_1_184' title='bbox 266 1491 512 1544; x_wconf 85' lang='lat' dir='ltr'>reliquerat,</span> <span class='ocrx_word' id='word_1_185' title='bbox 545 1489 781 1530; x_wconf 85' lang='lat' dir='ltr'>ademisset.</span> <span class='ocrx_word' id='word_1_186' title='bbox 834 1492 888 1532; x_wconf 83' lang='lat' dir='ltr'>Ac</span> <span class='ocrx_word' id='word_1_187' title='bbox 920 1490 1057 1530; x_wconf 84' lang='lat' dir='ltr'>videte</span> <span class='ocrx_word' id='word_1_188' title='bbox 1088 1490 1267 1530; x_wconf 87' lang='lat' dir='ltr'>hominis</span> <span class='ocrx_word' id='word_1_189' title='bbox 1300 1491 1598 1544; x_wconf 88' lang='lat' dir='ltr'>impudentiam</span> <span class='ocrx_word' id='word_1_190' title='bbox 1629 1495 1754 1544; x_wconf 90' lang='lat' dir='ltr'>atque</span> <span class='ocrx_word' id='word_1_191' title='bbox 1784 1501 1897 1529; x_wconf 87' lang='lat' dir='ltr'>arro-</span> 
     </span>
     <span class='ocr_line' id='line_1_21' title="bbox 146 1551 1945 1606; baseline -0.002 -14"><span class='ocrx_word' id='word_1_192' title='bbox 146 1552 348 1606; x_wconf 86' lang='lat' dir='ltr'>gantiam,</span> <span class='ocrx_word' id='word_1_193' title='bbox 381 1552 561 1599; x_wconf 89' lang='lat' dir='ltr'>iudices,</span> <span class='ocrx_word' id='word_1_194' title='bbox 602 1553 674 1606; x_wconf 90' lang='lat' dir='ltr'>qui</span> <span class='ocrx_word' id='word_1_195' title='bbox 705 1566 789 1592; x_wconf 92' lang='lat' dir='ltr'>non</span> <span class='ocrx_word' id='word_1_196' title='bbox 821 1553 953 1592; x_wconf 89' lang='lat' dir='ltr'>solum</span> <span class='ocrx_word' id='word_1_197' title='bbox 984 1553 1128 1593; x_wconf 88' lang='lat' dir='ltr'>Verria</span> <span class='ocrx_word' id='word_1_198' title='bbox 1156 1553 1258 1592; x_wconf 88' lang='lat' dir='ltr'>haec</span> <span class='ocrx_word' id='word_1_199' title='bbox 1289 1553 1424 1606; x_wconf 87' lang='lat' dir='ltr'>turpia</span> <span class='ocrx_word' id='word_1_200' title='bbox 1453 1566 1499 1592; x_wconf 86' lang='lat' dir='ltr'>ac</span> <span class='ocrx_word' id='word_1_201' title='bbox 1528 1552 1703 1593; x_wconf 87' lang='lat' dir='ltr'>ridicula</span> <span class='ocrx_word' id='word_1_202' title='bbox 1733 1565 1785 1592; x_wconf 75' lang='lat' dir='ltr'>ex</span> <span class='ocrx_word' id='word_1_203' title='bbox 1814 1551 1896 1590; x_wconf 92' lang='lat' dir='ltr'>He-</span> <span class='ocrx_word' id='word_1_204' title='bbox 1910 1561 1945 1590; x_wconf 78' lang='lat'>20</span> 
     </span>
     <span class='ocr_line' id='line_1_22' title="bbox 144 1612 1893 1669; baseline -0.001 -15"><span class='ocrx_word' id='word_1_205' title='bbox 144 1614 259 1654; x_wconf 88' lang='lat' dir='ltr'>raclii</span> <span class='ocrx_word' id='word_1_206' title='bbox 290 1615 467 1669; x_wconf 89' lang='lat' dir='ltr'>pecunia</span> <span class='ocrx_word' id='word_1_207' title='bbox 497 1615 774 1662; x_wconf 86' lang='lat' dir='ltr'>constituerit,</span> <span class='ocrx_word' id='word_1_208' title='bbox 815 1628 957 1654; x_wconf 76' lang='lat' dir='ltr'>verum</span> <span class='ocrx_word' id='word_1_209' title='bbox 999 1616 1122 1655; x_wconf 87' lang='lat' dir='ltr'>etiam</span> <span class='ocrx_word' id='word_1_210' title='bbox 1152 1615 1363 1654; x_wconf 86' lang='lat' dir='ltr'>Marcellia</span> <span class='ocrx_word' id='word_1_211' title='bbox 1392 1615 1480 1655; x_wconf 89' lang='lat' dir='ltr'>tolli</span> <span class='ocrx_word' id='word_1_212' title='bbox 1511 1615 1743 1669; x_wconf 89' lang='lat' dir='ltr'>imperarit,</span> <span class='ocrx_word' id='word_1_213' title='bbox 1782 1620 1827 1653; x_wconf 93' lang='lat' dir='ltr'>ut</span> <span class='ocrx_word' id='word_1_214' title='bbox 1857 1612 1893 1652; x_wconf 90' lang='lat' dir='ltr'>ei</span> 
     </span>
     <span class='ocr_line' id='line_1_23' title="bbox 145 1676 1894 1731; baseline -0.001 -15"><span class='ocrx_word' id='word_1_215' title='bbox 145 1689 259 1716; x_wconf 89' lang='lat' dir='ltr'>sacra</span> <span class='ocrx_word' id='word_1_216' title='bbox 297 1677 478 1717; x_wconf 84' lang='lat' dir='ltr'>facerent</span> <span class='ocrx_word' id='word_1_217' title='bbox 516 1678 761 1731; x_wconf 84' lang='lat' dir='ltr'>quotannis,</span> <span class='ocrx_word' id='word_1_218' title='bbox 805 1678 920 1717; x_wconf 90' lang='lat' dir='ltr'>cuius</span> <span class='ocrx_word' id='word_1_219' title='bbox 961 1690 1088 1730; x_wconf 91' lang='lat' dir='ltr'>opera</span> <span class='ocrx_word' id='word_1_220' title='bbox 1118 1677 1300 1717; x_wconf 89' lang='lat' dir='ltr'>omnium</span> <span class='ocrx_word' id='word_1_221' title='bbox 1332 1690 1535 1716; x_wconf 91' lang='lat' dir='ltr'>annorum</span> <span class='ocrx_word' id='word_1_222' title='bbox 1567 1690 1681 1717; x_wconf 88' lang='lat' dir='ltr'>sacra</span> <span class='ocrx_word' id='word_1_223' title='bbox 1711 1676 1894 1730; x_wconf 90' lang='lat' dir='ltr'>deosque</span> 
     </span>
     <span class='ocr_line' id='line_1_24' title="bbox 145 1738 1895 1794; baseline 0.001 -16"><span class='ocrx_word' id='word_1_224' title='bbox 145 1739 300 1792; x_wconf 88' lang='lat' dir='ltr'>patrios</span> <span class='ocrx_word' id='word_1_225' title='bbox 342 1740 582 1787; x_wconf 85' lang='lat' dir='ltr'>amiserant3</span> <span class='ocrx_word' id='word_1_226' title='bbox 627 1740 714 1779; x_wconf 90' lang='lat' dir='ltr'>eius</span> <span class='ocrx_word' id='word_1_227' title='bbox 755 1746 892 1780; x_wconf 89' lang='lat' dir='ltr'>autem</span> <span class='ocrx_word' id='word_1_228' title='bbox 923 1739 1104 1780; x_wconf 87' lang='lat' dir='ltr'>familiae</span> <span class='ocrx_word' id='word_1_229' title='bbox 1136 1740 1224 1779; x_wconf 89' lang='lat' dir='ltr'>dies</span> <span class='ocrx_word' id='word_1_230' title='bbox 1254 1738 1381 1779; x_wconf 87' lang='lat' dir='ltr'>festos</span> <span class='ocrx_word' id='word_1_231' title='bbox 1412 1739 1628 1787; x_wconf 86' lang='lat' dir='ltr'>tollerent,</span> <span class='ocrx_word' id='word_1_232' title='bbox 1666 1753 1741 1794; x_wconf 91' lang='lat' dir='ltr'>per</span> <span class='ocrx_word' id='word_1_233' title='bbox 1771 1752 1895 1794; x_wconf 90' lang='lat' dir='ltr'>quam</span> 
     </span>
     <span class='ocr_line' id='line_1_25' title="bbox 147 1801 1118 1856; baseline 0 -15"><span class='ocrx_word' id='word_1_234' title='bbox 147 1806 303 1842; x_wconf 88' lang='lat' dir='ltr'>ceteros</span> <span class='ocrx_word' id='word_1_235' title='bbox 336 1815 505 1856; x_wconf 89' lang='lat' dir='ltr'>quoque</span> <span class='ocrx_word' id='word_1_236' title='bbox 535 1801 665 1841; x_wconf 86' lang='lat' dir='ltr'>festos</span> <span class='ocrx_word' id='word_1_237' title='bbox 697 1803 786 1842; x_wconf 90' lang='lat' dir='ltr'>dies</span> <span class='ocrx_word' id='word_1_238' title='bbox 816 1806 1118 1855; x_wconf 88' lang='lat' dir='ltr'>recuperarant.</span> 
     </span>
    </p>
   </div>
   <div class='ocr_carea' id='block_1_3' title="bbox 232 1969 1895 2020">
    <p class='ocr_par' dir='ltr' id='par_1_3' title="bbox 232 1969 1895 2020">
     <span class='ocr_line' id='line_1_26' title="bbox 232 1969 1895 2020; baseline 0.001 -10"><span class='ocrx_word' id='word_1_239' title='bbox 232 1980 262 2011; x_wconf 57' lang='lat'>4,</span> <span class='ocrx_word' id='word_1_240' title='bbox 296 1987 336 2010; x_wconf 84' lang='lat' dir='ltr'>ac</span> <span class='ocrx_word' id='word_1_241' title='bbox 363 1988 431 2011; x_wconf 88' lang='lat' dir='ltr'>om.</span> <span class='ocrx_word' id='word_1_242' title='bbox 464 1978 548 2011; x_wconf 83' lang='lat' dir='ltr'>dett.</span> <span class='ocrx_word' id='word_1_243' title='bbox 585 1996 619 2001; x_wconf 93' lang='lat'><em>-</em></span> <span class='ocrx_word' id='word_1_244' title='bbox 657 1979 793 2019; x_wconf 79' lang='lat' dir='ltr'>obprim.</span> <span class='ocrx_word' id='word_1_245' title='bbox 824 1980 860 2011; x_wconf 89' lang='lat' dir='ltr'>R.</span> <span class='ocrx_word' id='word_1_246' title='bbox 895 1996 929 2002; x_wconf 92' lang='lat'>—</span> <span class='ocrx_word' id='word_1_247' title='bbox 967 1980 999 2011; x_wconf 75' lang='lat'>⁶2.</span> <span class='ocrx_word' id='word_1_248' title='bbox 1021 1989 1098 2019; x_wconf 83' lang='lat' dir='ltr'>pop.</span> <span class='ocrx_word' id='word_1_249' title='bbox 1125 1979 1229 2020; x_wconf 80' lang='lat' dir='ltr'>Rom]</span> <span class='ocrx_word' id='word_1_250' title='bbox 1254 1969 1343 2011; x_wconf 55' lang='grc' dir='ltr'>ᾖ.</span> <span class='ocrx_word' id='word_1_251' title='bbox 1369 1980 1411 2017; x_wconf 84' lang='lat' dir='ltr'>R;</span> <span class='ocrx_word' id='word_1_252' title='bbox 1444 1980 1595 2019; x_wconf 77' lang='lat' dir='ltr'>praetori</span> <span class='ocrx_word' id='word_1_253' title='bbox 1617 1978 1713 2012; x_wconf 59' lang='lat' dir='ltr'>2G3.</span> <span class='ocrx_word' id='word_1_254' title='bbox 1746 1980 1836 2020; x_wconf 84' lang='lat' dir='ltr'>(nam</span> <span class='ocrx_word' id='word_1_255' title='bbox 1861 1981 1895 2012; x_wconf 91' lang='lat' dir='ltr'>in</span> 
     </span>
    </p>
   </div>
   <div class='ocr_carea' id='block_1_4' title="bbox 142 2032 1896 2245">
    <p class='ocr_par' dir='ltr' id='par_1_4' title="bbox 142 2032 1896 2245">
     <span class='ocr_line' id='line_1_27' title="bbox 885 2032 945 2046; baseline 0 0"><span class='ocrx_word' id='word_1_256' title='bbox 885 2032 898 2046; x_wconf 77' lang='lat'><strong>0</strong></span> <span class='ocrx_word' id='word_1_257' title='bbox 932 2033 945 2046; x_wconf 84' lang='grc'><strong>0</strong></span> 
     </span>
     <span class='ocr_line' id='line_1_28' title="bbox 147 2052 1892 2094; baseline 0.001 -8"><span class='ocrx_word' id='word_1_258' title='bbox 147 2053 224 2086; x_wconf 91' lang='lat' dir='ltr'>cod.</span> <span class='ocrx_word' id='word_1_259' title='bbox 249 2055 332 2094; x_wconf 82' lang='lat' dir='ltr'>Reg.</span> <span class='ocrx_word' id='word_1_260' title='bbox 356 2055 390 2084; x_wconf 87' lang='lat' dir='ltr'>P.</span> <span class='ocrx_word' id='word_1_261' title='bbox 417 2054 453 2085; x_wconf 82' lang='lat' dir='ltr'>R.</span> <span class='ocrx_word' id='word_1_262' title='bbox 479 2052 669 2093; x_wconf 80' lang='lat' dir='ltr'>significat:</span> <span class='ocrx_word' id='word_1_263' title='bbox 697 2057 850 2093; x_wconf 78' lang='lat' dir='ltr'>praetor,</span> <span class='ocrx_word' id='word_1_264' title='bbox 875 2055 908 2085; x_wconf 86' lang='grc' dir='ltr'>Ρ.</span> <span class='ocrx_word' id='word_1_265' title='bbox 927 2055 962 2086; x_wconf 66' lang='lat' dir='ltr'>st.</span> <span class='ocrx_word' id='word_1_266' title='bbox 984 2065 1014 2075; x_wconf 79' lang='lat'>==</span> <span class='ocrx_word' id='word_1_267' title='bbox 1037 2054 1178 2094; x_wconf 82' lang='lat' dir='ltr'>populus</span> <span class='ocrx_word' id='word_1_268' title='bbox 1194 2055 1282 2085; x_wconf 82' lang='lat' dir='ltr'>Rom.</span> <span class='ocrx_word' id='word_1_269' title='bbox 1301 2061 1451 2093; x_wconf 85' lang='lat' dir='ltr'>raroque</span> <span class='ocrx_word' id='word_1_270' title='bbox 1468 2054 1501 2085; x_wconf 90' lang='lat' dir='ltr'>in</span> <span class='ocrx_word' id='word_1_271' title='bbox 1522 2054 1588 2085; x_wconf 89' lang='lat' dir='ltr'>hoc</span> <span class='ocrx_word' id='word_1_272' title='bbox 1605 2054 1738 2092; x_wconf 86' lang='lat' dir='ltr'>codice,</span> <span class='ocrx_word' id='word_1_273' title='bbox 1764 2056 1801 2086; x_wconf 89' lang='lat' dir='ltr'>ut</span> <span class='ocrx_word' id='word_1_274' title='bbox 1817 2055 1851 2086; x_wconf 95' lang='lat' dir='ltr'>h.</span> <span class='ocrx_word' id='word_1_275' title='bbox 1870 2054 1892 2087; x_wconf 90' lang='lat' dir='ltr'>l.</span> 
     </span>
     <span class='ocr_line' id='line_1_29' title="bbox 146 2103 1896 2147; baseline 0.001 -12"><span class='ocrx_word' id='word_1_276' title='bbox 146 2104 275 2136; x_wconf 81' lang='lat' dir='ltr'>factum</span> <span class='ocrx_word' id='word_1_277' title='bbox 301 2104 371 2140; x_wconf 80' lang='lat' dir='ltr'>est,</span> <span class='ocrx_word' id='word_1_278' title='bbox 397 2103 474 2147; x_wconf 54' lang='lat' dir='ltr'>hae·</span> <span class='ocrx_word' id='word_1_279' title='bbox 488 2105 588 2134; x_wconf 85' lang='lat' dir='ltr'>notae</span> <span class='ocrx_word' id='word_1_280' title='bbox 614 2104 896 2143; x_wconf 85' lang='lat' dir='ltr'>commutantur.)</span> <span class='ocrx_word' id='word_1_281' title='bbox 922 2104 1031 2136; x_wconf 86' lang='lat' dir='ltr'>Codd.</span> <span class='ocrx_word' id='word_1_282' title='bbox 1058 2104 1141 2136; x_wconf 80' lang='lat' dir='ltr'>dett.</span> <span class='ocrx_word' id='word_1_283' title='bbox 1168 2112 1236 2135; x_wconf 90' lang='lat' dir='ltr'>om.</span> <span class='ocrx_word' id='word_1_284' title='bbox 1263 2104 1296 2135; x_wconf 88' lang='lat' dir='ltr'>h.</span> <span class='ocrx_word' id='word_1_285' title='bbox 1319 2112 1394 2135; x_wconf 67' lang='lat' dir='ltr'>voc.</span> <span class='ocrx_word' id='word_1_286' title='bbox 1423 2103 1467 2144; x_wconf 87' lang='lat' dir='ltr'>[Si</span> <span class='ocrx_word' id='word_1_287' title='bbox 1490 2104 1524 2136; x_wconf 91' lang='lat' dir='ltr'>in</span> <span class='ocrx_word' id='word_1_288' title='bbox 1548 2105 1571 2136; x_wconf 87' lang='lat' dir='ltr'><strong>R</strong></span> <span class='ocrx_word' id='word_1_289' title='bbox 1597 2113 1704 2146; x_wconf 90' lang='lat' dir='ltr'>super</span> <span class='ocrx_word' id='word_1_290' title='bbox 1724 2106 1758 2136; x_wconf 89' lang='lat' dir='ltr'>P.</span> <span class='ocrx_word' id='word_1_291' title='bbox 1778 2105 1814 2136; x_wconf 86' lang='lat' dir='ltr'>R.</span> <span class='ocrx_word' id='word_1_292' title='bbox 1841 2104 1896 2136; x_wconf 85' lang='lat' dir='ltr'>lit-</span> 
     </span>
     <span class='ocr_line' id='line_1_30' title="bbox 144 2152 1894 2195; baseline 0.001 -10"><span class='ocrx_word' id='word_1_293' title='bbox 144 2156 218 2185; x_wconf 84' lang='lat' dir='ltr'>tera</span> <span class='ocrx_word' id='word_1_294' title='bbox 243 2163 261 2184; x_wconf 91' lang='lat'><em>0</em></span> <span class='ocrx_word' id='word_1_295' title='bbox 284 2152 338 2184; x_wconf 76' lang='lat' dir='ltr'>vel</span> <span class='ocrx_word' id='word_1_296' title='bbox 362 2153 373 2183; x_wconf 80' lang='lat' dir='ltr'>i</span> <span class='ocrx_word' id='word_1_297' title='bbox 397 2153 631 2193; x_wconf 84' lang='lat' dir='ltr'>superscripta</span> <span class='ocrx_word' id='word_1_298' title='bbox 651 2154 714 2187; x_wconf 83' lang='lat' dir='ltr'>est.</span> <span class='ocrx_word' id='word_1_299' title='bbox 740 2152 946 2193; x_wconf 81' lang='lat' dir='ltr'>plerumque</span> <span class='ocrx_word' id='word_1_300' title='bbox 965 2162 1066 2185; x_wconf 88' lang='lat' dir='ltr'>casus</span> <span class='ocrx_word' id='word_1_301' title='bbox 1083 2154 1279 2185; x_wconf 88' lang='lat' dir='ltr'>terminatio</span> <span class='ocrx_word' id='word_1_302' title='bbox 1295 2153 1522 2193; x_wconf 78' lang='lat' dir='ltr'>significatur,</span> <span class='ocrx_word' id='word_1_303' title='bbox 1551 2163 1662 2194; x_wconf 87' lang='lat' dir='ltr'>eaque</span> <span class='ocrx_word' id='word_1_304' title='bbox 1680 2155 1894 2195; x_wconf 82' lang='lat' dir='ltr'>significatio,</span> 
     </span>
     <span class='ocr_line' id='line_1_31' title="bbox 142 2202 1896 2245; baseline 0.001 -11"><span class='ocrx_word' id='word_1_305' title='bbox 142 2204 181 2234; x_wconf 85' lang='lat' dir='ltr'>ut</span> <span class='ocrx_word' id='word_1_306' title='bbox 202 2203 390 2234; x_wconf 87' lang='lat' dir='ltr'>Bursianus</span> <span class='ocrx_word' id='word_1_307' title='bbox 415 2203 577 2241; x_wconf 85' lang='lat' dir='ltr'>testatur,</span> <span class='ocrx_word' id='word_1_308' title='bbox 604 2202 675 2234; x_wconf 84' lang='lat' dir='ltr'>fere</span> <span class='ocrx_word' id='word_1_309' title='bbox 700 2211 806 2234; x_wconf 84' lang='lat' dir='ltr'>manu</span> <span class='ocrx_word' id='word_1_310' title='bbox 830 2203 983 2234; x_wconf 84' lang='lat' dir='ltr'>secunda</span> <span class='ocrx_word' id='word_1_311' title='bbox 1001 2203 1117 2235; x_wconf 84' lang='lat' dir='ltr'>addita</span> <span class='ocrx_word' id='word_1_312' title='bbox 1134 2205 1198 2235; x_wconf 89' lang='lat' dir='ltr'>est.</span> <span class='ocrx_word' id='word_1_313' title='bbox 1224 2203 1345 2244; x_wconf 51' lang='grc' dir='ltr'>ΗΜΛ]</span> <span class='ocrx_word' id='word_1_314' title='bbox 1365 2220 1400 2224; x_wconf 91' lang='grc'><strong>-</strong></span> <span class='ocrx_word' id='word_1_315' title='bbox 1425 2202 1615 2243; x_wconf 74' lang='lat' dir='ltr'>fatebantur</span> <span class='ocrx_word' id='word_1_316' title='bbox 1630 2205 1679 2236; x_wconf 86' lang='lat' dir='ltr'>sic</span> <span class='ocrx_word' id='word_1_317' title='bbox 1697 2205 1738 2242; x_wconf 82' lang='lat' dir='ltr'>R;</span> <span class='ocrx_word' id='word_1_318' title='bbox 1762 2205 1896 2245; x_wconf 82' lang='lat' dir='ltr'>fatean-</span> 
     </span>
    </p>
   </div>
   <div class='ocr_carea' id='block_1_5' title="bbox 140 2263 1896 2805">
    <p class='ocr_par' dir='ltr' id='par_1_5' title="bbox 140 2263 1896 2805">
     <span class='ocr_line' id='line_1_32' title="bbox 142 2263 1893 2307; baseline 0.002 -12"><span class='ocrx_word' id='word_1_319' title='bbox 142 2268 197 2296; x_wconf 75' lang='lat' dir='ltr'>tur</span> <span class='ocrx_word' id='word_1_320' title='bbox 221 2266 285 2303; x_wconf 54' lang='grc' dir='ltr'>(ΞΗ</span> <span class='ocrx_word' id='word_1_321' title='bbox 311 2265 526 2298; x_wconf 70' lang='lat' dir='ltr'>conficiantur</span> <span class='ocrx_word' id='word_1_322' title='bbox 550 2263 632 2301; x_wconf 85' lang='lat' dir='ltr'>Ld.;</span> <span class='ocrx_word' id='word_1_323' title='bbox 658 2265 874 2304; x_wconf 74' lang='lat' dir='ltr'>confiteantur</span> <span class='ocrx_word' id='word_1_324' title='bbox 899 2265 956 2296; x_wconf 73' lang='grc' dir='ltr'>ΟΞ.</span> <span class='ocrx_word' id='word_1_325' title='bbox 985 2283 1019 2287; x_wconf 71' lang='lat'>—</span> <span class='ocrx_word' id='word_1_326' title='bbox 1048 2265 1078 2297; x_wconf 89' lang='lat'>3.</span> <span class='ocrx_word' id='word_1_327' title='bbox 1105 2265 1389 2305; x_wconf 75' lang='lat' dir='ltr'>aedificaverinlne</span> <span class='ocrx_word' id='word_1_328' title='bbox 1413 2264 1497 2296; x_wconf 82' lang='lat' dir='ltr'>dett.</span> <span class='ocrx_word' id='word_1_329' title='bbox 1524 2265 1560 2296; x_wconf 93' lang='grc' dir='ltr'>Ο.</span> <span class='ocrx_word' id='word_1_330' title='bbox 1588 2265 1662 2302; x_wconf 79' lang='lat' dir='ltr'>&lt;sed</span> <span class='ocrx_word' id='word_1_331' title='bbox 1686 2275 1754 2297; x_wconf 94' lang='lat' dir='ltr'>non</span> <span class='ocrx_word' id='word_1_332' title='bbox 1780 2266 1893 2307; x_wconf 82' lang='lat' dir='ltr'>Lagg.)</span> 
     </span>
     <span class='ocr_line' id='line_1_33' title="bbox 145 2314 1896 2356; baseline 0.001 -9"><span class='ocrx_word' id='word_1_333' title='bbox 145 2331 180 2338; x_wconf 93' lang='lat'>—</span> <span class='ocrx_word' id='word_1_334' title='bbox 208 2314 239 2347; x_wconf 77' lang='lat'>4.</span> <span class='ocrx_word' id='word_1_335' title='bbox 266 2316 411 2347; x_wconf 74' lang='lat' dir='ltr'>dederint</span> <span class='ocrx_word' id='word_1_336' title='bbox 434 2314 477 2345; x_wconf 89' lang='lat' dir='ltr'>de</span> <span class='ocrx_word' id='word_1_337' title='bbox 502 2315 580 2346; x_wconf 90' lang='lat' dir='ltr'>Ern.</span> <span class='ocrx_word' id='word_1_338' title='bbox 609 2314 697 2345; x_wconf 83' lang='lat' dir='ltr'>coni.</span> <span class='ocrx_word' id='word_1_339' title='bbox 717 2315 754 2346; x_wconf 88' lang='grc' dir='ltr'>Ο.</span> <span class='ocrx_word' id='word_1_340' title='bbox 776 2332 810 2336; x_wconf 84' lang='grc'>-</span> <span class='ocrx_word' id='word_1_341' title='bbox 840 2316 870 2346; x_wconf 83' lang='grc'>5.</span> <span class='ocrx_word' id='word_1_342' title='bbox 895 2316 1136 2356; x_wconf 77' lang='lat' dir='ltr'>frumenlumne</span> <span class='ocrx_word' id='word_1_343' title='bbox 1159 2315 1243 2346; x_wconf 88' lang='lat' dir='ltr'>dett.</span> <span class='ocrx_word' id='word_1_344' title='bbox 1263 2315 1299 2346; x_wconf 94' lang='grc' dir='ltr'>Ο.</span> <span class='ocrx_word' id='word_1_345' title='bbox 1321 2332 1356 2338; x_wconf 89' lang='grc'><strong>-</strong></span> <span class='ocrx_word' id='word_1_346' title='bbox 1381 2315 1422 2346; x_wconf 76' lang='lat' dir='ltr'>iis</span> <span class='ocrx_word' id='word_1_347' title='bbox 1445 2316 1487 2346; x_wconf 87' lang='lat' dir='ltr'>R:</span> <span class='ocrx_word' id='word_1_348' title='bbox 1503 2315 1561 2346; x_wconf 74' lang='lat' dir='ltr'>Jzis</span> <span class='ocrx_word' id='word_1_349' title='bbox 1584 2315 1668 2347; x_wconf 86' lang='lat' dir='ltr'>dett.</span> <span class='ocrx_word' id='word_1_350' title='bbox 1689 2333 1723 2338; x_wconf 89' lang='lat'>—</span> <span class='ocrx_word' id='word_1_351' title='bbox 1750 2325 1896 2356; x_wconf 82' lang='lat' dir='ltr'>sumpse-</span> 
     </span>
     <span class='ocr_line' id='line_1_34' title="bbox 141 2364 1892 2407; baseline 0.001 -11"><span class='ocrx_word' id='word_1_352' title='bbox 141 2368 237 2407; x_wconf 71' lang='lat' dir='ltr'>ralne</span> <span class='ocrx_word' id='word_1_353' title='bbox 259 2365 323 2402; x_wconf 74' lang='lat' dir='ltr'>R33</span> <span class='ocrx_word' id='word_1_354' title='bbox 359 2365 531 2403; x_wconf 71' lang='lat' dir='ltr'>sumpserit</span> <span class='ocrx_word' id='word_1_355' title='bbox 555 2364 638 2395; x_wconf 76' lang='lat' dir='ltr'>dett.</span> <span class='ocrx_word' id='word_1_356' title='bbox 665 2365 702 2395; x_wconf 93' lang='lat' dir='ltr'>O.</span> <span class='ocrx_word' id='word_1_357' title='bbox 734 2381 769 2385; x_wconf 93' lang='grc'>-</span> <span class='ocrx_word' id='word_1_358' title='bbox 808 2364 840 2396; x_wconf 87' lang='lat' dir='ltr'>C.</span> <span class='ocrx_word' id='word_1_359' title='bbox 869 2373 937 2396; x_wconf 89' lang='lat' dir='ltr'>om.</span> <span class='ocrx_word' id='word_1_360' title='bbox 964 2365 1047 2396; x_wconf 83' lang='lat' dir='ltr'>dett.</span> <span class='ocrx_word' id='word_1_361' title='bbox 1075 2366 1118 2401; x_wconf 72' lang='grc' dir='ltr'>Οῖ,</span> <span class='ocrx_word' id='word_1_362' title='bbox 1155 2365 1190 2396; x_wconf 92' lang='lat' dir='ltr'>in</span> <span class='ocrx_word' id='word_1_363' title='bbox 1215 2366 1238 2396; x_wconf 82' lang='lat' dir='ltr'>R</span> <span class='ocrx_word' id='word_1_364' title='bbox 1263 2367 1316 2396; x_wconf 85' lang='lat' dir='ltr'>est</span> <span class='ocrx_word' id='word_1_365' title='bbox 1340 2365 1378 2396; x_wconf 89' lang='lat' dir='ltr'>G.</span> <span class='ocrx_word' id='word_1_366' title='bbox 1407 2382 1441 2386; x_wconf 84' lang='lat'>—</span> <span class='ocrx_word' id='word_1_367' title='bbox 1469 2365 1500 2397; x_wconf 84' lang='lat'>7.</span> <span class='ocrx_word' id='word_1_368' title='bbox 1526 2366 1682 2397; x_wconf 84' lang='lat' dir='ltr'>dederunt</span> <span class='ocrx_word' id='word_1_369' title='bbox 1705 2366 1764 2398; x_wconf 90' lang='lat' dir='ltr'>Ld.</span> <span class='ocrx_word' id='word_1_370' title='bbox 1790 2368 1892 2407; x_wconf 79' lang='lat' dir='ltr'>Lagg.</span> 
     </span>
     <span class='ocr_line' id='line_1_35' title="bbox 142 2414 1890 2454; baseline 0.002 -9"><span class='ocrx_word' id='word_1_371' title='bbox 142 2414 227 2446; x_wconf 89' lang='lat' dir='ltr'>dett.</span> <span class='ocrx_word' id='word_1_372' title='bbox 254 2430 290 2436; x_wconf 95' lang='lat'>—</span> <span class='ocrx_word' id='word_1_373' title='bbox 332 2414 362 2444; x_wconf 89' lang='lat'>9.</span> <span class='ocrx_word' id='word_1_374' title='bbox 389 2418 529 2453; x_wconf 56' lang='lat' dir='ltr'>emporia</span> <span class='ocrx_word' id='word_1_375' title='bbox 553 2414 588 2444; x_wconf 80' lang='lat' dir='ltr'>R.</span> <span class='ocrx_word' id='word_1_376' title='bbox 626 2431 660 2435; x_wconf 92' lang='lat'>—</span> <span class='ocrx_word' id='word_1_377' title='bbox 698 2414 833 2452; x_wconf 77' lang='lat' dir='ltr'>denique</span> <span class='ocrx_word' id='word_1_378' title='bbox 856 2424 973 2445; x_wconf 76' lang='lat' dir='ltr'>navem</span> <span class='ocrx_word' id='word_1_379' title='bbox 997 2414 1081 2446; x_wconf 83' lang='lat' dir='ltr'>dett.</span> <span class='ocrx_word' id='word_1_380' title='bbox 1108 2416 1144 2446; x_wconf 95' lang='lat' dir='ltr'>O.</span> <span class='ocrx_word' id='word_1_381' title='bbox 1179 2430 1212 2436; x_wconf 94' lang='lat'>--</span> <span class='ocrx_word' id='word_1_382' title='bbox 1252 2415 1303 2446; x_wconf 76' lang='lat'>40.</span> <span class='ocrx_word' id='word_1_383' title='bbox 1329 2423 1404 2445; x_wconf 85' lang='lat' dir='ltr'>cum</span> <span class='ocrx_word' id='word_1_384' title='bbox 1425 2415 1485 2445; x_wconf 80' lang='lat' dir='ltr'>isto</span> <span class='ocrx_word' id='word_1_385' title='bbox 1505 2418 1658 2454; x_wconf 80' lang='lat' dir='ltr'>praetore</span> <span class='ocrx_word' id='word_1_386' title='bbox 1682 2415 1764 2447; x_wconf 88' lang='lat' dir='ltr'>dett.</span> <span class='ocrx_word' id='word_1_387' title='bbox 1792 2416 1828 2448; x_wconf 85' lang='lat' dir='ltr'>O.</span> <span class='ocrx_word' id='word_1_388' title='bbox 1857 2433 1890 2437; x_wconf 83' lang='lat'><em>—</em></span> 
     </span>
     <span class='ocr_line' id='line_1_36' title="bbox 142 2463 1896 2505; baseline 0.002 -11"><span class='ocrx_word' id='word_1_389' title='bbox 142 2463 198 2495; x_wconf 76' lang='lat' dir='ltr'>libi</span> <span class='ocrx_word' id='word_1_390' title='bbox 221 2472 290 2495; x_wconf 92' lang='lat' dir='ltr'>om.</span> <span class='ocrx_word' id='word_1_391' title='bbox 316 2463 418 2502; x_wconf 64' lang='lat' dir='ltr'><strong>Lg29.</strong></span> <span class='ocrx_word' id='word_1_392' title='bbox 447 2481 481 2485; x_wconf 92' lang='lat'><strong>—</strong></span> <span class='ocrx_word' id='word_1_393' title='bbox 510 2465 560 2495; x_wconf 76' lang='lat'>41.</span> <span class='ocrx_word' id='word_1_394' title='bbox 586 2464 818 2495; x_wconf 75' lang='lat' dir='ltr'>Mamertinam</span> <span class='ocrx_word' id='word_1_395' title='bbox 838 2464 919 2496; x_wconf 83' lang='lat' dir='ltr'>dett.</span> <span class='ocrx_word' id='word_1_396' title='bbox 940 2466 977 2496; x_wconf 92' lang='lat' dir='ltr'>O.</span> <span class='ocrx_word' id='word_1_397' title='bbox 998 2482 1032 2486; x_wconf 91' lang='lat'>—</span> <span class='ocrx_word' id='word_1_398' title='bbox 1061 2466 1111 2496; x_wconf 71' lang='lat'>42.</span> <span class='ocrx_word' id='word_1_399' title='bbox 1139 2464 1268 2504; x_wconf 75' lang='lat' dir='ltr'>adfecta</span> <span class='ocrx_word' id='word_1_400' title='bbox 1283 2465 1319 2495; x_wconf 89' lang='lat' dir='ltr'>R.</span> <span class='ocrx_word' id='word_1_401' title='bbox 1342 2483 1377 2487; x_wconf 91' lang='lat'>—</span> <span class='ocrx_word' id='word_1_402' title='bbox 1403 2464 1444 2496; x_wconf 80' lang='lat' dir='ltr'>sil</span> <span class='ocrx_word' id='word_1_403' title='bbox 1459 2465 1561 2505; x_wconf 78' lang='lat' dir='ltr'>Lagg.</span> <span class='ocrx_word' id='word_1_404' title='bbox 1581 2465 1664 2496; x_wconf 85' lang='lat' dir='ltr'>dett.</span> <span class='ocrx_word' id='word_1_405' title='bbox 1686 2484 1721 2488; x_wconf 83' lang='lat'><strong>—</strong></span> <span class='ocrx_word' id='word_1_406' title='bbox 1749 2465 1798 2497; x_wconf 73' lang='lat'>43.</span> <span class='ocrx_word' id='word_1_407' title='bbox 1822 2467 1896 2497; x_wconf 84' lang='lat' dir='ltr'>Ver-</span> 
     </span>
     <span class='ocr_line' id='line_1_37' title="bbox 140 2512 1891 2554; baseline 0.002 -10"><span class='ocrx_word' id='word_1_408' title='bbox 140 2514 195 2544; x_wconf 79' lang='lat' dir='ltr'>ria</span> <span class='ocrx_word' id='word_1_409' title='bbox 218 2512 282 2551; x_wconf 72' lang='grc' dir='ltr'>ΗΒ,</span> <span class='ocrx_word' id='word_1_410' title='bbox 309 2514 430 2553; x_wconf 76' lang='lat' dir='ltr'>Lagg.:</span> <span class='ocrx_word' id='word_1_411' title='bbox 461 2514 580 2545; x_wconf 50' lang='lat' dir='ltr'>rvr-rea</span> <span class='ocrx_word' id='word_1_412' title='bbox 604 2514 648 2551; x_wconf 90' lang='lat' dir='ltr'>O,</span> <span class='ocrx_word' id='word_1_413' title='bbox 675 2515 709 2544; x_wconf 81' lang='lat' dir='ltr'>et</span> <span class='ocrx_word' id='word_1_414' title='bbox 734 2514 783 2544; x_wconf 84' lang='lat' dir='ltr'>sie</span> <span class='ocrx_word' id='word_1_415' title='bbox 807 2514 904 2545; x_wconf 79' lang='lat' dir='ltr'>infra.</span> <span class='ocrx_word' id='word_1_416' title='bbox 933 2531 967 2535; x_wconf 89' lang='lat'>——</span> <span class='ocrx_word' id='word_1_417' title='bbox 1003 2513 1128 2554; x_wconf 84' lang='lat' dir='ltr'>etenim]</span> <span class='ocrx_word' id='word_1_418' title='bbox 1154 2516 1252 2545; x_wconf 79' lang='lat' dir='ltr'>etiam</span> <span class='ocrx_word' id='word_1_419' title='bbox 1275 2514 1375 2554; x_wconf 70' lang='lat' dir='ltr'>Lg29.</span> <span class='ocrx_word' id='word_1_420' title='bbox 1405 2533 1439 2537; x_wconf 90' lang='lat'><strong>—</strong></span> <span class='ocrx_word' id='word_1_421' title='bbox 1468 2514 1519 2547; x_wconf 66' lang='lat'>44.</span> <span class='ocrx_word' id='word_1_422' title='bbox 1544 2515 1721 2546; x_wconf 72' lang='lat' dir='ltr'>sustulisset</span> <span class='ocrx_word' id='word_1_423' title='bbox 1743 2515 1827 2547; x_wconf 90' lang='lat' dir='ltr'>dett.</span> <span class='ocrx_word' id='word_1_424' title='bbox 1854 2516 1891 2547; x_wconf 94' lang='lat' dir='ltr'>O.</span> 
     </span>
     <span class='ocr_line' id='line_1_38' title="bbox 145 2563 1890 2604; baseline 0.002 -11"><span class='ocrx_word' id='word_1_425' title='bbox 145 2580 180 2584; x_wconf 87' lang='lat'>—</span> <span class='ocrx_word' id='word_1_426' title='bbox 205 2563 384 2595; x_wconf 77' lang='lat' dir='ltr'>mehercule</span> <span class='ocrx_word' id='word_1_427' title='bbox 408 2564 445 2602; x_wconf 87' lang='lat' dir='ltr'>(s.</span> <span class='ocrx_word' id='word_1_428' title='bbox 471 2563 635 2602; x_wconf 79' lang='lat' dir='ltr'>mehercle)</span> <span class='ocrx_word' id='word_1_429' title='bbox 661 2563 744 2594; x_wconf 80' lang='lat' dir='ltr'>dett.</span> <span class='ocrx_word' id='word_1_430' title='bbox 772 2564 808 2594; x_wconf 93' lang='lat' dir='ltr'>O.</span> <span class='ocrx_word' id='word_1_431' title='bbox 838 2581 872 2586; x_wconf 91' lang='lat'>-—</span> <span class='ocrx_word' id='word_1_432' title='bbox 900 2564 951 2594; x_wconf 75' lang='lat'>47.</span> <span class='ocrx_word' id='word_1_433' title='bbox 978 2564 1060 2594; x_wconf 80' lang='lat' dir='ltr'>idem</span> <span class='ocrx_word' id='word_1_434' title='bbox 1085 2565 1126 2601; x_wconf 81' lang='lat' dir='ltr'>R,</span> <span class='ocrx_word' id='word_1_435' title='bbox 1153 2564 1253 2604; x_wconf 74' lang='lat' dir='ltr'>Lg29.</span> <span class='ocrx_word' id='word_1_436' title='bbox 1283 2582 1317 2587; x_wconf 87' lang='lat'>—</span> <span class='ocrx_word' id='word_1_437' title='bbox 1345 2564 1397 2596; x_wconf 73' lang='grc'>48.</span> <span class='ocrx_word' id='word_1_438' title='bbox 1426 2573 1447 2595; x_wconf 86' lang='grc' dir='ltr'><em>α</em></span> <span class='ocrx_word' id='word_1_439' title='bbox 1470 2565 1587 2603; x_wconf 76' lang='lat' dir='ltr'>Syme.</span> <span class='ocrx_word' id='word_1_440' title='bbox 1614 2565 1657 2601; x_wconf 82' lang='lat' dir='ltr'>R,</span> <span class='ocrx_word' id='word_1_441' title='bbox 1685 2565 1749 2595; x_wconf 80' lang='lat' dir='ltr'>Gt:</span> <span class='ocrx_word' id='word_1_442' title='bbox 1776 2573 1798 2595; x_wconf 90' lang='grc' dir='ltr'><em>α</em></span> <span class='ocrx_word' id='word_1_443' title='bbox 1821 2573 1890 2597; x_wconf 90' lang='lat' dir='ltr'>om.</span> 
     </span>
     <span class='ocr_line' id='line_1_39' title="bbox 141 2611 1892 2654; baseline 0.001 -11"><span class='ocrx_word' id='word_1_444' title='bbox 141 2611 215 2643; x_wconf 90' lang='lat' dir='ltr'>rell.</span> <span class='ocrx_word' id='word_1_445' title='bbox 241 2613 276 2644; x_wconf 94' lang='grc' dir='ltr'>Ο.</span> <span class='ocrx_word' id='word_1_446' title='bbox 308 2631 342 2635; x_wconf 88' lang='grc'><strong>-</strong></span> <span class='ocrx_word' id='word_1_447' title='bbox 368 2613 558 2645; x_wconf 70' lang='lat' dir='ltr'>calamitoso</span> <span class='ocrx_word' id='word_1_448' title='bbox 582 2614 648 2644; x_wconf 69' lang='lat' dir='ltr'>elles</span> <span class='ocrx_word' id='word_1_449' title='bbox 670 2614 712 2650; x_wconf 77' lang='lat' dir='ltr'>R,</span> <span class='ocrx_word' id='word_1_450' title='bbox 746 2613 779 2644; x_wconf 91' lang='lat' dir='ltr'>in</span> <span class='ocrx_word' id='word_1_451' title='bbox 805 2613 931 2653; x_wconf 88' lang='lat' dir='ltr'>quibus</span> <span class='ocrx_word' id='word_1_452' title='bbox 955 2612 1071 2644; x_wconf 87' lang='lat' dir='ltr'>verbis</span> <span class='ocrx_word' id='word_1_453' title='bbox 1095 2614 1128 2644; x_wconf 91' lang='lat' dir='ltr'>in</span> <span class='ocrx_word' id='word_1_454' title='bbox 1153 2613 1230 2645; x_wconf 90' lang='lat' dir='ltr'>cod.</span> <span class='ocrx_word' id='word_1_455' title='bbox 1257 2613 1375 2645; x_wconf 85' lang='lat' dir='ltr'>folium</span> <span class='ocrx_word' id='word_1_456' title='bbox 1399 2614 1542 2651; x_wconf 76' lang='lat' dir='ltr'>desinit,</span> <span class='ocrx_word' id='word_1_457' title='bbox 1567 2616 1605 2645; x_wconf 88' lang='lat' dir='ltr'>ut</span> <span class='ocrx_word' id='word_1_458' title='bbox 1627 2612 1759 2654; x_wconf 81' lang='lat' dir='ltr'>reliqua</span> <span class='ocrx_word' id='word_1_459' title='bbox 1783 2613 1892 2645; x_wconf 71' lang='lat' dir='ltr'>verba</span> 
     </span>
     <span class='ocr_line' id='line_1_40' title="bbox 141 2660 1888 2703; baseline 0.001 -11"><span class='ocrx_word' id='word_1_460' title='bbox 141 2660 218 2692; x_wconf 86' lang='lat' dir='ltr'>libri</span> <span class='ocrx_word' id='word_1_461' title='bbox 242 2661 497 2694; x_wconf 88' lang='lat' dir='ltr'>desiderentur.</span> <span class='ocrx_word' id='word_1_462' title='bbox 534 2664 603 2694; x_wconf 79' lang='lat' dir='ltr'>Nec</span> <span class='ocrx_word' id='word_1_463' title='bbox 632 2665 749 2694; x_wconf 82' lang='lat' dir='ltr'>tamen</span> <span class='ocrx_word' id='word_1_464' title='bbox 772 2662 910 2694; x_wconf 70' lang='lat' dir='ltr'>videtur</span> <span class='ocrx_word' id='word_1_465' title='bbox 934 2662 1051 2694; x_wconf 86' lang='lat' dir='ltr'>solium</span> <span class='ocrx_word' id='word_1_466' title='bbox 1076 2663 1108 2694; x_wconf 91' lang='lat' dir='ltr'>in</span> <span class='ocrx_word' id='word_1_467' title='bbox 1133 2663 1211 2695; x_wconf 86' lang='lat' dir='ltr'>cod.</span> <span class='ocrx_word' id='word_1_468' title='bbox 1237 2664 1419 2696; x_wconf 85' lang='lat' dir='ltr'>excidisse.</span> <span class='ocrx_word' id='word_1_469' title='bbox 1441 2682 1475 2687; x_wconf 89' lang='lat'>—</span> <span class='ocrx_word' id='word_1_470' title='bbox 1504 2664 1553 2695; x_wconf 42' lang='lat'>1¹9.</span> <span class='ocrx_word' id='word_1_471' title='bbox 1578 2664 1757 2703; x_wconf 80' lang='lat' dir='ltr'>reliquerat</span> <span class='ocrx_word' id='word_1_472' title='bbox 1779 2662 1811 2700; x_wconf 76' lang='grc' dir='ltr'>λ,</span> <span class='ocrx_word' id='word_1_473' title='bbox 1830 2664 1888 2702; x_wconf 88' lang='lat' dir='ltr'>G3,</span> 
     </span>
     <span class='ocr_line' id='line_1_41' title="bbox 141 2710 1887 2756; baseline 0.001 -14"><span class='ocrx_word' id='word_1_474' title='bbox 141 2710 251 2750; x_wconf 68' lang='lat' dir='ltr'>Lg29:</span> <span class='ocrx_word' id='word_1_475' title='bbox 278 2711 446 2750; x_wconf 75' lang='lat' dir='ltr'>reliquerit</span> <span class='ocrx_word' id='word_1_476' title='bbox 469 2712 552 2743; x_wconf 86' lang='lat' dir='ltr'>dett.</span> <span class='ocrx_word' id='word_1_477' title='bbox 581 2712 616 2743; x_wconf 90' lang='lat' dir='ltr'>O.</span> <span class='ocrx_word' id='word_1_478' title='bbox 646 2730 678 2733; x_wconf 98' lang='lat'><strong>—</strong></span> <span class='ocrx_word' id='word_1_479' title='bbox 707 2721 746 2743; x_wconf 80' lang='lat' dir='ltr'>ac</span> <span class='ocrx_word' id='word_1_480' title='bbox 770 2713 833 2743; x_wconf 79' lang='lat' dir='ltr'>G3:</span> <span class='ocrx_word' id='word_1_481' title='bbox 861 2715 895 2743; x_wconf 79' lang='lat' dir='ltr'>al</span> <span class='ocrx_word' id='word_1_482' title='bbox 919 2711 1003 2743; x_wconf 84' lang='lat' dir='ltr'>dett.</span> <span class='ocrx_word' id='word_1_483' title='bbox 1029 2712 1065 2743; x_wconf 92' lang='grc' dir='ltr'>Ο.</span> <span class='ocrx_word' id='word_1_484' title='bbox 1095 2730 1129 2734; x_wconf 93' lang='grc'>-</span> <span class='ocrx_word' id='word_1_485' title='bbox 1155 2714 1207 2745; x_wconf 71' lang='lat'>⁶20.</span> <span class='ocrx_word' id='word_1_486' title='bbox 1234 2714 1283 2756; x_wconf 84' lang='lat' dir='ltr'>ac]</span> <span class='ocrx_word' id='word_1_487' title='bbox 1307 2715 1368 2746; x_wconf 83' lang='lat' dir='ltr'>hac</span> <span class='ocrx_word' id='word_1_488' title='bbox 1391 2715 1500 2754; x_wconf 68' lang='lat' dir='ltr'>Lg293</span> <span class='ocrx_word' id='word_1_489' title='bbox 1526 2714 1605 2746; x_wconf 79' lang='lat' dir='ltr'>haec</span> <span class='ocrx_word' id='word_1_490' title='bbox 1628 2712 1701 2745; x_wconf 87' lang='lat' dir='ltr'>rell.</span> <span class='ocrx_word' id='word_1_491' title='bbox 1727 2714 1829 2754; x_wconf 82' lang='lat' dir='ltr'>Lagg.</span> <span class='ocrx_word' id='word_1_492' title='bbox 1851 2730 1887 2738; x_wconf 90' lang='lat'><em>-</em></span> 
     </span>
     <span class='ocr_line' id='line_1_42' title="bbox 140 2759 1490 2805; baseline 0.004 -14"><span class='ocrx_word' id='word_1_493' title='bbox 140 2759 194 2791; x_wconf 65' lang='grc' dir='ltr'>Ἣ.</span> <span class='ocrx_word' id='word_1_494' title='bbox 219 2760 391 2792; x_wconf 78' lang='lat' dir='ltr'>Marcellia</span> <span class='ocrx_word' id='word_1_495' title='bbox 414 2759 452 2800; x_wconf 81' lang='grc' dir='ltr'>λ,</span> <span class='ocrx_word' id='word_1_496' title='bbox 480 2761 525 2793; x_wconf 86' lang='lat' dir='ltr'>G3</span> <span class='ocrx_word' id='word_1_497' title='bbox 550 2761 661 2802; x_wconf 65' lang='lat' dir='ltr'>Lg‘29:</span> <span class='ocrx_word' id='word_1_498' title='bbox 688 2761 863 2793; x_wconf 84' lang='lat' dir='ltr'>Marcellea</span> <span class='ocrx_word' id='word_1_499' title='bbox 887 2762 923 2793; x_wconf 94' lang='lat' dir='ltr'>O.</span> <span class='ocrx_word' id='word_1_500' title='bbox 961 2762 1124 2794; x_wconf 88' lang='lat' dir='ltr'>Ceterum</span> <span class='ocrx_word' id='word_1_501' title='bbox 1149 2762 1191 2795; x_wconf 71' lang='lat' dir='ltr'>cs.</span> <span class='ocrx_word' id='word_1_502' title='bbox 1216 2763 1289 2795; x_wconf 86' lang='lat' dir='ltr'>Rau</span> <span class='ocrx_word' id='word_1_503' title='bbox 1312 2765 1351 2796; x_wconf 88' lang='grc' dir='ltr'>ΙΙ.</span> <span class='ocrx_word' id='word_1_504' title='bbox 1377 2773 1412 2805; x_wconf 86' lang='lat' dir='ltr'>p.</span> <span class='ocrx_word' id='word_1_505' title='bbox 1438 2764 1490 2796; x_wconf 71' lang='lat'>27.</span> 
     </span>
    </p>
   </div>
  </div>
 </body>
</html>
