2143 3713
696 227 791 267 CAP.
822 226 1032 267 xxxvn.
1066 223 1139 278 55.
1170 222 1362 264 76-80.
1821 213 1899 258 747

166 344 319 382 tionem
363 340 538 381 civitatis
580 340 613 379 si
659 339 832 391 dirigas,
876 343 987 377 recta
1026 342 1141 377 sunt:
1186 336 1249 375 sin
1288 335 1545 388 perpendere
1574 333 1626 373 ad
1658 331 1901 385 disciplinae

166 407 386 456 praecepta
415 402 540 449 velis,
571 400 828 453 reperiantur
857 399 1113 453 pravissima.
1164 396 1300 445 Quare
1340 410 1413 436 nec
1444 396 1554 449 plebi
1585 396 1794 434 Romanae
1824 393 1905 433 eri-

164 465 306 518 piendi
338 464 495 504 fructus
525 463 590 503 isti
611 466 706 501 sunt
728 462 942 509 ludorum,
973 460 1267 513 gladiatorum,
1298 459 1607 505 conviviorum,
1639 469 1745 510 quae
1767 455 1906 495 omnia

166 527 342 565 maiores
373 525 503 565 nostri
535 528 898 575 comparaverunt:
939 536 1014 562 nec
1056 520 1286 561 candidatis
1316 520 1394 559 ista
1424 520 1658 572 benignitas
1689 516 1907 557 adimenda

165 593 244 635 est,
276 600 381 640 quae
413 585 702 626 liberalitatem
734 586 864 638 magis
896 582 1095 637 significat
1125 595 1249 635 quam
1280 581 1554 634 largitionem.
1923 588 1941 616 5

279 648 488 687 XXXVII.
520 645 586 685 78.
617 647 670 686 At
700 648 809 687 cnim
842 653 880 687 te
901 647 951 686 ad
973 644 1251 685 accusandum
1273 657 1339 683 res
1360 644 1524 696 publica
1545 642 1730 682 adduxit.
1764 641 1908 687 Credo,

167 711 288 757 Cato,
320 716 358 749 te
390 710 470 749 isto
502 710 640 748 animo
672 715 796 763 atque
828 722 876 748 ea
908 708 1106 761 opinione
1137 706 1324 745 venisse:
1367 704 1440 744 sed
1472 711 1515 744 tu
1547 703 1823 757 imprudentia
1853 702 1911 741 la-

164 772 287 812 beris.
325 772 413 824 Ego
444 770 556 823 quod
588 770 721 819 facio,
753 770 935 817 iudices,
967 782 1058 809 cum
1090 768 1296 808 amicitiae
1328 767 1620 820 dignitatisque
1651 766 1696 805 L.
1717 767 1911 805 Murenae

165 833 297 887 gratia
325 832 456 879 facio,
500 837 586 872 tum
619 846 683 872 me
714 833 850 886 pacis,
891 832 987 878 otii,
1030 830 1296 876 concordiae,
1335 829 1558 875 libertatis,
1599 828 1765 873 salutis,
1806 826 1912 866 vitae

166 896 348 949 denique
379 895 565 935 omnium
596 901 784 935 nostrum
817 907 940 934 causa
969 893 1104 933 facere
1136 892 1267 932 clamo
1299 896 1424 945 atque
1454 895 1596 931 testor.
1641 888 1810 935 Audite,
1842 898 1963 928 au-to

167 958 249 997 dite
289 956 521 1004 consulem,
562 956 747 1004 iudices,
787 956 890 996 nihil
928 955 1060 994 dicam
1091 955 1372 1007 arrogantius,
1412 957 1569 993 tantum
1609 951 1765 997 dicam,
1805 953 1913 989 totos

169 1020 257 1059 dies
290 1024 414 1072 atque
446 1024 590 1059 noctes
624 1019 673 1058 de
706 1032 748 1058 re
779 1018 946 1072 publica
977 1018 1237 1070 cogitantem.
1296 1017 1388 1055 Non
1419 1028 1553 1069 usque
1584 1029 1631 1055 eo
1661 1014 1706 1052 L.
1739 1010 1914 1053 Catilina

167 1097 252 1122 rem
283 1081 493 1135 publicam
525 1082 718 1134 despexit
748 1086 873 1133 atque
901 1081 1168 1132 contempsit,
1199 1084 1245 1118 ut
1266 1092 1314 1118 ea
1336 1078 1477 1131 copia,
1508 1090 1631 1130 quam
1653 1089 1793 1116 secum
1814 1073 1914 1114 edu-

168 1145 249 1191 xit,
281 1157 324 1183 se
354 1142 460 1182 hanc
492 1143 695 1183 civitatem
726 1155 1019 1196 oppressurum
1049 1141 1329 1181 arbitraretur.
1369 1140 1510 1179 Latius
1540 1143 1653 1192 patet
1683 1138 1795 1178 illius
1828 1149 1914 1176 sce-

167 1207 263 1246 leris
295 1205 509 1257 contagio,
541 1218 663 1258 quam
696 1206 917 1258 quisquam
949 1208 1086 1256 putat3
1119 1202 1168 1242 ad
1200 1202 1341 1255 plures
1370 1202 1564 1255 pertinet.
1621 1201 1757 1246 Intus,
1788 1199 1913 1246 intus,
1932 1209 1962 1237 15

169 1270 362 1322 iuquam,
402 1273 465 1306 est
505 1280 636 1319 equus
667 1268 889 1307 Troianus:
929 1279 952 1305 a
983 1278 1066 1319 quo
1106 1278 1334 1318 numquam
1365 1277 1429 1304 me
1461 1263 1632 1304 consule
1662 1262 1914 1303 dormientes

169 1329 474 1384 opprimemini.
532 1327 597 1367 79.
630 1328 805 1376 Quaeris
837 1341 859 1368 a
889 1341 975 1374 me,
1006 1326 1107 1380 quid
1139 1340 1214 1379 ego
1238 1326 1454 1367 Catilinam
1477 1331 1671 1366 metuam.
1709 1324 1843 1371 Nihil,
1875 1330 1915 1364 et

171 1392 312 1433 curavi
352 1405 405 1431 ne
437 1390 530 1444 quis
572 1395 797 1437 metueret;
838 1390 909 1430 sed
941 1390 1080 1444 copias
1112 1389 1243 1436 illius,
1286 1402 1390 1442 quas
1418 1388 1486 1428 hic
1515 1388 1658 1435 video,
1699 1387 1792 1427 dico
1824 1399 1914 1425 esse

170 1453 433 1494 metuendas:
464 1466 541 1492 nec
570 1458 652 1493 tam
681 1452 889 1492 timendus
920 1458 982 1492 est
1012 1465 1122 1491 nunc
1154 1452 1359 1491 exercitus
1390 1451 1435 1489 L.
1460 1450 1660 1490 Catilinae
1692 1461 1817 1503 quam
1834 1448 1914 1495 isti,

171 1516 243 1569 qui
273 1515 391 1554 illum
422 1515 649 1554 exercitum
682 1515 916 1555 deseruisse
948 1515 1152 1554 dicuntur.
1191 1515 1283 1553 Non
1315 1513 1425 1553 enim
1447 1513 1740 1558 deseruerunt,
1771 1509 1843 1550 sed
1864 1509 1965 1549 ali-20

168 1578 241 1617 illo
282 1577 323 1616 in
363 1576 544 1629 speculis
583 1583 708 1630 atque
747 1578 790 1616 in
827 1577 992 1616 insidiis
1030 1576 1162 1616 relicti
1201 1576 1243 1615 in
1284 1576 1416 1630 capite
1453 1580 1576 1629 atque
1612 1575 1654 1614 in
1686 1572 1915 1614 cervicibus

168 1640 322 1680 nostris
353 1638 605 1679 restiterunt.
664 1639 717 1678 Hi
748 1644 788 1678 et
817 1638 1022 1691 integrum
1053 1638 1267 1678 consulem
1299 1644 1340 1678 et
1368 1639 1524 1678 bonum
1553 1638 1845 1690 imperatorem
1877 1641 1917 1675 et

169 1707 313 1742 natura
353 1706 393 1741 et
430 1699 596 1740 fortuna
636 1714 728 1740 cum
769 1701 828 1740 rei
866 1701 1057 1754 publicae
1096 1700 1229 1741 salute
1271 1701 1537 1740 coniunctum
1569 1699 1692 1739 deiici
1723 1698 1774 1737 de
1804 1697 1916 1737 urbis

169 1762 378 1818 praesidio
410 1768 451 1802 et
481 1763 532 1802 de
563 1763 750 1803 custodia
779 1763 953 1803 civitatis
973 1763 1119 1803 vestris
1141 1763 1358 1803 sententiis
1381 1762 1592 1802 deturbari
1611 1761 1772 1801 volunt.
1804 1759 1918 1808 Quo-

168 1840 258 1867 rum
289 1838 365 1878 ego
395 1824 550 1864 serrum
582 1830 624 1864 et
653 1825 865 1865 audaciam
894 1825 1020 1865 reieci
1049 1825 1092 1864 in
1123 1838 1295 1878 campo,
1336 1824 1550 1865 debilitavi
1582 1824 1625 1863 in
1654 1823 1764 1870 foro,
1807 1832 1966 1861 com-25

169 1889 303 1942 pressi
343 1887 467 1926 etiam
507 1886 618 1926 domi
660 1900 776 1927 meae
808 1900 952 1940 saepe,
994 1888 1174 1935 iudices,
1215 1888 1280 1927 his
1316 1901 1389 1927 vos
1426 1887 1462 1927 si
1497 1887 1672 1927 alterum
1704 1885 1916 1925 consulem

169 1949 440 1996 tradideritis,
471 1948 564 2001 plus
597 1949 729 1989 multo
761 1955 881 1989 erunt
910 1950 1057 1990 vestris
1088 1949 1305 1990 sententiis
1336 1963 1460 2003 quam
1491 1949 1576 1989 suis
1605 1947 1751 2002 gladiis
1773 1960 1918 1987 conse—

170 2012 267 2052 cuti.
324 2011 463 2064 Magni
504 2012 697 2059 interest,
742 2011 922 2060 iudices,
966 2011 1008 2051 id
1052 2012 1162 2066 quod
1202 2025 1278 2064 ego
1318 2012 1456 2052 multis
1494 2010 1821 2065 repugnantibus
1852 2008 1917 2061 egi

169 2079 295 2128 atque
337 2072 519 2126 perfeci,
566 2087 656 2113 esse
702 2074 899 2114 Kalendis
945 2074 1149 2114 Ianuariis
1194 2074 1237 2113 in
1281 2088 1325 2114 re
1369 2074 1536 2127 publica
1580 2073 1664 2112 duo
1710 2071 1917 2112 consules.

169 2135 234 2175 80.
266 2135 404 2175 Nolite
435 2136 648 2183 arbitrari,
679 2136 957 2177 mediocribus
989 2136 1174 2176 consiliis
1203 2142 1273 2177 aut
1302 2136 1464 2177 usitatis
1495 2136 1571 2176 viis
1593 2140 1664 2176 aut
1688 2134 1711 2147 ⁴
1729 2133 1752 2154 ἦ
1770 2134 1793 2151 ⁷⁴²
1824 2135 1917 2174 Non
1931 2143 1967 2172 3ο

170 2199 238 2238 lex
276 2198 486 2251 improba,
525 2212 609 2238 non
652 2198 887 2251 perniciosa
923 2198 1108 2251 largitio,
1148 2211 1233 2238 non
1264 2198 1459 2247 >auditum
1490 2196 1716 2251 aliquando
1748 2196 1918 2250 aliquod

170 2261 323 2301 malum
353 2261 412 2300 rei
441 2261 632 2313 publicae
664 2262 889 2314 quaeritur.
947 2261 1055 2300 Inita
1083 2265 1180 2300 sunt
1208 2262 1251 2301 in
1280 2260 1356 2300 hac
1388 2260 1553 2300 civitate
1583 2259 1780 2306 consilia,
1811 2258 1919 2298 iudi-

171 2336 261 2370 ces,
306 2322 420 2362 urbis
460 2322 683 2370 delendae,
733 2323 882 2363 civium
922 2322 1288 2371 trucidandorum,
1332 2322 1515 2363 nominis
1550 2322 1725 2362 Romani
1763 2321 1919 2362 exstin-

258 2540 288 2570 4.
314 2540 367 2571 sed
389 2539 504 2579 dirigyis
527 2540 564 2570 G.
586 2556 620 2560 —-
647 2538 678 2570 ⁶2.
704 2539 907 2578 reperientur
930 2539 967 2577 E,
994 2540 1070 2571 fort.
1098 2541 1206 2571 recte.
1228 2557 1262 2561 —
1290 2548 1392 2579 quare
1416 2548 1453 2571 ne
1475 2540 1501 2572 E
1526 2541 1559 2572 et
1583 2540 1602 2571 5
1626 2539 1708 2570 Oxx.
1731 2556 1766 2561 —-
1793 2538 1823 2570 3.
1848 2542 1922 2570 sunt

171 2588 320 2620 laborum
343 2590 380 2620 G.
410 2607 443 2610 —
469 2587 500 2620 4.
527 2589 705 2620 adementia.
728 2589 764 2619 E.
792 2606 826 2609 —
855 2589 884 2620 6.
909 2589 954 2620 Ac
977 2589 1012 2620 E.
1034 2607 1070 2612 —-
1097 2590 1128 2620 7.
1154 2593 1222 2620 tum
1242 2590 1340 2629 prud.
1369 2591 1394 2620 G
1409 2615 1416 2628 ,
1448 2598 1491 2621 ex
1514 2593 1549 2620 tu
1569 2589 1724 2629 inprud..
1750 2589 1788 2619 ut
1811 2588 1864 2619 est
1887 2588 1920 2618 in

173 2639 209 2669 E.
231 2655 264 2658 ——
291 2638 322 2669 8.
348 2637 433 2678 cum]
458 2646 560 2669 causa
583 2647 622 2675 V,
650 2639 707 2678 qui
732 2638 857 2670 deinde
882 2638 989 2670 habet
1013 2648 1053 2670 ac
1074 2639 1205 2680 mattae
1227 2649 1291 2681 pro
1305 2640 1430 2681 qratia.
1451 2658 1485 2661 —
1513 2640 1682 2680 diynitatis
1703 2639 1740 2670 E.
1761 2656 1795 2660 -
1823 2638 1854 2669 9.
1871 2638 1922 2677 sa-

171 2688 237 2719 cios
258 2696 333 2718 cum
356 2696 405 2718 me
422 2688 518 2727 pacis
541 2689 584 2719 oti
607 2688 800 2719 concordiae
822 2688 1027 2720 liberalitatis
1050 2691 1087 2721 G.
1119 2707 1153 2711 —
1192 2690 1244 2721 40.
1268 2693 1410 2721 vestrum
1433 2691 1509 2721 Par.
1535 2690 1566 2721 7.
1593 2691 1625 2721 et
1649 2690 1685 2720 L.
1714 2707 1749 2711 —
1785 2688 1922 2720 obtestor

173 2739 246 2769 Par.
265 2736 295 2767 7.
322 2738 356 2767 et
379 2737 500 2770 Franc.
522 2756 558 2761 -
586 2739 636 2769 44.
664 2739 780 2779 adroq.
799 2739 874 2770 EG.
896 2756 929 2760 —
958 2740 1009 2771 42.
1027 2748 1067 2771 ac
1088 2743 1196 2771 noctes
1210 2741 1248 2771 E.
1270 2758 1304 2762 —
1330 2749 1393 2771 non
1410 2749 1510 2780 usque
1526 2742 1571 2771 G:
1595 2748 1759 2779 nusquam
1781 2740 1857 2771 Par.
1873 2738 1919 2776 4.,

172 2794 272 2826 usque
296 2786 376 2825 (om.
394 2788 469 2827 non)
494 2788 565 2819 EM
578 2796 619 2824 v,
647 2787 664 2818 6
688 2787 784 2824 Oxx.,
811 2788 912 2828 Lagg.
933 2797 1067 2820 omnes.
1089 2807 1124 2811 —
1151 2789 1203 2820 43.
1229 2790 1368 2829 dispeoeit
1390 2790 1422 2821 M
1445 2798 1492 2821 m.
1511 2797 1564 2830 pr.
1584 2806 1620 2811 -
1646 2790 1786 2821 adduxit
1807 2798 1839 2821 se
1860 2789 1923 2820 hac

171 2837 214 2868 M.
243 2853 277 2857 —
305 2834 356 2867 44.
382 2837 454 2868 scel.
480 2838 634 2878 cogitatio
658 2839 689 2868 Μ
713 2846 760 2868 111.
780 2846 833 2878 pr.
857 2855 891 2859 —
919 2838 970 2870 45.
995 2839 1082 2870 intus
1104 2838 1214 2870 semel
1237 2839 1367 2870 habent
1391 2839 1499 2871 ETv.
1519 2856 1555 2861 —
1583 2839 1634 2870 ⁴7.
1652 2839 1810 2878 quaeritis
1830 2847 1866 2875 χ.
1883 2856 1918 2861 -

173 2886 224 2917 48.
251 2885 320 2915 dico
344 2893 413 2916 om.
439 2894 474 2922 χ.
503 2903 538 2908 —
564 2887 617 2918 ⁶20.
645 2887 817 2917 diruerunt
841 2889 879 2918 G.
908 2905 943 2910 —-
970 2889 1024 2919 ΞΜ.
1049 2890 1185 2929 speculis
1207 2891 1240 2921 M
1254 2899 1292 2920 v:
1318 2890 1432 2920 seculis
1455 2891 1498 2926 G,
1522 2889 1680 2928 speluncis
1701 2887 1859 2927 ECSur.
1883 2905 1918 2909 —

171 2935 204 2966 in
227 2934 352 2965 insidiis
374 2936 496 2977 scripsi
520 2936 568 2976 (ut
591 2938 644 2968 est
667 2937 780 2968 statim
806 2937 839 2967 in
864 2937 1031 2969 antitheto
1064 2939 1097 2969 -ἱη
1120 2940 1228 2978 capite
1249 2942 1346 2978 atque
1368 2939 1401 2969 in
1423 2937 1630 2977 cervicibus):
1664 2938 1698 2968 in
1721 2945 1791 2968 om.
1817 2936 1919 2968 codd.

171 2986 207 3016 et
229 2983 310 3016 edd.
339 3001 374 3006 —
401 2984 453 3016 23.
480 2986 559 3016 deici
583 2986 664 3017 mei.
695 3004 730 3008 ——
756 2986 808 3017 ⁶25.
835 2987 930 3017 reieci
954 2987 1034 3018 Ev:
1059 2989 1138 3019 reici
1162 2989 1242 3020 GM.
1265 3006 1300 3010 —
1326 2988 1378 3020 ⁵26.
1405 2991 1434 3019 et
1457 2988 1543 3019 dorni
1565 2988 1602 3019 E.
1622 3004 1658 3009 —
1685 2987 1738 3018 27.
1763 2987 1923 3017 consecuti

172 3043 232 3074 que
256 3034 390 3073 perfecti
421 3042 486 3065 esse
518 3043 587 3067 om.
619 3034 713 3066 med.
741 3036 777 3065 G.
806 3052 839 3056 —
866 3035 920 3067 28.
945 3045 1003 3077 090
1027 3045 1095 3068 om.
1122 3038 1159 3069 E.
1188 3056 1223 3060 —-
1249 3038 1302 3069 ⁶29.
1328 3038 1390 3069 duo
1413 3039 1489 3069 Par.
1514 3036 1545 3069 4.
1572 3038 1605 3068 et
1629 3038 1675 3067 G:
1702 3036 1781 3066 duos
1803 3035 1874 3067 EM
1886 3044 1920 3074 v,

171 3084 190 3115 5
214 3084 311 3122 Oxx.‚
338 3084 441 3124 Lagg.
469 3102 503 3106 —
532 3084 584 3116 30.
610 3086 693 3117 med.
723 3086 849 3116 iudiciis
872 3086 908 3117 E.
931 3104 966 3109 —
992 3088 1052 3119 riis
1075 3088 1151 3119 cod.
1171 3088 1324 3120 Memmii
1348 3089 1381 3119 et
1407 3087 1462 3118 ed.
1482 3088 1594 3119 Crat.:
1618 3087 1693 3118 vitis
1709 3087 1752 3124 G,
1780 3087 1855 3117 Par.
1873 3085 1920 3124 4.,

172 3134 203 3165 Μ
227 3141 272 3164 m.
299 3142 366 3174 pr.‚
392 3135 472 3175 Lag.
500 3135 551 3166 40.
578 3135 650 3174 25&
686 3137 768 3167 votis
791 3138 866 3167 Par.
893 3137 922 3167 7.
950 3139 984 3168 et
1007 3138 1141 3175 Franc.‚
1176 3137 1263 3168 vitiis
1286 3137 1362 3175 Ev,
1398 3137 1430 3168 M
1454 3145 1500 3168 m.
1527 3145 1612 3174 see„
1646 3137 1664 3168 6
1689 3136 1785 3175 Oxx.,
1815 3136 1918 3176 Lagg.

171 3181 244 3214 rell.
277 3183 314 3214 In
338 3183 378 3215 iis
403 3185 520 3215 autem
545 3193 633 3224 quae
658 3184 786 3216 deinde
811 3184 1055 3217 desiderantur
1078 3195 1146 3218 non
1170 3185 1308 3217 videtur
1330 3184 1477 3226 amplius
1501 3194 1605 3226 quam
1629 3193 1720 3216 unus
1742 3193 1866 3216 versus
1888 3185 1921 3217 in

172 3231 363 3273 archetypo
388 3232 617 3265 intercidisse.
646 3251 680 3256 —
708 3234 760 3266 31.
787 3235 919 3276 largitio
941 3244 1007 3266 non
1026 3237 1068 3266 G:
1095 3235 1308 3276 largitionum
1331 3235 1401 3266 EM
1414 3244 1452 3273 ν,
1478 3236 1555 3266 Par.
1574 3233 1620 3272 4.,
1645 3235 1725 3275 Lag.
1744 3235 1775 3266 4.
1793 3235 1846 3266 ΞΟ.
1864 3234 1918 3266 ⁶24.

172 3281 224 3312 65.
252 3281 326 3320 (sed
349 3283 382 3313 in
406 3283 437 3314 Μ
460 3281 593 3322 syllaba
616 3293 695 3315 num
719 3285 913 3326 punctata);
940 3284 1154 3326 lar9itionum
1176 3295 1239 3317 non
1264 3290 1354 3325 χψ,
1381 3286 1459 3326 Lag.
1485 3285 1538 3316 25.
1560 3284 1628 3323 26„
1653 3286 1691 3316 ut
1713 3283 1859 3317 videtur.
1881 3300 1915 3307 —

172 3330 224 3363 33.
248 3331 456 3373 extinguendi
480 3332 560 3364 mei.
