2143 3713
262 197 343 238 464
796 199 994 240 ORATIO
1026 200 1128 241 PRO
1160 201 1212 242 Μ.
1242 201 1475 243 FONTEIO

262 315 362 350 reat.
407 309 606 362 Acceptas
636 310 790 364 populo
812 312 998 351 Romano
1029 312 1227 365 pecunias
1259 327 1401 354 omnes
1432 314 1497 353 isti
1518 313 1785 353 rettulerunt:
1817 315 1850 354 si
1880 316 2005 369 proti-

262 385 338 411 nus
377 371 467 411 aliis
507 385 639 425 aeque
669 386 836 426 magnas
867 380 938 414 aut
967 374 1180 414 solverunt
1209 380 1278 415 aut
1311 375 1534 422 dederunt,
1575 380 1617 414 ut
1649 375 1762 427 quod
1792 382 2006 428 acceptum

260 433 414 486 populo
454 434 639 475 Romano
676 441 759 482 est,
799 436 839 474 id
878 449 1106 489 expensum
1147 436 1326 488 cuipiam
1363 438 1436 484 sit,
1478 443 1585 476 certe
1617 436 1721 476 nihil
1750 442 1887 489 potest
1917 450 2007 477 esse

261 495 498 535 detractum.
548 497 621 535 Sin
651 496 808 550 aliquid
840 496 1007 537 domum
1038 497 1237 544 tulerunt,
1269 511 1321 538 ex
1352 512 1493 538 eorum
1523 511 1617 538 arca
1648 512 1669 537 e
1701 511 1857 538 razim.
1885 519 1939 526 —

228 557 247 587 5
370 557 439 596 ΙΙΙ.
460 555 498 597 4.
528 559 708 598 Deorum
738 558 1034 612 hominumque
1064 558 1209 598 fidem!
1241 562 1357 600 testis
1378 574 1462 600 non
1489 560 1696 600 invenitur
1724 561 1766 599 in
1794 559 2006 600 ducenties

260 625 300 660 et
334 620 500 660 triciens
539 620 743 659 sestertio.
798 620 931 668 Quam
962 622 1183 660 multorum
1213 621 1423 662 hominum
1438 624 1456 661 ‘2
1496 624 1785 662 Sescentorum
1816 622 2005 675 amplius.

260 682 418 730 Quibus
448 683 489 722 in
520 683 638 722 terris
669 687 829 734 gestum
860 684 1071 735 negotium
1104 685 1193 723 est?
1239 684 1337 732 Illo,
1378 686 1472 732 illo,
1512 686 1700 738 inquam,
1742 684 1852 732 loco,
1884 698 2006 737 quem

258 745 422 785 videtis.
466 746 595 784 Extra
623 744 866 784 ordinemne
897 746 1072 797 pecunia
1103 751 1164 785 est
1194 745 1315 785 data?
1357 748 1485 787 Immo
1518 760 1613 786 vero
1647 760 1836 786 nummus
1867 746 2006 786 nullus

259 808 349 847 sine
387 807 534 846 litteris
576 806 713 845 multis
745 813 969 846 commotus
1001 813 1074 847 est.
1133 807 1250 855 Quae
1282 814 1342 848 est
1373 810 1493 861 igitur
1523 810 1598 849 isla
1629 809 1857 856 accusatio,
1901 822 2006 863 quae

209 869 421 921 ⁴0sacilius
460 869 590 921 possit
628 869 753 920 Alpes
793 882 915 922 quam
947 882 1097 921 paucos
1127 870 1271 909 aerarii
1302 871 1451 923 gradus
1482 871 1729 911 ascendere:
1769 871 2006 924 diligentius

258 933 513 971 Rutenorum
555 943 678 983 quam
716 930 859 982 populi
899 931 1072 970 Romani
1114 930 1307 971 defendat
1348 934 1573 973 aerarium:
1614 933 1823 972 lubentius
1854 933 2006 986 ignotis

259 1006 384 1047 quam
413 992 521 1032 notis
550 996 708 1038 utatur,
740 992 985 1044 alienigenis
1017 1006 1139 1046 quam
1170 993 1407 1034 domesticis
1429 996 1625 1034 testibus:
1656 995 1821 1047 planius
1843 1009 1886 1035 se
1908 1007 2008 1034 con-

257 1056 420 1095 firmare
463 1053 616 1094 crimen
662 1053 845 1093 lubidine
887 1054 1153 1095 barbarorum
1193 1068 1316 1109 quam
1355 1063 1587 1097 nostrorum
1617 1057 1831 1097 hominum
1861 1057 2005 1097 litteris

258 1117 506 1157 arbitretur?
556 1114 593 1154 5.
615 1116 798 1155 Duorum
819 1115 1147 1168 magistratuum,
1179 1131 1352 1170 quorum
1372 1123 1545 1172 uterque
1568 1120 1609 1158 in
1630 1119 1808 1171 pecunia
1828 1120 2007 1159 maxima

209 1178 468 1219 ⁴5tractanda
506 1177 844 1230 procurandaque
874 1183 1058 1217 versatus
1094 1184 1176 1226 est,
1216 1181 1492 1220 triumviratus
1524 1187 1564 1220 et
1595 1186 1862 1234 quaesturae,
1902 1181 2005 1220 ratio

259 1241 317 1280 sic
346 1239 552 1287 redditur,
585 1238 760 1286 iudices,
790 1244 836 1279 ut
866 1240 908 1278 in
939 1240 988 1279 iis
1018 1241 1166 1287 rebus,
1203 1255 1311 1294 quae
1341 1248 1434 1281 ante
1465 1243 1606 1282 oculos
1639 1248 1777 1295 gestae
1808 1247 1923 1289 sunt,
1954 1241 2006 1281 ad

258 1302 409 1342 multos
446 1302 753 1355 pertinuerunt,
797 1301 1008 1341 confectae
1048 1303 1222 1355 publicis
1264 1304 1518 1356 privatisque
1559 1304 1706 1344 tabulis
1737 1310 1852 1350 sunt,
1893 1303 2008 1343 nulla

259 1362 501 1417 significatio
534 1364 654 1411 furti,
684 1363 799 1403 nulla
828 1364 1003 1403 alicuius
1034 1364 1170 1403 delicti
1191 1366 1371 1418 suspicio
1392 1366 1609 1406 referatur.
1658 1365 1695 1405 (i.
1718 1365 2006 1419 Hispaniensis

258 1426 410 1480 legatio
442 1431 663 1466 consecuta
693 1430 775 1472 est,
807 1425 1159 1465 turbulentissimo
1181 1427 1240 1465 rei
1264 1428 1452 1479 publicae
1476 1434 1680 1482 tempore,
1712 1441 1803 1467 cum
1826 1427 2006 1467 adventu

209 1494 244 1525 20
259 1489 304 1528 L.
336 1488 475 1528 Sullae
514 1489 555 1528 in
592 1488 752 1528 Italiam
794 1487 961 1528 maximi
999 1489 1203 1528 exercitus
1234 1490 1384 1529 civium
1418 1490 1668 1530 dissiderent
1695 1491 1739 1530 de
1767 1489 1929 1529 iudiciis
1959 1501 2006 1528 ac

258 1551 440 1605 legibus:
477 1556 601 1605 atque
630 1550 708 1590 hoc
738 1550 796 1590 rei
827 1550 1017 1604 publicae
1048 1556 1154 1591 statu
1185 1550 1404 1605 desperato
1435 1552 1568 1605 qualis
1641 1574 1653 1591 ff
1672 1572 1685 1591 «-

534 1657 599 1701 ΙΙ.
643 1658 929 1714 Ε’ναψηεηίιι
961 1658 1017 1700 ab
1049 1659 1155 1700 ultis
1185 1659 1483 1714 scriptoribus
1513 1664 1712 1701 seri-uta.

370 1739 436 1779 IV.
468 1736 507 1778 7.
547 1737 589 1777 Si
621 1737 737 1777 nulla
766 1737 945 1790 pecunia
981 1741 1197 1778 numerata
1237 1741 1318 1785 est,
1360 1737 1474 1777 cuius
1514 1737 1715 1790 pecuniae
1751 1737 2005 1792 quinquage-

259 1800 361 1842 sima
390 1802 485 1841 est?

344 1977 374 2007 4.
400 1976 433 2006 Ρ.
459 1973 635 2007 ROMANO
659 1974 695 2011 P,
721 1973 804 2004 item
827 1981 859 2005 v.
886 1972 916 2004 3.
945 1991 980 1995 —
1005 1972 1076 2004 istei
1099 1973 1134 2003 P.
1165 1989 1198 1994 —
1223 1971 1418 2003 rettulerunt
1442 1973 1481 2003 P:
1507 1972 1688 2004 retulerunt
1710 1972 1747 2005 O.
1776 1991 1812 1996 -—
1836 1974 1881 2006 sei
1903 1975 1938 2006 P.
1967 1991 2001 1996 —

257 2026 287 2058 3.
312 2025 357 2057 ID
378 2028 383 2063 1
403 2023 666 2057 DEXPENSVM
682 2023 716 2053 P.
738 2038 772 2044 —
800 2022 968 2060 quoipiam
984 2023 1020 2054 P.
1041 2040 1076 2045 —
1102 2021 1133 2053 li.
1160 2021 1285 2060 aliquid
1309 2023 1440 2053 domum
1455 2022 1723 2054 Mommsenius:
1750 2022 1853 2062 aliqui
1876 2023 2006 2055 domum

258 2076 330 2108 ΡΟ.
361 2093 394 2097 -
419 2072 608 2106 ARCAERA
632 2073 667 2103 P.
700 2072 818 2102 «llaec
842 2072 886 2102 ita
911 2070 1004 2112 [arca
1027 2081 1043 2104 e
1067 2072 1117 2111 ra]
1143 2071 1261 2110 divisi,
1288 2072 1367 2112 quia
1393 2080 1472 2103 arca
1496 2072 1540 2103 ad
1564 2081 1640 2104 rem
1663 2073 1900 2113 pecuniariam
1923 2082 2006 2114 pro-

257 2126 330 2167 prie
360 2126 529 2166 pertinet,
564 2130 679 2161 neque
708 2119 898 2160 intelligere
928 2129 1072 2161 possum
1096 2120 1179 2161 quid
1203 2121 1236 2151 ll.
1263 2119 1283 2152 l.
1311 2121 1376 2152 sibi
1399 2120 1481 2152 velit
1504 2130 1640 2159 arcera,
1677 2130 1892 2162 quamquam
1916 2122 2005 2154 hanc

257 2183 381 2206 vocem
409 2173 501 2214 apud
533 2173 740 2203 Ciceronem
768 2169 894 2201 lectam
925 2170 1030 2202 fuisse
1061 2171 1191 2202 Nonius
1222 2170 1390 2209 significat
1415 2170 1445 2207 l,
1470 2170 1543 2201 270.
1572 2169 1615 2210 [p.
1643 2171 1694 2201 55
1722 2170 1777 2202 ed.
1804 2171 1942 2213 Merc.],
1972 2174 2007 2204 et

257 2224 417 2256 librarius
442 2222 654 2263 diphthongo
678 2229 718 2251 ae
739 2228 925 2261 perperam
949 2219 1109 2260 ponenda
1127 2218 1309 2258 aliquoties
1327 2219 1472 2250 erravit:
1499 2219 1625 2251 demde
1642 2228 1744 2258 vero,
1771 2221 1849 2260 quia
1865 2223 2007 2261 praeter

256 2274 365 2306 verba
397 2274 532 2305 eradere
565 2272 598 2302 et
631 2270 802 2302 eradicare
837 2278 997 2310 quaeque
1029 2268 1072 2300 al)
1103 2269 1143 2300 iis
1175 2268 1376 2299 derivantur
1399 2267 1490 2300 nulla
1514 2271 1608 2308 sunt,
1646 2269 1689 2301 de
1715 2269 1841 2309 quibus
1865 2270 2005 2310 cogitari

258 2325 385 2366 possit,
416 2325 518 2363 atque
550 2320 706 2362 profecto
737 2328 779 2350 ne
811 2318 855 2350 de
887 2319 939 2350 his
971 2318 1124 2359 quidem.
1168 2316 1305 2357 Syllaba
1336 2327 1377 2349 ra
1407 2318 1516 2359 prima
1542 2317 1684 2349 alicuius
1710 2319 1859 2350 nominis
1883 2318 2002 2358 fuerit3

256 2373 438 2406 rationibus
466 2370 565 2403 verbi
595 2371 736 2410 gratia.»
767 2370 926 2400 Nffissnnn.
963 2367 1214 2400 Monnnsenius
1246 2366 1404 2408 supplet:
1439 2376 1454 2398 e
1476 2367 1657 2398 rationibus
1678 2369 1801 2407 accepti
1823 2371 1852 2399 et
1874 2369 2006 2408 expensi

257 2423 426 2456 constabit.
447 2439 481 2443 —
500 2422 530 2452 5.
550 2420 733 2452 inueneitur
749 2421 783 2451 P.
805 2435 840 2441 —-
861 2419 1020 2450 ducenties
1036 2417 1302 2449 Mommsenius:
1329 2416 1472 2447 ducentis
1487 2418 1511 2447 P
1524 2416 1561 2448 O.
1582 2433 1615 2437 —
1637 2417 1668 2448 6.
1686 2417 1816 2449 triciens
1829 2419 1873 2450 P:
1897 2418 2006 2450 tricies

257 2476 294 2507 O.
315 2491 349 2495 —
376 2474 590 2504 sescentorum
614 2470 656 2500 P:
682 2471 907 2500 sexcentorum
930 2466 1026 2499 Nieb.
1058 2469 1091 2498 et
1115 2468 1152 2498 O.
1181 2483 1214 2487 —
1242 2466 1272 2497 9.
1299 2475 1360 2505 que
1382 2470 1425 2498 est
1449 2467 1484 2498 P.
1504 2483 1538 2487 --
1567 2467 1618 2498 40.
1643 2465 1751 2498 AssPls
1773 2468 1808 2498 P.
1829 2484 1863 2488 -
1890 2468 2004 2498 aerari

257 2526 293 2556 P.
315 2541 351 2546 ——
376 2521 569 2553 adscendere
592 2520 628 2550 O.
650 2537 684 2541 —
712 2519 763 2550 Μ.
789 2519 1012 2550 ltulaenorum
1036 2519 1071 2549 P.
1093 2534 1127 2538 -—
1150 2525 1227 2556 pop.
1255 2515 1323 2556 Ho.]
1348 2516 1408 2547 PR.
1428 2517 1463 2548 P.
1485 2533 1519 2537 -
1551 2516 1602 2547 42.
1628 2517 1729 2548 noteis
1752 2517 1786 2547 et
1809 2516 2004 2548 domesticeis

257 2575 293 2613 Ρ,
319 2573 383 2605 sed
406 2571 500 2603 idem
521 2570 650 2611 ignotis.
670 2586 705 2592 —-
737 2569 788 2600 43.
806 2568 963 2599 lubeicline
985 2569 1062 2599 P.-
1091 2565 1142 2597 44.
1160 2574 1322 2596 maccuma
1345 2566 1380 2596 P.
1400 2582 1434 2586 —
1459 2566 1511 2596 45.
1528 2565 1606 2597 PRO
1626 2567 1629 2602 Ι
1651 2565 1958 2606 CVRANDAQVER
1980 2567 1986 2603 Ι

256 2622 386 2654 ΞΑΤΓΞ
406 2623 442 2653 P.
464 2639 498 2643 -
518 2623 690 2660 quaestui-e
711 2620 746 2652 P.
767 2636 801 2640 -
828 2618 879 2649 46.
897 2618 960 2649 seic
976 2618 1011 2648 P.
1038 2634 1068 2638 —
1093 2616 1151 2647 ieis
1173 2615 1328 2654 rebusque
1352 2616 1388 2646 P.
1408 2632 1443 2637 —-
1467 2617 1553 2655 yeste
1568 2616 1605 2646 P.
1625 2631 1660 2635 —
1688 2615 1739 2646 47.
1758 2615 1845 2653 MV!
1868 2615 1943 2647 TOS
1964 2616 2000 2647 P.

260 2691 294 2696 -—
319 2672 460 2712 confecto
482 2672 518 2702 P.
548 2687 582 2692 —
604 2669 832 2709 priuatisquae
855 2670 891 2699 P.
916 2685 951 2690 —
976 2667 1073 2698 SINT
1094 2667 1134 2703 P;
1161 2666 1310 2696 correxit
1332 2663 1445 2703 Nieb.‚
1477 2664 1540 2695 nisi
1565 2663 1662 2696 malis
1687 2666 1788 2696 antea
1811 2669 1918 2706 gestae
1939 2666 2004 2697 sint

258 2724 292 2755 et
312 2720 530 2762 pertinuerint
554 2719 754 2750 emendare.
784 2735 818 2740 —-
845 2717 896 2748 48.
920 2717 1019 2756 furiet
1042 2717 1078 2747 P.
1095 2733 1129 2737 —
1157 2715 1320 2754 aliquoius
1343 2716 1377 2745 P.
1406 2731 1442 2736 -
1468 2714 1623 2753 suspeicio
1648 2715 1682 2746 P.
1712 2732 1746 2736 —
1773 2715 1826 2746 49.
1849 2724 2003 2747 consecu-

256 2776 320 2803 last
342 2770 623 2803 turbulentissumo
644 2769 726 2808 reip.
753 2769 788 2799 P.
810 2786 844 2790 —
869 2767 926 2798 AD
949 2770 952 2804 Ι
976 2767 1117 2797 I'ENTV
1135 2767 1171 2797 L.
1189 2765 1349 2797 SI'LLAE
1369 2767 1373 2801 1
1393 2763 1719 2796 MAXVMIEXERCI
1735 2767 1740 2802 l
1763 2765 1787 2796 T
1792 2765 1838 2796 VS
1858 2766 1906 2796 IN
1916 2765 2003 2796 ITA-

256 2821 381 2858 LIAM}
403 2819 722 2851 CIVIVMDISSIDE
743 2821 746 2855 Ι
766 2817 1048 2848 RENTII'DICIIS
1077 2817 1120 2853 P;
1157 2815 1307 2847 correxit
1340 2812 1564 2852 Nicbuhrius,
1603 2814 1707 2846 etiam
1736 2814 1826 2846 hanc
1857 2813 2001 2845 alteram

257 2868 468 2902 emendandi
491 2868 660 2899 rationem
683 2875 882 2908 proponens
899 2876 904 2896 z
931 2875 1005 2897 cum
1021 2866 1095 2896 adv.
1113 2865 1148 2896 L.
1168 2866 1202 2895 S.
1220 2863 1361 2895 matrimi
1383 2862 1544 2893 eremitas
1566 2863 1686 2894 civium
1707 2863 1741 2893 in
1756 2863 1854 2894 Italia
1871 2863 2001 2904 [quidni

255 2920 289 2950 in
318 2919 418 2950 ltalia
447 2917 602 2958 cifviumv]
635 2917 742 2948 dissid.
768 2918 805 2948 de
829 2918 894 2947 cet.
937 2916 1063 2955 Recepi
1092 2913 1270 2946 Niebuhrii
1302 2912 1603 2951 emendationem,
1634 2914 1792 2952 quamvis
1816 2913 1859 2945 sit
1882 2912 1998 2944 dubia.

257 2967 524 3005 Mommsenius‚
557 2967 611 2998 cui
643 2965 738 2998 loeus
762 2964 946 2997 lacunosus
969 2965 1120 3003 xidetur,
1146 2965 1234 2996 haec
1257 2963 1457 3004 proposuit:
1495 2964 1636 2993 adventu
1656 2963 1693 2994 L.
1719 2962 1829 2993 Sullae
1850 2962 2000 2993 maxumi

256 3019 419 3050 exercilus
443 3015 570 3057 (genii.)
594 3016 627 3046 in
650 3016 784 3047 Italiam
807 3016 890 3047 cives
913 3014 1101 3046 dissiderent
1121 3013 1155 3044 vi
1177 3016 1206 3044 et
1229 3013 1350 3050 armis,
1376 3021 1440 3042 non
1463 3013 1590 3043 iudiciis
1613 3021 1652 3043 ac
1673 3012 1805 3052 leyibus.

341 3068 395 3101 22.
423 3066 465 3107 (5.
483 3065 527 3105 7.)
557 3065 593 3096 C.
619 3065 726 3097 IuLms
750 3065 874 3096 V1cron
896 3065 950 3096 VI.
978 3064 1009 3104 g.
1035 3065 1066 3095 2.
1093 3071 1170 3105 pag.
1195 3063 1269 3094 2⁴9.
1296 3062 1351 3093 Or.
1390 3062 1450 3093 «In
1478 3072 1514 3094 re
1544 3065 1652 3094 autem
1678 3061 1867 3093 coniectura
1894 3069 1999 3102 arqu-

256 3120 366 3148 menta
388 3117 552 3147 ducuntur
575 3123 596 3145 a
619 3117 703 3153 toto,
736 3123 758 3145 a
775 3118 890 3154 parte,
923 3123 945 3145 a
967 3121 1100 3154 yenere,
1130 3121 1152 3143 a
1173 3111 1276 3151 specie
1301 3112 1367 3143 cet.
1388 3128 1423 3133 —
1447 3130 1480 3134 —
1499 3113 1540 3143 Et
1562 3115 1598 3143 ut
1619 3113 1664 3143 M.
1691 3111 1812 3142 Tullius
1832 3111 1867 3142 in
1888 3111 1998 3151 defen-

257 3166 344 3197 sione
365 3166 439 3205 fecit
456 3174 521 3205 pro
543 3164 696 3196 Fonteio:
727 3164 755 3195 si
781 3163 872 3196 nulla
903 3163 1051 3204 pecunia
1074 3163 1255 3194 numerata
1279 3162 1347 3200 est,
1379 3162 1465 3200 quod
1486 3165 1531 3193 est
1553 3164 1671 3193 totum:
1706 3161 1803 3192 cuius
1827 3161 1996 3202 pecuniae

259 3214 545 3255 quinquagesima
569 3214 649 3245 est‘?
673 3214 759 3252 quod
780 3217 825 3245 est
842 3221 959 3253 pars.»
986 3231 1022 3236 —-
1047 3212 1144 3244 Idem
1167 3212 1221 3243 VI.
1248 3211 1279 3252 ἓ.
1304 3210 1335 3243 4.
1361 3219 1396 3252 p.
1413 3212 1507 3243 222:
1536 3213 1595 3243 «Et
1611 3211 1881 3251 quemadmodum
1894 3218 1997 3250 supra

259 3263 506 3303 quaerebamus,
532 3263 609 3303 quid
630 3266 707 3294 esset
729 3263 847 3301 simile,
871 3263 919 3294 ita
941 3264 971 3294 el
993 3270 1009 3294 e
1030 3262 1198 3294 contrario
1219 3261 1472 3300 consideremus,
1501 3261 1579 3300 quid
1600 3262 1634 3292 in
1655 3269 1688 3292 se
1709 3260 1860 3292 dissimile
1881 3259 1997 3290 habeat

259 3320 300 3345 ea
320 3321 372 3346 res
393 3321 477 3354 quae
497 3312 532 3345 in
554 3312 773 3353 quaestionem
794 3312 898 3352 venit,
921 3314 959 3344 ut
974 3320 1039 3353 pro
1053 3311 1185 3346 Fonteio
1199 3311 1246 3345 M.
1266 3310 1386 3344 Tullius
1407 3311 1613 3351 exsequium-,-
1638 3310 1742 3351 quod
1762 3310 1847 3343 eius
1868 3315 1996 3342 causa
