2127 3708
873 207 946 262 §S-
979 205 1031 248 43
1047 231 1101 239 -
1115 206 1181 249 20.
1849 209 1903 250 93

162 350 1902 369 ιιιιιιιιιιιιιιιιιιιιιιιιιιιιιιιιιιιιιιιιιιιιιιιιιιιιιιι

161 413 1070 424 .............................
1104 381 1168 423 [17.
1200 383 1367 423 modum
1405 384 1710 437 proscripsisse.
1760 387 1905 426 Homi-

159 461 253 487 nem
293 446 486 500 appellat.
544 446 627 485 Iste
671 458 769 484 sane
814 444 1065 495 adroganter
1105 446 1219 499 quod
1258 445 1523 484 commodum
1560 446 1638 485 fuit
1676 448 1903 501 respondit.

158 510 402 563 Nequedum
432 506 533 547 lines
564 512 710 547 auctor
739 507 1106 547 demonstraverat.
1164 507 1291 546 Mittit
1322 506 1374 546 ad
1404 513 1716 560 procuratorem
1747 509 1904 549 litteras

159 575 200 611 et
228 571 279 611 ad
309 570 476 610 vilicum
507 570 668 609 Tullius
702 599 1904 615 ......................................
1936 580 1954 609 5

160 661 1903 673 οοοοοοοοοοοοοοοοοοοοοοοοοοοοοοοοοοοοοοοοοοοοοοοοοοοοοοο

160 723 1336 734 .....................................
1369 692 1574 734 facturum
1605 695 1792 747 negavit;
1824 696 1905 735 illis

158 757 396 797 absentibus
428 754 531 796 fines
561 757 789 796 Acerronio
820 755 1144 803 demonstravit,
1184 769 1321 809 neque
1361 759 1498 795 tamen
1539 756 1645 797 hanc
1677 758 1905 798 centuriam

156 820 428 873 Populianam
457 833 629 860 vacuam
660 820 842 859 tradidit.
900 818 1175 866 Acerronius,
1216 818 1429 872 quomodo
1460 820 1619 873 potuit,
1663 833 1706 859 se
1739 820 1789 858 de
1820 824 1906 859 tota

156 895 200 922 re
232 896 283 922 ex
304 909 1904 925 .................................................
1922 891 1956 920 10

159 973 1907 988 ············································

158 1035 1904 1050 ············································

882 1112 905 1134 :il-
1159 1120 1182 1127 ν

158 1154 224 1198 48.
249 1158 359 1198 mine
391 1157 595 1198 eiusmodi
618 1157 900 1198 semustilatus
922 1157 1078 1209 effugit.
1108 1157 1290 1197 Adducit
1311 1157 1389 1197 iste
1410 1157 1570 1197 interea
1590 1156 1632 1196 in
1664 1157 1813 1197 saltum
1833 1156 1909 1197 ho-

158 1221 290 1260 mines
320 1220 474 1260 electos
496 1220 689 1260 maximis
710 1220 860 1260 animis
882 1225 922 1260 et
943 1220 1123 1268 viribus,
1155 1225 1195 1260 et
1214 1221 1264 1260 iis
1286 1233 1419 1268 arma,
1451 1233 1559 1273 quae
1582 1219 1733 1274 cuique
1754 1221 1910 1260 habilia

157 1287 283 1336 atque
314 1286 410 1335 apta
440 1287 597 1330 essent,
635 1286 869 1336 comparat:
910 1295 1081 1336 prorsus
1112 1287 1159 1322 ut
1189 1282 1326 1336 quivis
1357 1282 1611 1335 intelligeret
1639 1296 1724 1322 non
1755 1296 1827 1323 eos
1858 1282 1960 1323 ad⁴5

156 1357 241 1384 rem
271 1345 484 1393 rusticam,
523 1358 667 1384 verum
711 1344 762 1384 ad
794 1344 962 1384 caedem
993 1358 1040 1384 ac
1070 1358 1252 1398 pugnam
1284 1345 1529 1398 comparari.
1589 1342 1655 1383 49.
1686 1344 1806 1384 Brevi
1836 1344 1909 1383 illo

157 1410 344 1459 tempore
375 1406 425 1455 Q.
457 1407 561 1447 Catii
591 1407 836 1454 Aemiliani,
866 1406 1049 1447 hominis
1079 1407 1268 1455 honesti,
1300 1420 1425 1461 quem
1445 1420 1519 1447 vos
1545 1407 1700 1455 nostis,
1732 1407 1815 1447 duo
1835 1407 1912 1446 ho·-

157 1470 290 1510 mines
320 1470 584 1518 occiderunt,
624 1470 753 1510 multa
783 1470 867 1510 alia
895 1470 1104 1518 fecerunt,
1144 1470 1300 1523 passim
1331 1470 1588 1523 vagabantur
1616 1469 1786 1518 armati,
1825 1482 1912 1510 non

158 1533 351 1580 obscure,
383 1533 455 1573 sed
484 1538 532 1573 ut
560 1533 683 1586 plane
714 1533 947 1585 intelligere
977 1532 1237 1580 viderentur,
1269 1532 1321 1572 ad
1343 1545 1468 1586 quam
1489 1545 1575 1571 rem
1597 1532 1729 1584 parati
1751 1536 1911 1579 essent3

158 1608 296 1647 agros,
327 1595 414 1636 vias
446 1596 629 1649 denique
660 1595 831 1635 infestas
862 1595 1082 1635 habebant.
1141 1595 1266 1635 Venit
1296 1595 1339 1634 in
1371 1594 1602 1634 Thurinum
1633 1595 1794 1634 interea
1814 1593 1962 1633 Tul-20

158 1658 252 1698 lius.
298 1658 457 1698 Deinde
488 1658 566 1698 iste
598 1663 717 1711 pater
745 1658 924 1698 familias
954 1658 1181 1705 Asiaticus,
1222 1657 1369 1697 beatus
1400 1670 1533 1697 novus
1564 1661 1702 1697 arator
1732 1661 1772 1696 et
1801 1656 1913 1695 idem

159 1720 402 1773 pecuarius,
447 1734 541 1760 cum
580 1721 811 1760 ambularet
848 1721 891 1761 in
928 1734 1047 1773 agro,
1092 1720 1387 1760 animadvertit
1424 1720 1467 1759 in
1497 1719 1574 1760 hac
1605 1720 1696 1772 ipsa
1727 1718 1914 1759 centuria

161 1783 391 1835 Populiana
434 1781 670 1823 aedificium
710 1796 795 1822 non
832 1783 890 1822 ita
928 1796 1123 1835 magnum
1167 1796 1416 1836 servumque
1446 1783 1500 1822 M.
1534 1781 1660 1821 Tullii
1689 1781 1912 1821 Philinum.

161 1841 227 1884 20.
261 1844 407 1892 «Quid
436 1845 578 1892 vobis,
619 1845 781 1898 inquit,
821 1845 914 1884 istic
943 1845 1101 1897 negotii
1132 1845 1176 1884 in
1206 1859 1298 1885 meo
1330 1846 1459 1885 est‘I»
1513 1844 1666 1884 Servus
1695 1843 1915 1896 respondit

161 1979 366 2019 versabatur,
383 1988 457 2011 cum
472 1979 574 2011 subito
588 1980 695 2011 nuntii
710 1980 756 2011 M.
772 1980 871 2011 Tullio
886 1980 1019 2011 veniunt
1035 1989 1057 2011 a
1071 1979 1162 2018 villa,
1179 1980 1213 2011 P.
1224 1978 1361 2010 Fabium
1377 1979 1470 2019 fundi
1486 1978 1572 2010 illius
1583 1978 1726 2020 finitumi
1741 1980 1912 2019 maiorem,

163 2037 263 2069 quam
284 2029 352 2068 ipse
372 2037 477 2068 nuper
506 2038 579 2060 cum
603 2029 659 2061 Cn.
685 2029 861 2060 Acerronio
887 2030 1040 2071 emisset,]
1064 2031 1196 2061 modum
1219 2030 1243 2060 B
1257 2030 1301 2066 Ο,
1325 2030 1398 2060 viro
1421 2028 1578 2070 op[timo.·
1601 2039 1676 2062 cum
1698 2032 1801 2072 igitur
1821 2040 1915 2062 nemo

162 2087 265 2110 emere
280 2078 384 2116 vellet,
410 2079 483 2109 huic
505 2079 590 2110 socio
610 2079 750 2118 fundum
772 2079 915 2119 impeyit.
951 2079 980 2109 Is
1003 2082 1072 2110 tum
1089 2080 1209 2110 Romae
1232 2079 1366 2120 agebat,
1391 2088 1465 2110 cum
1483 2079 1584 2111 Tullio
1606 2082 1791 2120 nuntiatur,
1815 2089 1916 2113 novos

158 2127 281 2159 ‘vicinos
301 2128 479 2166 ‘'naiorem,
505 2136 604 2166 quam
627 2127 772 2166 ipsorum
794 2130 888 2165 esset,
912 2127 1016 2168 fundi]
1040 2129 1173 2160 modum
1193 2130 1238 2168 H,
1263 2129 1335 2160 ciro
1359 2130 1511 2169 op[timo;
1537 2131 1590 2162 cui
1612 2131 1710 2171 facile
1735 2132 1912 2172 persuasit,

159 2181 195 2209 ut
215 2177 353 2217 fundum
375 2178 444 2208 iam
467 2186 668 2208 communem
691 2181 819 2209 emeret.
851 2178 942 2217 Quod
964 2180 999 2207 ut
1015 2182 1215 2218 compertum
1238 2182 1296 2216 est,
1322 2180 1517 2211 admonetur
1539 2189 1561 2211 a
1578 2184 1799 2221 procuratore
1823 2181 1917 2212 Tullii

158 2228 371 2267 Acerronius,
395 2228 594 2259 venditorem
609 2228 684 2268 agri
698 2227 830 2268 falsum]
846 2228 979 2259 modum
995 2228 1031 2258 Κ.
1054 2245 1089 2249 -
1115 2229 1146 2259 5.
1164 2229 1308 2260 villicum
1324 2229 1360 2260 O.
1378 2247 1413 2251 ——
1439 2230 1572 2262 Desunt
1595 2230 1721 2263 decem
1737 2229 1912 2262 versiculi.

160 2277 235 2309 Vid.
254 2277 298 2309 ad
314 2285 347 2318 p.
373 2276 425 2308 92.
443 2285 474 2307 v.
494 2276 524 2308 9.
553 2277 690 2316 Tullius,
717 2276 859 2317 [adirent
876 2277 908 2308 C.
925 2276 1040 2308 Claudi
1058 2281 1331 2317 procuratorem,
1356 2282 1393 2309 ut
1415 2279 1493 2318 ipsis
1510 2280 1736 2318 praesentibus
1755 2281 1836 2321 fines
1852 2289 1916 2312 enz-

155 2327 304 2367 peoribus
326 2326 512 2358 ostenderet.
540 2326 571 2357 Is
594 2335 669 2358 vero
692 2327 797 2358 nescio
822 2336 888 2367 qua
910 2327 1105 2358 contumelia
1126 2328 1317 2368 suspicionis
1340 2330 1479 2369 offensus
1500 2329 1559 2361 hoc
1581 2330 1623 2370 se]
1646 2331 1814 2371 facturum
1837 2331 1861 2363 B
1875 2331 1913 2371 O,

163 2376 300 2415 Tullius,
329 2375 491 2417 [caverent
510 2376 689 2417 finiumque
713 2376 979 2408 demonstrationi
1002 2377 1188 2409 interessent
1211 2379 1371 2410 admonet.
1407 2379 1450 2410 Hi
1472 2379 1611 2411 Fabium
1634 2381 1772 2421 adeunt,
1798 2385 1917 2413 etcum

158 2428 238 2468 fines
260 2427 580 2466 demonstrarentur,
613 2435 645 2458 se
668 2427 862 2466 advocaret,
895 2428 1074 2458 verecunde
1091 2431 1225 2467 petunt,·
1250 2431 1285 2459 at
1307 2429 1359 2460 ille
1381 2429 1423 2470 se]
1453 2429 1621 2469 facturum
1645 2430 1684 2461 H.
1713 2449 1748 2453 —
1774 2431 1805 2463 8.
1833 2431 1916 2462 «Vix

161 2475 298 2514 dubito,
339 2475 422 2516 quin
453 2484 544 2507 ants
574 2475 675 2507 fuerit
699 2476 886 2517 scriptum,
919 2486 1133 2518 quamquam
1164 2477 1267 2519 paulo
1291 2479 1451 2520 superius
1477 2479 1520 2519 (v.
1539 2479 1583 2519 4.)
1609 2480 1769 2512 distincte
1793 2479 1916 2521 legitur

159 2533 291 2557 rums.»
316 2525 414 2556 REM..
444 2541 479 2546 —
505 2525 536 2556 9.
558 2525 776 2565 populianam.
798 2527 822 2557 B
837 2527 882 2565 H,
908 2527 1115 2566 Popilianam
1139 2528 1175 2559 O.
1205 2546 1239 2551 —
1264 2537 1475 2561 SEDETORARE
1497 2530 1536 2566 A,
1567 2530 1651 2561 sedet
1673 2539 1770 2562 orare
1793 2531 1913 2563 Maius.

161 2573 366 2606 Emendavit
398 2573 621 2607 Niebuhrius.
649 2592 686 2598 —
724 2575 775 2606 40.
814 2575 1089 2608 «Desiderantur
1117 2578 1283 2610 undecim
1312 2587 1456 2617 versus,
1492 2579 1626 2620 primus
1658 2589 1727 2612 non
1751 2580 1913 2621 legibilis,

161 2625 409 2666 praeterquam
441 2623 534 2664 quod
566 2624 599 2655 in
631 2624 699 2656 fine
724 2624 818 2656 haud
842 2624 947 2657 dubie
971 2625 1104 2658 litterae
1130 2636 1173 2658 VM
1197 2628 1476 2668 conspiciuntur,
1506 2627 1630 2669 reliqui
1653 2629 1780 2662 decem
1804 2629 1915 2661 cultro

162 2673 326 2706 desecti.»
353 2673 452 2705 ΚΕΗ..
495 2673 696 2715 eoe[cusavit‚
733 2684 807 2706 cum
833 2676 979 2715 primum
1009 2676 1135 2715 potuit,·
1164 2677 1265 2708 Fabio
1296 2680 1405 2709 autem
1428 2678 1540 2709 statim
1561 2679 1762 2710 renuntiavit
1785 2678 1917 2720 (maluit

162 2723 247 2755 eni-m
268 2723 316 2754 rei
340 2730 441 2761 quam
464 2724 725 2756 existumationis
745 2725 855 2766 facere
877 2726 1055 2767 iacturam)
1079 2730 1178 2767 atque
1199 2736 1242 2759 ex
1263 2728 1414 2760 societate
1436 2737 1510 2759 cum
1531 2728 1672 2770 ho]mine
1693 2730 1718 2761 B
1732 2730 1774 2768 Ο,
1800 2729 1916 2770 eoe[cu-

162 2772 246 2804 savit
268 2773 357 2812 apud
381 2772 517 2804 Tullium
527 2782 539 2811 ‚·
562 2783 637 2805 cum
651 2774 753 2806 Fabio
777 2778 885 2806 autem
907 2776 991 2807 socio
1014 2785 1071 2808 suo
1095 2786 1134 2808 ac
1155 2778 1322 2810 venditore
1342 2787 1456 2809 rerum
1478 2779 1522 2810 ad
1544 2788 1577 2810 se
1598 2789 1664 2810 uon
1681 2780 1916 2820 pertinentium

163 2822 241 2862 quid
263 2822 380 2862 egerit,
405 2831 471 2854 non
493 2824 646 2864 comperi.
683 2828 768 2856 certe
789 2825 989 2857 vehementer
1010 2827 1177 2866 gratulari
1200 2827 1258 2858 sibi
1277 2831 1396 2867 potest,
1422 2829 1449 2859 si
1473 2837 1514 2860 ea,-
1536 2829 1664 2870 negotio
1687 2838 1760 2861 cum
1775 2829 1915 2870 ho]mine

164 2871 204 2903 H.
230 2870 297 2902 Sed
314 2869 469 2904 Kellerus
488 2872 532 2913 (p.
552 2873 613 2905 609
629 2874 720 2914 sqq.)
743 2873 934 2906 admodum
957 2874 1184 2915 probabiliter
1199 2877 1326 2916 docuit,
1351 2880 1492 2919 praeter
1507 2879 1672 2910 undecim
1688 2878 1762 2912 illos
1780 2882 1915 2921 postre-

164 2929 240 2954 mos
270 2921 358 2952 tertii
383 2920 451 2952 folii
482 2922 702 2955 Ambrosiani
733 2924 923 2956 versiculos
952 2926 1123 2965 integrum
1150 2927 1254 2959 etiam
1278 2926 1416 2966 solium,
1448 2937 1557 2961 unum
1580 2928 1739 2970 plurave,
1777 2929 1916 2962 deside-

163 2971 248 3010 rari,
275 2979 364 3011 quae
388 2972 622 3004 narrationem
646 2973 689 3005 de
713 2973 874 3006 incendio
892 2974 921 3014 S.
941 2972 992 3005 54.
1014 2977 1209 3007 memorato
1227 2977 1469 3009 continuerint.
1504 2979 1624 3018 Itaque
1642 2980 1803 3011 neutrum
1820 2988 1916 3012 com·

164 3021 322 3052 mentum
344 3020 526 3062 probabile
551 3023 615 3054 est.
637 3040 672 3046 -κ
699 3023 750 3055 44.
777 3024 827 3065 iis]
852 3032 882 3055 1s
898 3023 943 3063 A,
970 3025 997 3055 is
1019 3024 1104 3063 BH,
1129 3025 1178 3057 his
1194 3027 1228 3058 P.
1251 3044 1285 3048 —
1311 3035 1404 3058 ABITA
1424 3030 1500 3065 1L1A
1515 3029 1554 3059 A.
1591 3029 1797 3061 Emendavit
1813 3030 1916 3061 Hein-

164 3069 304 3101 richius.
338 3088 372 3092 —-
405 3071 455 3102 45.
486 3070 681 3112 intelleyeret
709 3073 736 3103 A
752 3072 855 3105 PBH
868 3072 905 3103 K.
934 3090 969 3094 —
1008 3073 1059 3104 46.
1084 3074 1192 3115 Brevi]
1230 3076 1329 3107 «Non
1360 3074 1485 3116 legitur
1507 3077 1534 3109 B
1556 3076 1711 3118 initialis,
1749 3084 1791 3110 ex
1813 3087 1913 3111 more

164 3117 291 3150 lineam
316 3127 473 3159 egressa,
498 3121 537 3152 ut
560 3121 715 3162 opinor.»
740 3123 839 3154 KELL.
868 3139 904 3144 -—
939 3122 988 3153 ¹¹7.
1015 3122 1089 3154 Cati
1115 3124 1258 3155 APBH
1270 3125 1309 3156 K.
1337 3141 1373 3147 --
1407 3126 1460 3158 49.
1485 3126 1668 3168 intelleyere
1689 3128 1845 3160 APBH.
1874 3144 1909 3151 -

165 3168 218 3200 20.
246 3169 425 3208 TrRquA,
461 3170 637 3209 Thyrinum
665 3172 819 3204 PBHK.
849 3190 884 3194 —
910 3171 962 3203 23.
983 3173 1169 3212 poputiana
1190 3174 1274 3214 BH,
1309 3175 1483 3215 Popiliana
1506 3177 1543 3208 O.
1573 3194 1607 3199 —
1631 3184 1692 3209 sm
1713 3180 1717 3215 Ι
1735 3186 1853 3216 RWMQ.
1871 3179 1912 3210 A.

170 3235 204 3240 —
224 3219 304 3251 Tulli
318 3220 418 3251 APB
432 3220 460 3251 H
472 3221 510 3252 Κ.
531 3238 566 3243 -
590 3221 761 3263 Philinum]
785 3230 899 3253 mnus
912 3222 950 3253 A.
979 3221 1027 3253 Cf.
1047 3221 1077 3262 S.
1091 3223 1145 3254 22.
1163 3241 1198 3247 —
1224 3223 1276 3255 241.
1294 3233 1406 3263 nvom)
1427 3228 1432 3263 ι
1451 3233 1685 3258 ετισΝΕσοΤηΜ
1703 3228 1708 3264 Ι
1728 3234 1858 3259 ΜΕοΕεΤ
1872 3229 1911 3266 A,

165 3266 294 3309 inquid,
320 3270 389 3301 ''stic
410 3271 517 3311 neyoti
539 3271 655 3303 immeo
678 3274 723 3303 est
739 3273 762 3302 P
776 3271 803 3302 H
816 3271 861 3310 K,
886 3271 1010 3312 inquit,
1034 3271 1104 3304 'stic
1125 3273 1234 3314 neqoti
1255 3273 1301 3306 im
1322 3283 1392 3307 meo
1415 3277 1461 3307 est
1482 3275 1506 3306 B
1521 3275 1562 3315 O,
1589 3276 1688 3316 quasi
1704 3278 1821 3309 orator
1835 3275 1915 3309 vul-

163 3325 282 3357 garem
303 3319 621 3361 pronuntiationem
644 3320 866 3362 expresserit.
