2127 3708
686 223 985 265 CARI—111.
1024 221 1098 276 §§.
1129 219 1307 264 3-44.
1844 224 1869 266 3

122 340 269 381 aetatis
298 338 491 379 homines
513 335 830 383 disertissimos,
860 335 1136 383 fortissimos,
1169 335 1457 376 ornatissimos
1487 342 1654 378 nostrae
1676 338 1868 386 civitatis,

124 403 196 456 qui
227 400 435 442 communi
467 399 605 439 studio
637 398 809 438 summis
841 398 992 451 opibus
1027 398 1122 437 Sex.
1154 398 1356 437 Naevium
1388 399 1635 449 defendunt,
1669 403 1702 441 si
1734 402 1775 441 id
1809 407 1871 441 est

123 465 368 511 defendere,
399 461 617 515 cupiditati
649 460 820 501 alterius
852 460 1160 513 obtemperare,
1200 474 1284 513 quo
1316 461 1351 500 is
1382 461 1568 509 facilius,
1601 478 1724 517 quem
1756 465 1869 512 velit,

124 528 269 581 iniquo
311 525 467 566 iudicio
514 524 750 577 opprimere
782 523 926 575 possit.
987 522 1024 561 8.
1064 524 1165 562 Nam
1200 523 1301 576 quid
1331 524 1411 563 hoc
1443 525 1630 578 iniquius
1662 531 1733 565 aut
1764 527 1871 565 indi-

124 591 265 643 gnius,
307 588 349 628 C.
378 587 541 640 Aquili,
589 586 669 625 dici
703 591 775 625 aut
805 585 1121 625 commemorari
1154 590 1314 638 potest,
1359 600 1483 639 quam
1516 601 1600 634 me,
1643 588 1715 641 qui
1747 594 1871 641 (eaput
1902 597 1920 625 5

124 652 314 699 alterius,
345 650 496 690 samam
526 649 801 701 fortunasque
833 647 1076 694 defendam,
1108 649 1246 700 priore
1279 648 1372 688 loco
1396 662 1563 689 causam
1585 650 1744 697 dicere,
1777 665 1870 690 cum

124 713 366 768 praesertim
389 712 438 760 Q.
459 711 732 758 Hortensius,
766 711 837 764 qui
870 711 912 750 in
943 710 1023 749 hoc
1055 711 1212 750 iudicio
1243 717 1382 764 partes
1413 713 1668 753 accusatoris
1699 714 1871 761 obtinet,

125 781 266 816 contra
296 788 360 814 me
391 775 445 814 sit
476 775 684 821 dicturus,
716 773 783 813 cui
815 786 1019 813 summam
1052 774 1215 826 copiam
1245 774 1570 829 facultatemque
1602 776 1768 816 dicendi
1801 789 1872 815 na-

124 844 214 879 tura
243 837 390 891 largita
420 839 509 877 est?
555 838 617 876 Ita
646 835 709 884 fit,
742 841 788 875 ut
818 849 916 888 ego,
949 836 1021 888 qui
1052 835 1135 875 tela
1157 836 1366 889 depellere
1389 843 1430 877 et
1451 838 1692 878 xulnerihus
1716 839 1871 878 mederi

123 901 315 947 debeam,
346 905 434 940 tum
465 900 507 939 id
537 899 674 939 facere
707 911 853 951 cogar,
886 911 979 937 cum
1012 898 1135 937 etiam
1168 899 1296 938 telum
1327 900 1591 941 adversarius
1622 902 1783 941 nullum
1814 903 1921 941 ie-10

122 962 243 1010 cerit,
273 962 356 1002 illis
388 967 527 1003 autem
558 962 599 1001 id
631 967 794 1014 tempus
826 961 1100 1013 impugnandi
1133 961 1273 1009 detur,
1319 976 1413 1002 cum
1444 969 1484 1003 et
1513 964 1672 1004 vitandi
1704 965 1871 1005 illorum

121 1025 301 1078 impetus
332 1030 517 1078 potestas
548 1025 743 1077 adempta
774 1023 895 1064 nobis
937 1024 1015 1063 erit
1056 1028 1118 1071 et,
1159 1024 1193 1063 si
1226 1038 1309 1077 qua
1338 1025 1383 1064 in
1413 1039 1477 1073 re,
1517 1026 1560 1065 id
1591 1028 1705 1080 quod
1738 1027 1872 1080 parati

122 1092 219 1127 sunt
263 1087 421 1135 facere,
465 1087 616 1127 falsum
657 1086 814 1126 crimen
854 1086 973 1139 quasi
1015 1092 1265 1126 venenatum
1305 1088 1479 1141 aliquod
1520 1090 1650 1129 telum
1680 1091 1872 1139 iecerint,

123 1150 354 1191 medicinae
393 1150 609 1190 faciendae
652 1149 769 1189 locus
809 1162 895 1188 non
925 1148 1015 1188 erit.
1076 1147 1114 1188 9.
1156 1150 1203 1188 Id
1234 1151 1387 1190 accidit
1415 1153 1622 1204 praetoris
1653 1154 1873 1207 iniquitate

124 1217 165 1252 et
193 1213 366 1253 iniuria:
397 1213 579 1266 primum
611 1211 725 1265 quod
757 1216 900 1251 contra
932 1211 1119 1251 omnium
1144 1214 1494 1253 consuetudinem
1525 1215 1727 1255 iudicium
1757 1217 1872 1269 prius
1891 1222 1923 1251 ¹5

123 1275 173 1314 de
204 1276 356 1328 probro
389 1288 514 1329 quam
545 1275 595 1315 de
625 1288 669 1314 re
696 1274 843 1314 maluit
862 1271 973 1321 fieri3
1007 1274 1180 1322 deinde,
1213 1276 1328 1328 quod
1355 1276 1413 1316 ita
1433 1278 1652 1318 constituit
1671 1278 1714 1317 id
1735 1279 1873 1331 ipsum

123 1338 347 1387 iudicium,
386 1343 433 1378 ut
462 1351 581 1385 reus,
625 1342 849 1390 antequam
880 1337 1054 1376 verbum
1085 1339 1341 1378 accusatoris
1372 1340 1582 1389 audisset,
1615 1355 1783 1382 causam
1813 1343 1875 1381 di-

123 1414 215 1441 cere
247 1406 486 1455 cogeretur:
528 1401 642 1454 quod
673 1413 818 1439 eorum
849 1400 982 1451 gratia
1014 1404 1054 1439 et
1084 1401 1273 1453 potentia
1303 1402 1459 1442 factum
1490 1409 1573 1452 est,
1617 1405 1711 1459 qui,
1753 1406 1873 1459 quasi

122 1477 197 1505 sua
226 1478 292 1504 res
325 1468 396 1504 aut
425 1463 560 1504 honos
592 1467 760 1516 agatur,
791 1462 849 1502 ita
880 1463 1105 1515 diligenter
1125 1463 1221 1503 Sex.
1243 1465 1389 1505 Naevii
1421 1467 1561 1507 studio
1594 1472 1635 1507 et
1655 1467 1873 1521 cupiditati

122 1540 281 1567 morem
312 1531 461 1580 gerunt
491 1531 532 1566 et
561 1526 605 1566 in
636 1525 844 1566 eiusmodi
874 1525 998 1565 rebus
1030 1539 1131 1579 opes
1163 1540 1258 1567 suas
1290 1529 1589 1581 experiuntur,
1632 1530 1676 1569 in
1707 1530 1923 1583 quihus,20

124 1603 207 1644 quo
237 1590 332 1643 plus
362 1594 534 1643 propter
562 1589 760 1630 virtutem
789 1587 1139 1642 nobilitatemque
1170 1595 1372 1643 possunt,
1404 1605 1453 1632 eo
1476 1593 1636 1641 minus,
1670 1597 1874 1646 quantum

121 1653 308 1706 possint,
340 1653 493 1692 debent
523 1651 758 1692 ostendere.
805 1647 869 1689 llO.
904 1651 1007 1690 Cum
1038 1656 1101 1692 tot
1130 1653 1343 1707 tantisque
1367 1653 1682 1696 difficultatibus
1702 1656 1873 1695 affectus

122 1719 248 1769 atque
278 1714 456 1755 afflictus
487 1715 530 1754 in
561 1719 693 1761 tuam,
736 1714 778 1753 C.
809 1713 973 1766 Aquili,
1013 1711 1160 1761 fidem,
1200 1717 1437 1766 veritatem,
1469 1719 1800 1759 misericordiam
1830 1721 1872 1759 P.

123 1777 345 1826 Quinctius
377 1777 634 1830 confugerit;
666 1789 759 1816 cum
789 1776 924 1815 adhuc
956 1776 994 1816 ei
1029 1783 1203 1830 propter
1222 1779 1307 1819 vim
1337 1780 1672 1821 adversariorum
1702 1796 1788 1823 non
1809 1784 1873 1823 ius

121 1853 217 1893 par,
261 1853 347 1880 non
378 1840 530 1892 agendi
568 1843 753 1892 potestas
785 1838 951 1886 eadem,
989 1853 1074 1879 non
1105 1841 1371 1893 magistratus
1402 1857 1561 1897 aequus
1592 1846 1767 1899 reperiri
1799 1860 1873 1899 po·
1888 1854 1924 1884 25

122 1902 270 1951 tuerit3
301 1915 395 1942 cum
426 1902 464 1941 ei
495 1914 699 1941 summam
740 1913 815 1953 per
844 1901 1040 1940 iniuriam
1072 1904 1212 1943 omnia
1241 1904 1413 1946 inimica
1443 1912 1568 1960 atque
1600 1908 1755 1950 infesta
1784 1910 1874 1950 fue-

124 1964 226 2004 rint:
256 1969 319 2011 te,
352 1964 394 2004 C.
421 1963 584 2017 Aquili,
614 1976 800 2016 vosque,
835 1963 972 2016 quiin
1001 1965 1178 2004 consilio
1201 1966 1376 2015 adestis,
1409 1975 1500 2008 orat
1519 1975 1645 2023 atque
1669 1972 1874 2020 obsecrat,

124 2031 172 2066 ut
209 2026 352 2067 multis
396 2026 561 2065 iniuriis
598 2026 791 2065 iactatam
836 2030 962 2079 atque
1001 2027 1198 2079 agitatam
1236 2030 1492 2083 aequitatem
1522 2032 1565 2071 in
1594 2033 1675 2073 hoc
1705 2036 1874 2074 tandem

125 2089 218 2129 loco
249 2089 477 2129 consistere
509 2093 550 2128 et
580 2085 814 2128 confirmari
845 2088 1075 2140 patiamini.
1134 2090 1181 2129 Id
1214 2105 1298 2144 quo
1327 2092 1492 2134 facilius
1522 2094 1658 2135 facere
1688 2097 1874 2149 possitis,

125 2151 232 2191 dabo
273 2163 467 2205 operam,
510 2155 558 2191 ut
587 2164 611 2190 a
640 2150 848 2204 principio
881 2163 946 2190 res
976 2152 1330 2205 quemadmodum
1361 2160 1477 2208 gesta
1507 2161 1547 2197 et
1576 2163 1791 2200 contracta
1821 2160 1874 2200 sit
1887 2168 1923 2197 30

124 2212 401 2266 cognoscatis.

203 2276 275 2316 111.
298 2273 363 2315 Μ.
397 2276 439 2316 C.
458 2275 680 2324 Quinctius
696 2275 776 2316 fuit
793 2277 835 2316 P.
855 2276 1041 2325 Quinctii
1061 2277 1186 2318 huius
1204 2277 1342 2328 frater,
1364 2293 1463 2321 sane
1485 2287 1716 2324 ceterarum
1736 2299 1874 2326 rerum

120 2342 239 2393 pater
262 2338 443 2379 familias
475 2343 516 2378 et
544 2339 729 2392 prudens
761 2345 802 2379 et
831 2344 1033 2387 attentus,
1063 2354 1148 2380 una
1177 2341 1223 2380 in
1251 2355 1296 2381 re
1326 2343 1453 2396 paulo
1476 2345 1616 2386 minus
1637 2348 1876 2389 considera-

121 2406 210 2450 tus,
254 2401 326 2455 qui
357 2401 599 2442 societatem
630 2415 723 2441 cum
755 2402 850 2441 Sex.
882 2403 1038 2442 Naevio
1067 2402 1235 2452 fecerit,
1266 2404 1356 2445 viro
1385 2405 1521 2455 bono,
1561 2422 1706 2449 verum
1736 2416 1874 2451 tamen

119 2477 206 2504 non
234 2463 294 2505 ita
321 2463 538 2513 instituto,
568 2469 615 2504 ut
645 2465 736 2505 iura
766 2465 978 2506 societatis
1010 2470 1051 2505 et
1081 2464 1219 2506 officia
1249 2468 1352 2508 certi
1382 2469 1513 2522 patris
1537 2470 1718 2512 familias
1749 2487 1874 2514 nosse
1889 2482 1926 2511 35

119 2530 286 2581 posset:
316 2540 402 2568 non
435 2541 519 2582 quo
552 2528 590 2568 ei
622 2527 787 2568 deesset
816 2527 1054 2581 ingenium3
1086 2542 1183 2569 nam
1212 2543 1351 2584 neque
1381 2545 1531 2585 parum
1547 2533 1708 2575 facetus
1730 2550 1875 2577 scurra

206 2650 238 2683 4.
261 2650 465 2693 fortissimos]
487 2651 731 2693 florentissimos
750 2660 831 2684 cum
852 2651 1046 2683 Hotomano
1068 2652 1103 2684 L.
1140 2652 1294 2685 Vocatur
1317 2654 1461 2694 quidem
1484 2656 1570 2688 infra
1596 2657 1636 2698 (S.
1656 2659 1722 2699 72.)
1740 2660 1775 2691 L.
1796 2661 1877 2692 Phi-

119 2698 234 2742 lippus
257 2700 459 2741 eloquentia,
484 2702 666 2743 9ravitate,
691 2702 812 2733 honore
833 2701 1159 2741 florentissimus
1181 2703 1344 2741 civitatis3
1372 2704 1436 2736 sed
1460 2705 1554 2738 idem
1572 2706 1615 2738 de
1633 2708 1724 2739 orat.
1744 2708 1774 2747 3,
1795 2711 1824 2748 4,
1843 2710 1874 2743 4.

121 2749 248 2782 dicitur
268 2753 299 2783 et
318 2750 484 2783 vehemens
506 2755 535 2784 et
557 2752 695 2784 disertus
717 2755 745 2783 et
767 2751 929 2791 imprimis
950 2751 1073 2791 fortis
1096 2752 1140 2783 ad
1161 2753 1385 2785 resistendum.
1415 2773 1450 2777 —
1477 2757 1711 2799 ornatissimos]
1745 2759 1880 2792 horren-

119 2799 258 2832 tissimos
277 2800 303 2832 B
321 2800 344 2833 d
360 2800 407 2842 fg
423 2802 484 2833 im
501 2811 542 2842 n,
566 2802 864 2833 honorandissimos
887 2803 912 2833 G
926 2810 964 2840 a,
989 2802 1256 2834 honoratissimos
1278 2803 1345 2842 hl,
1370 2806 1613 2845 florentissimos
1636 2807 1785 2841 Klotzius
1810 2810 1877 2850 (ed.

61 2870 66 2875 -
120 2847 191 2889 alt.)
216 2847 293 2882 coll.
317 2858 352 2892 p.
377 2851 500 2884 Roscio
523 2852 600 2883 Am.
620 2851 650 2890 9,
668 2851 721 2884 24.
747 2869 783 2873 —-
810 2852 840 2882 7.
866 2851 923 2890 qui
946 2851 980 2882 in
1002 2852 1061 2883 hoc
1083 2860 1169 2884 nos:
1197 2853 1253 2892 qui
1275 2853 1333 2884 hoc
1357 2862 1437 2886 cum
1461 2853 1556 2887 libris
1572 2858 1599 2888 A
1614 2858 1637 2888 L
1652 2857 1723 2891 80.
1751 2859 1800 2891 Cf.
1820 2861 1881 2892 Di-

118 2900 189 2932 vin.
214 2900 250 2933 in
273 2901 312 2939 Q.
340 2900 464 2933 Caecil.
491 2901 543 2939 ⁴5,
568 2900 622 2933 49.
650 2919 686 2924 —
723 2901 775 2933 40.
811 2900 931 2941 iecerit]
967 2901 1080 2942 leqerit
1111 2903 1136 2933 B
1151 2904 1177 2934 G
1193 2911 1212 2934 a
1229 2902 1251 2934 b
1270 2912 1288 2934 c
1306 2903 1327 2934 d
1345 2912 1363 2935 e
1381 2903 1427 2944 fg
1443 2905 1466 2936 h
1483 2905 1518 2937 il
1536 2915 1571 2938 m
1587 2916 1609 2938 n
1641 2909 1675 2939 et
1702 2911 1747 2948 A,
1781 2912 1883 2951 egerit

121 2947 227 2989 (quod
249 2949 447 2982 coniecerat
461 2950 684 2983 Ruhnkenius
702 2950 746 2982 ad
761 2949 880 2982 Vellei.
899 2952 1033 2983 Patere.
1051 2952 1083 2990 Ξ,
1103 2951 1155 2983 30.
1173 2961 1207 2993 p.
1227 2952 1314 2993 337.)
1331 2953 1363 2984 k.
1392 2954 1489 2986 Conf.
1507 2964 1540 2986 v.
1560 2956 1654 2988 43.-
1682 2958 1734 2990 43.
1759 2960 1882 2999 falsum

118 2998 243 3032 crimen
257 3001 353 3040 quasi
375 2999 504 3032 delevit
518 3002 554 3032 L.
575 3018 611 3023 —-
629 3000 772 3042 iecerint]
796 3001 931 3041 leyerint
953 3001 977 3032 B
992 3002 1018 3032 G
1034 3010 1051 3032 a
1069 3001 1092 3032 b
1111 3001 1134 3032 d
1149 3001 1197 3042 fg
1212 3002 1235 3032 h
1253 3002 1262 3033 i
1279 3001 1289 3033 l
1306 3011 1340 3034 m
1358 3012 1398 3042 n,
1426 3005 1549 3044 egerint
1563 3006 1596 3037 k.
1618 3024 1653 3028 —
1681 3008 1732 3039 45.
1756 3018 1883 3041 omnem

119 3046 167 3080 kl
182 3056 231 3081 m.
252 3067 288 3072 —
314 3050 366 3082 48.
384 3059 498 3082 eorum
520 3059 621 3090 opera
643 3054 741 3090 atque
758 3050 907 3090 potentia
929 3050 961 3081 k.
983 3068 1019 3073 —-
1044 3051 1097 3082 20.
1124 3051 1254 3083 inante
1271 3060 1303 3083 v.
1322 3053 1478 3084 eiusmodi
1494 3063 1565 3086 om.
1583 3056 1607 3087 B
1626 3065 1644 3087 c
1661 3056 1683 3087 d
1699 3057 1747 3098 fg
1763 3058 1785 3089 h
1802 3059 1822 3089 i.
1844 3077 1881 3081 -—

119 3097 173 3130 24.
199 3099 370 3141 quantum]
403 3100 489 3140 quod
517 3099 540 3132 b
559 3109 578 3132 c
594 3100 617 3132 d
633 3109 651 3132 e
668 3100 705 3131 fi
720 3099 730 3131 l
746 3108 783 3132 m
813 3101 968 3141 (propter
991 3101 1241 3141 compendium
1265 3102 1443 3135 scribendi
1465 3113 1535 3137 non
1558 3105 1689 3147 ubique
1714 3109 1860 3149 certum)
1875 3135 1882 3148 ,

121 3147 200 3187 quid
221 3157 261 3190 g,
287 3157 388 3189 quam
409 3150 449 3181 A.
478 3166 514 3172 -
539 3149 593 3182 22.
615 3153 752 3190 possunt
774 3150 807 3181 k.
835 3165 871 3172 —
899 3149 950 3181 32.
979 3151 1195 3184 «Victorinus
1220 3151 1264 3183 ad
1288 3153 1358 3184 Cic.
1385 3153 1428 3185 de
1452 3155 1525 3186 Inv.
1553 3156 1583 3192 4,
1611 3156 1662 3188 49.
1690 3157 1734 3198 (p.
1752 3159 1805 3190 55.
1826 3158 1882 3192 ed.

120 3197 248 3238 Turio.)
273 3197 363 3231 haec
384 3198 431 3230 ita
453 3197 582 3230 refert:
620 3198 655 3231 C.
682 3199 832 3240 Quintius
853 3199 960 3240 frater
981 3199 1112 3232 huiusce
1132 3202 1166 3232 P.
1194 3201 1318 3241 Quintii
1338 3202 1418 3243 fuit,
1443 3206 1482 3235 ut
1504 3213 1538 3245 p.
1563 3206 1665 3237 Rosc.
1691 3209 1767 3239 Am.
1794 3216 1824 3240 c.
1852 3209 1883 3240 6.

121 3254 156 3287 p.
182 3245 318 3280 Cluent.
344 3256 376 3280 c.
401 3248 456 3279 5.»
483 3249 562 3280 GAR.
587 3249 618 3281 2.
653 3267 689 3272 —
719 3252 904 3282 ceterarum
925 3251 1048 3290 rerum]
1072 3253 1181 3282 cetera
1204 3251 1363 3284 Lambini
1385 3253 1549 3293 suspicio.
1596 3256 1799 3289 Lectionem
1823 3266 1887 3289 co·-

122 3294 240 3329 dicum
263 3296 380 3329 firmat
403 3297 544 3331 Servius
567 3298 610 3330 ad
633 3298 726 3340 Virg.
751 3301 838 3332 Aen.
868 3299 918 3338 40,
944 3298 996 3332 4-8.
1035 3299 1085 3332 Cf.
1110 3300 1298 3333 Buttmann
1326 3301 1371 3334 ad
1393 3303 1557 3337 Fronton.
1584 3305 1639 3338 ed.
1666 3306 1766 3339 Nieb.
1791 3316 1825 3350 p.
1852 3308 1884 3340 6.

122 3343 259 3390 Madvig
283 3346 412 3391 opusc.
436 3347 463 3381 1.
487 3357 523 3392 p.
547 3347 623 3382 404.
649 3350 721 3382 not.
749 3366 785 3373 —
810 3347 864 3382 34.
889 3349 956 3389 qui]
983 3348 1046 3383 «al.
1073 3350 1184 3391 quod»
1210 3359 1280 3392 mg.
1306 3350 1340 3386 8.
