2143 3713
699 238 793 278 CAP.
825 238 1021 278 v-vn.
1058 236 1130 291 §§·
1162 235 1327 277 9—435.
1786 236 1858 278 τρι

126 365 276 406 magno
298 351 535 392 adiumento
556 351 597 389 in
619 350 834 402 periculis,
867 351 1012 390 solatio
1034 352 1074 390 in
1097 350 1327 396 laboribus,
1350 349 1611 401 gratulationi
1633 350 1674 390 in
1696 351 1867 392 victoria

125 415 214 454 fuit.
263 415 315 454 Et
344 416 376 454 si
406 413 529 453 habet
559 412 654 451 Asia
685 412 962 464 suspicionem
995 413 1182 452 luxuriae
1214 412 1442 465 quandam,
1475 424 1557 451 non
1579 413 1717 452 Asiam
1749 427 1867 452 num-

126 490 251 530 quam
282 475 461 522 vidisse,
492 475 563 514 sed
596 475 636 513 in
668 475 765 513 Asia
796 476 1057 514 continenter
1086 475 1238 514 vixisse
1269 473 1521 513 laudandum
1544 480 1617 514 est.
1659 475 1792 523 Quam
1815 476 1865 515 ob

121 551 206 578 rem
237 552 319 579 non
351 539 473 578 Asiae
504 549 654 576 nomen
686 537 966 576 obiiciendum
997 538 1194 576 Murenae
1224 535 1321 583 fuit,
1360 550 1412 575 cx
1442 549 1523 589 qua
1554 537 1641 576 laus
1671 537 1866 584 familiae,

122 601 318 640 memoria
350 600 512 652 generi,
543 598 677 637 honos
710 605 747 637 et
779 599 907 651 gloria
938 599 1095 638 nomini
1127 599 1352 637 constituta
1384 604 1467 645 est,
1499 598 1570 638 sed
1596 598 1765 652 aliquod
1797 606 1898 639 ants

122 663 162 701 in
199 663 296 703 Asia
334 666 571 713 susceptum
614 667 678 699 aut
719 674 768 699 υ(
801 662 892 700 Asia
925 661 1187 713 deportatum
1220 659 1421 712 flagitium
1452 674 1498 699 ac
1530 660 1724 700 dedecus.
1783 662 1868 700 Me-

122 725 251 764 ruisse
281 738 378 764 vero
408 722 614 775 stipendia
646 724 686 761 in
719 738 767 761 co
799 723 927 769 bello,
958 723 1070 775 quod
1103 728 1187 762 tum
1208 722 1388 775 populus
1410 722 1619 761 Romanus
1640 736 1721 761 non
1744 723 1866 762 inodo

123 786 358 832 maximum,
389 784 461 824 sed
495 782 648 838 [etiam]
683 785 813 823 solum
838 785 1018 837 gerebat,
1050 785 1227 831 virtutis,
1256 789 1372 837 patre
1402 784 1651 836 imperatore
1682 784 1869 825 libentis-

120 848 223 887 sime
255 848 455 887 meruisse
475 847 659 899 pietatis,
693 845 813 886 linem
836 847 1137 899 stipendiorum
1161 846 1287 898 patris
1309 846 1522 885 victoriam
1545 859 1592 885 ac
1614 847 1865 900 triumphum

119 908 248 949 fuisse
277 909 487 948 felicitatis
517 908 605 948 suit.
650 909 871 948 Maledicto
904 909 1072 962 quidem
1104 910 1257 949 idcirco
1288 908 1393 948 nihil
1425 909 1466 948 in
1498 909 1611 948 hisce
1633 910 1754 949 rebus
1786 910 1864 949 loci
1889 922 1919 949 w

121 977 202 1019 est,
233 970 343 1025 quod
376 972 515 1011 onmia
545 972 634 1010 laus
665 972 895 1024 occupavit.

229 1034 296 1073 VI.
329 1030 394 1072 ⁶13.
434 1034 676 1073 Saltatorem
716 1034 896 1087 appellat
927 1034 970 1072 L.
1002 1035 1215 1074 Murenam
1250 1034 1361 1073 Cato.
1421 1033 1687 1074 Maledictum
1719 1039 1802 1081 est,
1834 1035 1866 1073 si

121 1108 214 1135 vere
246 1096 463 1143 obiicitur,
495 1095 750 1135 vehementis
783 1096 1056 1135 accusatoris:
1096 1097 1156 1135 sin
1188 1096 1314 1142 salso,
1346 1095 1536 1135 maledici
1569 1096 1867 1136 convitiatoris.

120 1157 257 1206 Quare
288 1172 378 1199 cum
409 1159 488 1198 ista
518 1157 574 1197 sis
606 1159 873 1205 auctoritate,
906 1170 987 1197 non
1020 1157 1168 1205 debes,
1200 1159 1357 1205 Marce,
1389 1158 1571 1211 arripere
1602 1158 1867 1198 maledictum

120 1234 173 1260 ex
217 1219 337 1261 trivio
381 1226 451 1260 aut
490 1233 543 1260 ex
581 1234 814 1260 scurrarum
855 1220 994 1273 aliquo
1033 1221 1237 1267 convitio,
1283 1234 1420 1273 neque
1461 1226 1615 1260 temere
1654 1221 1867 1262 consulem
1887 1232 1918 1259 15

120 1284 265 1336 populi
295 1283 469 1323 Romani
501 1282 737 1323 saltatorem
770 1296 941 1329 vocare,
983 1282 1055 1321 sed
1087 1283 1424 1335 circumspicere,
1465 1283 1616 1334 quibus
1655 1289 1868 1338 praeterea

120 1346 230 1385 vitiis
262 1346 454 1386 affectum
487 1358 577 1385 esse
608 1358 777 1385 necesse
809 1345 862 1384 sit
893 1358 1010 1391 eum,
1043 1345 1107 1383 cui
1130 1357 1226 1384 vere
1258 1344 1369 1384 istud
1400 1344 1525 1384 obiici
1553 1346 1701 1398 possit.
1738 1347 1868 1386 Nemo

120 1407 230 1447 enim
259 1407 346 1447 fere
378 1408 498 1448 saltat
529 1408 713 1454 sobrius,
753 1408 833 1447 nisi
870 1407 975 1446 forte
1016 1407 1191 1454 insanit,
1231 1419 1368 1460 neque
1403 1407 1447 1446 in
1477 1407 1701 1448 solitudine
1731 1422 1868 1463 neque

119 1469 161 1508 in
194 1470 384 1510 convivio
415 1470 628 1510 moderato
661 1476 784 1523 atque
814 1470 1003 1510 honesto.
1064 1469 1317 1522 Tempestivi
1345 1469 1548 1517 convivii,
1579 1472 1743 1512 amoeni
1774 1472 1869 1519 loci,

119 1531 338 1572 multarum
380 1532 621 1572 deliciarum
658 1546 797 1572 comes
829 1538 890 1572 est
921 1537 1105 1572 extrema
1136 1532 1311 1572 saltatio.
1371 1533 1433 1571 Tu
1463 1532 1564 1572 mihi
1594 1534 1738 1588 arripis
1767 1534 1918 1581 hoc‚‘20

119 1594 228 1647 quod
249 1608 420 1634 necesse
444 1600 505 1635 est
526 1595 712 1635 omnium
733 1595 926 1634 vitiorum
950 1607 1039 1634 esse
1066 1600 1339 1647 postremum:
1371 1594 1575 1648 relinquis
1596 1595 1686 1643 illa,
1719 1597 1870 1650 quibus

117 1657 288 1697 remotis
326 1657 406 1696 hoc
444 1658 588 1697 vitium
620 1657 788 1696 omnino
821 1670 911 1696 esse
942 1670 1026 1696 non
1056 1662 1206 1710 potest.
1262 1656 1429 1696 Nullum
1459 1662 1580 1710 turpe
1611 1659 1869 1706 convivium,

120 1731 204 1757 non
233 1732 372 1766 amor,
404 1733 485 1759 non
508 1720 764 1766 comissatio,
797 1733 880 1759 non
913 1719 1061 1767 libido,
1092 1733 1177 1759 non
1198 1723 1386 1771 sumptus
1417 1720 1662 1760 ostenditur.
1704 1722 1869 1761 Etcum

121 1794 170 1820 ea
199 1795 281 1821 non
313 1782 595 1835 reperiantur,
628 1795 734 1835 quae
766 1781 988 1834 voluptatis
1019 1795 1171 1821 nomen
1201 1780 1356 1820 habent
1381 1795 1570 1836 quaeque
1591 1783 1740 1823 vitiosa
1761 1790 1870 1831 sunt,

119 1844 163 1882 in
202 1858 285 1897 quo
327 1846 458 1898 ipsam
488 1845 697 1885 luxuriam
727 1844 909 1898 reperire
941 1858 1023 1884 non
1053 1850 1193 1898 poteS‚
1238 1844 1281 1883 in
1314 1857 1361 1884 eo
1393 1850 1433 1884 te
1462 1845 1651 1885 umbram
1681 1846 1870 1886 luxuriae
1883 1857 1918 1885 <25

118 1913 381 1959 reperturum
426 1910 578 1960 putas?
645 1904 703 1946 li.
744 1907 854 1946 Nihil
893 1907 1020 1960 igitur
1053 1907 1096 1946 in
1126 1907 1251 1946 vitam
1282 1907 1327 1945 L.
1358 1908 1556 1947 Murenae
1586 1907 1667 1947 dici
1697 1908 1869 1960 potest?

118 1969 256 2017 Nihil,
287 1970 482 2024 inquam,
514 1969 710 2017 omnino,
741 1968 913 2008 iudices.
960 1969 1026 2008 Sic
1057 1982 1081 2008 a
1101 1982 1166 2008 me
1188 1969 1334 2008 consul
1356 1969 1598 2022 designatus
1619 1969 1870 2016 defenditur,

119 2036 165 2070 ut
195 2031 284 2072 eius
315 2032 431 2071 nulla
460 2032 594 2078 fraus,
625 2032 740 2071 nulla
769 2031 961 2078 avaritia,
992 2031 1108 2071 nulla
1137 2031 1332 2084 perfidia,
1362 2031 1478 2071 nulla
1505 2031 1749 2079 crudelitas,
1779 2031 1870 2070 nul—

120 2093 206 2133 lum
246 2093 438 2147 petulans
471 2095 625 2134 dictum
669 2091 725 2147 [in
755 2091 854 2146 vita]
886 2092 1132 2146 proferatur.
1192 2095 1302 2134 Bene
1332 2094 1478 2134 habet:
1517 2095 1625 2134 iacta
1653 2099 1750 2134 sunt
1776 2093 1870 2132 fun-

120 2154 313 2196 damenta
333 2156 603 2196 defensionis.
646 2156 840 2197 Nondum
871 2156 981 2196 enim
1005 2157 1157 2197 nostris
1180 2156 1396 2204 laudibus,
1429 2157 1580 2210 quibus
1602 2161 1694 2196 utar
1713 2162 1870 2210 postea,
1884 2169 1920 2196 30

120 2218 193 2258 sed
233 2231 362 2272 prope
402 2219 661 2259 inimicorum
703 2218 966 2258 confessione
996 2219 1130 2259 virum
1160 2219 1317 2259 bonum
1348 2224 1472 2272 atque
1502 2219 1708 2273 integrum
1737 2219 1871 2258 homi-

119 2294 216 2321 nem
246 2279 521 2321 defendimus.
561 2280 654 2328 Quo
687 2281 912 2322 constituto
941 2280 1103 2322 facilior
1123 2286 1186 2322 est
1205 2281 1307 2321 mihi
1330 2281 1466 2322 aditus
1487 2281 1540 2322 ad
1561 2283 1869 2323 contentionem

121 2341 358 2396 dignitatis,
389 2356 496 2396 quae
526 2355 622 2395 pars
652 2343 782 2383 altera
810 2342 890 2383 fuit
918 2344 1210 2384 accusationis.

231 2406 318 2445 VII.
350 2401 416 2443 45.
449 2404 660 2446 Summam
690 2405 812 2445 video
843 2418 934 2445 esse
962 2406 1005 2445 in
1036 2411 1099 2454 te,
1132 2405 1248 2446 Servi
1271 2406 1451 2460 Sulpici,
1483 2407 1726 2460 dignitatem
1747 2420 1871 2460 gene-

120 2466 196 2515 ris,
226 2467 493 2520 integritatis,
523 2466 750 2508 industriae
780 2473 1095 2522 ceterorumque
1116 2474 1456 2509 ornamentorum
1477 2470 1684 2517 omnium,
1718 2470 1870 2523 quibus
1884 2481 1920 2509 35

205 2658 237 2690 2.
262 2658 470 2698 suspitionem
493 2658 518 2689 E
533 2660 557 2689 G
573 2667 603 2689 v.
625 2675 659 2679 —
688 2667 751 2690 non
773 2659 880 2690 asiam
902 2660 979 2690 dum
1000 2669 1066 2692 ηοη
1089 2660 1157 2692 asie
1180 2669 1295 2692 nomen
1317 2659 1442 2692 mediis
1468 2668 1536 2692 om.
1556 2662 1594 2692 G.
1621 2679 1654 2683 —
1681 2663 1711 2693 5.
1731 2666 1774 2693 est
1798 2671 1866 2694 om.

122 2708 158 2738 G.
185 2725 220 2730 —-
247 2708 277 2740 8.
304 2709 403 2740 etiam
426 2717 495 2741 om.
523 2710 560 2740 G.
589 2726 622 2730 —
651 2709 855 2740 libentissimo
877 2713 923 2749 ψ.
951 2727 987 2732 -
1015 2710 1066 2741 40.
1091 2711 1172 2742 nihil
1196 2719 1266 2742 om.
1286 2710 1322 2741 E.
1345 2727 1378 2732 —
1407 2711 1458 2742 42.
1485 2710 1641 2750 appellat]
1665 2710 1870 2743 adduntTv

118 2757 233 2797 fuisse,
259 2757 322 2790 HS
336 2767 360 2796 χ
382 2759 477 2799 falso.
499 2775 534 2781 -
560 2759 606 2789 M.
627 2758 705 2790 Cato
729 2768 760 2789 v.
782 2775 816 2780 —
844 2758 896 2790 43.
920 2768 997 2791 vero
1014 2761 1051 2791 G.
1072 2777 1106 2781 —
1132 2760 1357 2791 convitiator-is
1379 2760 1420 2791 E:
1447 2760 1677 2792 conviciatoris
1697 2760 1810 2801 vulgo.
1833 2779 1864 2782 —

120 2805 173 2839 14.
198 2808 313 2839 Marce
335 2807 497 2847 ECHS,
523 2809 625 2848 Lagg.
652 2810 792 2849 praeter
816 2808 834 2840 9
859 2811 893 2840 et
916 2809 973 2841 1¹3:
998 2819 1112 2842 marre
1135 2812 1179 2847 G,
1204 2811 1239 2842 in
1262 2813 1334 2841 arte
1355 2819 1394 2849 v,
1420 2811 1499 2841 anni
1525 2811 1603 2850 Lag.
1631 2809 1688 2848 13,
1719 2810 1765 2841 Μ.
1792 2809 1870 2841 Cato

120 2858 199 2898 Lag.
227 2858 261 2898 9,
287 2857 320 2889 M
333 2857 370 2888 O.
398 2858 453 2898 (Μ.
472 2857 568 2898 Calo,
594 2867 656 2889 non
682 2858 771 2890 debes
794 2858 845 2897 L.)
873 2876 906 2881 —
937 2861 1102 2900 corripere
1124 2869 1160 2897 χ.
1190 2877 1223 2881 -
1250 2859 1457 2890 maledictum
1473 2863 1656 2891 --lemere
1679 2867 1747 2890 om.
1774 2859 1810 2890 E.
1832 2876 1865 2879 —

120 2908 172 2939 45.
192 2911 250 2939 aut
272 2908 325 2947 ex]
350 2915 392 2939 ez:
415 2915 484 2939 om.
510 2908 615 2945 Txv.
637 2924 671 2929 —
698 2908 826 2939 comitio
850 2908 875 2938 G
900 2909 1072 2948 (ortumne
1098 2917 1139 2940 ex
1163 2909 1351 2948 concilio·?);
1377 2909 1523 2940 convivio
1540 2910 1575 2941 L.
1597 2927 1631 2931 -
1660 2909 1710 2940 46.
1728 2909 1871 2939 circum-

119 2957 241 2996 spicere
264 2958 290 2989 G
314 2958 349 2988 et
372 2958 448 2989 Par.
474 2956 512 2995 4,
543 2958 579 2988 ut
604 2956 803 2989 Gulielmius
828 2958 993 2990 coniecit:
1030 2959 1214 2998 conspicere
1236 2957 1308 2990 rell.
1335 2959 1410 2990 LO.
1428 2976 1461 2979 —
1491 2959 1542 2989 47.
1568 2958 1635 2997 ads.
1661 2958 1735 2988 EG.
1757 2975 1791 2978 —
1818 2966 1871 2989 ne-

119 3015 203 3039 eesse
225 3016 294 3040 om.
322 3009 358 3038 G.
394 3023 430 3029 —
463 3015 536 3038 eum
559 3008 614 3046 qui
639 3009 674 3039 G.
711 3026 744 3030 —
784 3008 835 3039 ⁴8.
860 3008 928 3048 fere
951 3017 1020 3040 om.
1047 3009 1083 3040 E.
1113 3024 1147 3029 —
1182 3008 1327 3038 insaniat
1349 3008 1419 3039 Tr.
1447 3025 1480 3029 —
1522 3008 1572 3039 49.
1598 3007 1775 3046 tempestivi
1798 3008 1868 3045 Gv,

120 3057 199 3097 Lag.
225 3058 278 3091 ⁴0.
304 3058 357 3090 43.
382 3058 435 3089 ⁶26.
463 3057 522 3097 65,
555 3059 630 3090 Par.
656 3057 694 3090 4:
731 3058 942 3097 intempestivi
966 3058 1052 3097 EM,
1080 3056 1151 3090 rell.
1179 3058 1298 3097 Lagg.‚
1330 3057 1349 3087 5
1374 3057 1456 3089 Oxx.
1485 3074 1519 3079 -
1546 3057 1598 3089 σ20.
1624 3057 1665 3087 sit
1686 3065 1719 3087 v,
1749 3074 1782 3077 —
1813 3056 1873 3087 hoc

119 3107 208 3146 mei,
235 3107 359 3149 (ΞΤψῑ
385 3108 419 3138 id
442 3106 522 3138 edd.
543 3125 577 3130 —
602 3107 655 3139 ⁶23.
681 3108 868 3140 comessatio
892 3107 962 3139 EM
975 3108 1086 3139 HTV.
1108 3123 1143 3130 —
1170 3107 1222 3140 ⁶24.
1249 3116 1402 3147 quamque
1422 3117 1461 3147 v,
1488 3116 1679 3148 quanquam
1703 3107 1869 3148 ΕΜχψ.

123 3173 159 3177 -
183 3155 248 3187 sint
267 3165 301 3188 v.
330 3174 366 3179 —-
391 3157 443 3188 25.
466 3159 569 3196 potest
591 3157 628 3188 G.
653 3174 690 3180 —
716 3158 768 3189 26.
793 3158 863 3188 vita
886 3157 1004 3197 Εψν.
1027 3176 1061 3180 -
1086 3158 1140 3189 27.
1166 3158 1286 3189 iudicio
1309 3158 1394 3196 mei,
1420 3158 1439 3189 5
1457 3158 1539 3189 Oxx.
1562 3176 1597 3180 -—
1623 3158 1744 3198 desiyn.
1762 3158 1873 3189 consul

120 3212 153 3235 v.
181 3220 216 3226 -
241 3204 296 3237 28.
319 3208 356 3237 ut
377 3206 413 3237 in
434 3206 503 3237 eius
523 3205 593 3237 vita
614 3206 706 3238 nulla
729 3208 769 3245 G.
796 3207 855 3248 qui
879 3207 1005 3239 deinde
1029 3216 1062 3239 v,
1080 3207 1134 3239 29.
1152 3208 1187 3238 in
1208 3208 1277 3239 vita
1298 3207 1434 3239 omittit.
1455 3224 1490 3230 —
1517 3207 1609 3238 ‘nulla
1631 3216 1729 3238 avar.
1749 3215 1818 3239 om.
1838 3216 1868 3239 v.

124 3269 158 3275 —
183 3253 238 3286 29.
262 3262 317 3286 vv.
341 3256 377 3286 in
398 3256 468 3287 vita
482 3256 640 3288 Ernestio
665 3258 806 3289 auctore
830 3258 868 3288 ut
890 3258 1053 3298 suspecta
1076 3255 1211 3290 inclusi.
1232 3274 1268 3280 -
1295 3257 1347 3289 30.
1373 3257 1469 3299 enim]
1493 3257 1528 3288 in
1545 3258 1582 3288 G.
1604 3275 1638 3279 ——
1664 3257 1784 3288 nostris
1799 3266 1868 3289 om.

122 3303 164 3335 Η.
189 3320 225 3325 -
252 3303 305 3336 31.
330 3305 384 3337 sed
406 3313 476 3337 om.
503 3307 540 3337 G.
569 3323 603 3329 -
628 3307 875 3348 *integerrimum
897 3307 974 3339 EC.
1003 3326 1037 3330 —
1064 3307 1117 3340 32.
1141 3306 1306 3346 faciliores
1328 3306 1405 3338 mihi
1430 3308 1466 3338 G.
1497 3325 1530 3329 —
1558 3306 1609 3339 34.
1636 3307 1668 3337 in
1693 3310 1722 3338 te
1744 3314 1808 3338 esse
1830 3315 1866 3340 νς

122 3353 148 3385 Ε
170 3354 205 3385 in
227 3356 256 3385 te
278 3354 358 3386 ante
381 3354 496 3396 dignit.
520 3354 639 3388 habet.
661 3373 695 3379 -
721 3356 814 3388 Servi
836 3356 927 3388 mei:
954 3356 1024 3388 Ser.
1043 3357 1080 3388 O.

177 3413 296 3446 Cxcsno
321 3413 354 3446 T.
376 3413 411 3447 11.
1576 3416 1630 3459 46
