2143 3713
499 223 584 262 Lm.
616 222 684 262 1v.
727 220 824 261 en.
854 219 1150 260 XVIII—xx.
1193 217 1266 271 55.
1297 216 1491 258 38-43.
1781 214 1862 256 339

116 334 340 381 rationem,
381 334 414 374 si
446 333 549 374 haec
578 333 684 372 ratio
715 331 854 384 potius
895 344 1019 385 quam
1057 331 1237 371 amentia
1267 330 1519 370 nominanda
1549 335 1624 370 est.
1679 329 1865 383 Apponit

115 394 166 435 de
196 397 281 436 suis
314 397 486 436 canibus
509 394 729 449 quendam,
761 395 832 446 qui
856 394 966 433 dicat
986 407 1029 433 se
1050 392 1280 432 Diodorum
1298 392 1557 431 Melitensem
1585 393 1643 431 rei
1676 391 1864 445 capitalis

114 470 230 497 reum
264 458 371 497 velle
402 458 549 497 facere.
596 457 730 496 Primo
762 457 912 496 mirum
943 456 1133 495 omnibus
1164 453 1296 493 videri
1327 452 1554 493 Diodorum
1574 466 1703 501 reum,
1733 453 1866 493 homi-

114 532 208 559 nem
246 520 573 573 quietissimum,
617 519 668 558 ab
698 518 812 557 omni
849 532 933 558 non
964 517 1087 557 modo
1117 515 1338 562 facinoris,
1378 528 1521 554 verum
1552 516 1675 555 etiam
1706 515 1866 555 minimi

114 582 236 622 errati
269 582 508 634 suspicione
538 580 882 620 remotissimum:
916 581 1066 621 deinde
1098 592 1188 619 esse
1215 578 1497 631 perspicuum,
1518 575 1607 618 fieri
1633 578 1770 617 omnia
1796 577 1900 616 illa5

113 649 287 696 propter
317 649 545 696 argentum.
606 643 686 681 Iste
719 655 802 681 non
833 642 996 682 dubitat
1026 641 1169 681 iubere
1199 654 1352 680 nomen
1384 640 1556 688 deferri,
1600 645 1641 680 et
1669 646 1756 679 tum
1786 639 1870 691 pri-

116 720 241 753 mum,
274 711 319 745 ut
349 705 511 758 opinor,
544 704 669 743 istum
701 704 886 743 absentis
918 717 1070 744 nomen
1099 703 1323 755 recepisse.
1382 699 1448 742 41.
1480 702 1560 742 Res
1590 702 1701 743 clara
1731 701 1871 741 Sicilia

116 773 213 816 tota,
244 772 418 821 propter
438 766 584 806 caelati
615 767 774 818 argenti
806 767 1072 819 cupiditatem
1102 778 1194 804 reos
1226 762 1314 804 fieri
1345 778 1483 804 rerum
1513 764 1768 817 capitalium,
1800 775 1872 803 ne-

115 844 196 884 que
229 829 363 870 solum
394 841 488 867 reos
519 828 635 875 fieri,
678 828 751 868 scd
784 829 908 868 etiam
941 829 1146 868 absentes.
1204 827 1413 868 Diodorus
1443 828 1598 867 Romae
1633 826 1871 867 sordidatus

115 893 270 933 circum
300 895 500 943 patronos
531 895 658 943 atque
690 891 878 943 hospites
910 903 1099 931 cursare:
1130 903 1218 929 rem
1250 889 1442 930 omnibus
1464 902 1645 929 narrare.
1690 889 1872 928 Litterae
1886 896 1920 924 ⁴0

114 955 335 994 mittuntur
364 952 432 991 isti
462 965 486 992 a
517 957 633 1005 patre
665 952 953 1000 vehementes,
984 953 1034 992 ab
1066 952 1208 992 amicis
1239 953 1358 992 item:
1390 952 1571 999 videret,
1602 951 1704 1005 quid
1734 955 1874 1004 ageret

114 1016 164 1057 de
194 1015 390 1062 Diodoro,
423 1028 506 1068 quo
538 1015 882 1068 progrederetur:
914 1029 1000 1055 rem
1033 1014 1186 1054 claram
1217 1027 1307 1054 esse
1329 1020 1370 1054 et
1388 1014 1660 1054 invidiosam:
1690 1013 1873 1053 insanire

112 1077 344 1117 hominem:
387 1078 619 1129 periturum
659 1078 736 1116 hoc
777 1091 860 1117 uno
902 1078 1095 1124 crimine,
1134 1077 1215 1116 nisi
1253 1076 1444 1116 cavisset.
1501 1076 1584 1116 Iste
1623 1075 1746 1115 etiam
1784 1080 1873 1115 tum

113 1144 288 1192 patrem,
320 1139 354 1179 si
384 1152 468 1178 non
500 1139 542 1178 in
573 1140 772 1192 parentis,
806 1146 848 1179 at
878 1140 919 1179 in
940 1140 1157 1179 hominum
1178 1151 1353 1178 numero
1378 1138 1568 1191 putabat:
1599 1137 1650 1177 ad
1671 1137 1873 1177 iudicium

112 1200 299 1241 nondum
331 1214 374 1241 se
406 1202 504 1240 satis
536 1201 812 1241 instruxerat:
855 1203 1013 1255 primus
1045 1215 1178 1241 annus
1210 1206 1298 1240 erat
1326 1201 1585 1253 provinciae:
1617 1214 1723 1248 non,
1754 1205 1802 1240 ut
1830 1199 1872 1239 in
1887 1209 1922 1239 ⁴5

113 1263 303 1311 Sthenio,
334 1264 417 1303 iam
446 1263 622 1303 refertus
654 1265 845 1316 pecunia.
890 1266 1037 1318 Itaque
1067 1264 1185 1303 furor
1215 1264 1304 1303 eius
1335 1263 1554 1315 paululum
1584 1276 1669 1303 non
1696 1262 1872 1315 pudore,

111 1325 185 1365 sed
216 1331 327 1366 metu
367 1340 415 1366 ac
455 1327 601 1366 timore
639 1341 856 1380 repressus
897 1332 972 1366 est.
1035 1325 1322 1366 Condemnare
1353 1325 1583 1365 Diodorum
1623 1338 1710 1365 non
1748 1324 1875 1365 audet

111 1389 349 1428 absentem:
393 1388 443 1428 de
474 1389 556 1429 reis
588 1390 747 1429 eximit.
805 1389 1018 1429 Diodorus
1058 1389 1219 1427 interea
1249 1392 1442 1440 praetore
1473 1387 1554 1427 isto
1584 1400 1716 1441 prope
1745 1387 1874 1427 trien-

112 1451 227 1491 nium
256 1452 470 1503 provincia
501 1451 708 1506 domoque
741 1453 885 1492 caruit.
917 1449 983 1490 42.
1016 1450 1151 1491 Ceteri
1184 1450 1269 1490 non
1301 1450 1438 1490 solum
1469 1450 1614 1498 Siculi,
1645 1450 1719 1490 sed
1750 1450 1875 1490 etiam

112 1513 224 1553 cives
254 1514 429 1553 Romani
464 1513 545 1554 hoc
586 1519 839 1554 statuerant:
879 1514 1079 1567 quoniam
1118 1514 1197 1553 iste
1235 1517 1395 1552 tantum
1435 1512 1664 1565 cupiditate
1702 1522 1923 1566 progre-20

111 1575 302 1624 deretur,
345 1575 450 1616 nihil
481 1590 596 1624 esse,
637 1576 750 1630 quod
782 1577 1007 1630 quisquam
1038 1580 1203 1629 putaret
1232 1588 1295 1622 se,
1335 1574 1449 1629 quod
1478 1575 1548 1615 isti
1584 1575 1712 1628 paulo
1742 1575 1874 1629 magis

110 1639 317 1692 placeret,
357 1651 605 1679 conservare
646 1644 717 1678 aut
756 1639 866 1678 domi
896 1638 1077 1678 retinere
1106 1651 1252 1691 posse:
1291 1642 1438 1691 postea
1466 1651 1566 1677 vero
1597 1651 1723 1692 quam
1754 1639 1876 1679 intel-

111 1701 305 1742 lexerunt
327 1701 396 1740 isti
417 1701 552 1740 virum
573 1701 737 1748 fortem,
760 1714 886 1754 quem
907 1714 1067 1740 summe
1088 1700 1301 1754 provincia
1322 1700 1604 1752 exspectabat,
1626 1701 1677 1749 Q.
1693 1701 1875 1749 Arrium,

113 1777 198 1804 non
229 1763 476 1810 succedere,
519 1768 753 1803 statuerunt
782 1763 887 1802 nihil
919 1777 962 1803 se
995 1768 1078 1802 tam
1109 1763 1299 1802 clausum
1327 1775 1466 1815 neque
1496 1767 1580 1802 tam
1610 1762 1875 1802 reconditum

114 1839 237 1878 posse
266 1826 444 1872 habere,
487 1824 600 1878 quod
631 1838 715 1865 non
756 1825 876 1866 istius
909 1826 1128 1878 cupiditati
1159 1824 1468 1879 apertissimum
1497 1825 1876 1878 promptissimum—
1888 1835 1924 1865 25

114 1901 197 1942 que
228 1893 350 1929 esset.

224 1950 318 1989 XX.
351 1950 457 1988 Tum
486 1950 564 1989 iste
595 1949 645 1988 ab
677 1950 818 2003 equite
841 1951 1029 1990 Romano
1062 1949 1286 2003 splendido
1315 1953 1357 1989 et
1376 1950 1572 2002 gratioso,
1604 1949 1678 1991 Cn.
1701 1951 1875 1999 Calidio,

114 2012 233 2053 cuius
263 2012 397 2052 filium
430 2011 585 2051 sciebat
616 2018 850 2052 senatorem
881 2013 1028 2065 populi
1059 2013 1234 2052 Romani
1272 2017 1313 2052 et
1342 2011 1523 2051 iudicem
1555 2025 1668 2060 esse,
1708 2013 1876 2054 eculeos

113 2079 334 2127 argenteos
365 2073 550 2120 nobiles,
592 2075 750 2127 quique
793 2075 963 2114 maximi
993 2075 1180 2122 fuerant,
1212 2074 1360 2114 aufert.
1418 2071 1486 2113 43.
1516 2074 1764 2127 Imprudens
1793 2076 1876 2116 huc

111 2137 262 2185 incidi,
295 2136 478 2176 iudices:
519 2136 616 2175 emit
648 2136 781 2184 enim,
813 2150 899 2176 non
931 2137 1124 2185 abstulit;
1165 2137 1322 2176 nollem
1354 2136 1568 2176 dixissem.
1626 2138 1802 2178 lactabit
1831 2146 1927 2178 seso

112 2204 153 2239 et
182 2199 226 2238 in
255 2198 321 2238 his
352 2198 556 2251 equitabit
587 2199 756 2238 eculeis.
778 2220 833 2228 —
866 2199 1005 2238 «Emiz
1048 2200 1271 2252 pecuniam
1304 2199 1447 2239 solvi.»
1477 2221 1531 2228 —
1564 2199 1720 2240 Credo:
1751 2200 1877 2240 etiam

112 2260 279 2300 tabulae
319 2259 598 2313 proferentur.
657 2261 730 2301 Est
771 2261 896 2309 tanti3
938 2261 1041 2301 cedo
1082 2261 1267 2301 tabulas:
1310 2261 1424 2301 dilue
1464 2275 1564 2302 sane
1603 2262 1761 2302 crimen
1798 2262 1878 2302 hoc

114 2321 392 2369 Calidianum,
425 2321 524 2362 dum
554 2336 631 2375 ego
663 2323 826 2362 tabulas
847 2323 1062 2376 adspicere
1084 2324 1256 2376 possim.
1299 2324 1454 2364 Verum
1475 2329 1616 2364 tamen
1648 2323 1748 2378 quid
1779 2328 1880 2370 erat,

114 2384 229 2437 quod
262 2383 446 2425 Calidius
477 2385 633 2424 Romae
666 2391 912 2438 quereretur
942 2399 1008 2434 se,
1050 2400 1145 2426 cum
1183 2392 1247 2426 tot
1284 2399 1418 2427 annos
1447 2387 1491 2427 in
1521 2386 1665 2427 Sicilia
1693 2387 1881 2440 negotia-

201 2589 232 2622 3.
261 2588 353 2621 vellet
376 2589 402 2621 R
426 2586 533 2621 solus.
562 2607 597 2611 —
624 2587 655 2621 4.
680 2589 828 2629 facinore
861 2588 946 2620 dett.
974 2605 1009 2610 —
1036 2589 1136 2620 etiam
1158 2589 1184 2621 R
1201 2589 1243 2621 E:
1282 2593 1312 2622 et
1335 2589 1399 2627 G3;
1432 2598 1502 2622 om.
1530 2589 1615 2621 dett.
1644 2607 1680 2613 -
1707 2589 1738 2621 6.
1762 2588 1882 2630 referri

113 2639 151 2671 R.
178 2654 213 2660 -—
240 2638 272 2670 7.
297 2641 334 2670 ul
357 2639 475 2678 opinor
497 2637 562 2678 R3,
597 2638 640 2670 E:
679 2639 796 2678 opinor
819 2638 904 2670 dett.
945 2639 982 2670 Ο.
1010 2638 1060 2670 Cf.
1086 2640 1190 2671 Peter
1214 2639 1258 2671 ad
1281 2640 1377 2672 Brut.
1404 2639 1435 2681 ἓ.
1462 2640 1536 2672 421.
1564 2658 1599 2663 -
1625 2648 1678 2672 res
1699 2639 1796 2671 clara
1818 2639 1879 2678 R3,

114 2687 139 2720 C
156 2688 182 2720 E
199 2686 220 2719 λ
245 2687 299 2728 (cf.
326 2687 358 2729 g.
376 2688 464 2729 77.):
490 2688 652 2719 reclamat
676 2688 760 2720 dett.
787 2688 837 2720 Cf.
865 2687 1019 2720 Turnebi
1041 2687 1128 2720 Adv.
1154 2689 1240 2720 VIII.
1267 2689 1320 2721 40.
1342 2706 1377 2710 -
1397 2690 1428 2721 8.
1453 2697 1526 2720 reos
1542 2689 1602 2727 R3,
1629 2689 1652 2720 C
1670 2689 1695 2720 E
1711 2686 1743 2727 λ,
1769 2688 1878 2728 Lg29:

108 2739 298 2778 praesentes
326 2746 400 2770 reos
429 2737 513 2769 dett.
556 2737 606 2770 Cf.
633 2738 746 2769 Madv.
777 2747 810 2779 p.
837 2738 890 2770 28.
919 2755 953 2758 —
982 2738 1012 2769 9.
1046 2738 1102 2769 sed
1126 2742 1157 2770 et
1187 2740 1228 2770 Gl
1259 2739 1289 2770 2.
1319 2757 1354 2762 —
1381 2738 1521 2770 absentis
1543 2739 1588 2777 R,
1625 2737 1754 2769 absente
1776 2737 1814 2769 E.
1842 2753 1877 2759 —-

114 2785 167 2819 44.
193 2795 367 2819 numerum
389 2787 448 2821 R3,
477 2805 511 2810 —
540 2788 591 2820 46.
618 2788 771 2820 Sthennio
795 2789 833 2820 R.
862 2805 896 2810 —
923 2789 972 2819 ila
995 2788 1032 2820 E.
1053 2805 1087 2810 —-
1103 2788 1280 2828 paululum
1302 2789 1329 2820 R
1353 2789 1399 2829 (et
1422 2788 1474 2820 sic
1498 2788 1670 2828 semper):
1693 2786 1881 2827 paullulum

114 2835 157 2874 0;
178 2836 319 2876 paulum
341 2837 431 2877 Lg27
447 2838 501 2870 29.
531 2856 566 2860 —
591 2848 657 2870 non
675 2839 803 2878 pudore
833 2838 888 2869 sed
919 2846 988 2869 0111.
1019 2837 1058 2869 E.
1084 2855 1119 2860 —
1147 2839 1200 2870 47.
1221 2846 1354 2878 pressus
1387 2838 1424 2869 E.
1453 2855 1487 2860 —
1514 2837 1754 2876 condempnare
1776 2836 1815 2867 R.
1842 2852 1878 2857 —

113 2887 232 2918 audet:
257 2886 421 2919 absentem
444 2888 482 2920 de
503 2888 568 2920 reis
591 2889 616 2920 O
641 2889 675 2920 in
700 2889 755 2920 ed.
782 2890 807 2920 1.
835 2888 999 2920 distinxit.
1019 2906 1054 2910 —
1073 2889 1126 2921 48.
1153 2888 1292 2919 triennio
1316 2888 1353 2920 E.
1374 2905 1409 2909 —
1430 2888 1483 2920 49.
1502 2888 1639 2926 d0m0q;
1665 2895 1751 2926 quae
1773 2885 1883 2917 caruit

113 2935 152 2975 R,
178 2935 243 2968 sed
266 2944 352 2977 quae
373 2938 594 2977 punctatum.
621 2955 656 2960 —
683 2939 803 2970 caeteri
826 2939 863 2975 R,
891 2940 925 2969 et
949 2938 999 2970 sic
1022 2937 1164 2979 ubique.
1195 2955 1230 2960 —-
1255 2938 1310 2969 22.
1335 2946 1376 2969 ac
1399 2937 1487 2969 domi
1511 2938 1575 2975 Gl;
1614 2939 1672 2968 aut
1695 2935 1782 2967 dorni
1804 2941 1883 2966 suae

115 2985 163 3017 (32
179 2985 242 3019 Ld.
261 3003 297 3009 —-
312 2989 422 3027 posset
436 2986 479 3022 R:
501 2990 575 3027 post
592 2988 632 3019 Gl
644 3012 651 3019 .
672 3005 707 3010 —
726 2989 779 3020 23.
797 2996 914 3019 uerum
934 2988 1053 3028 fortem
1076 2997 1171 3027 quem
1192 2996 1340 3019 summae
1356 2987 1554 3027 prouinciae
1577 2985 1762 3025 expectabit
1783 2985 1823 3016 R.
1842 2999 1878 3004 —

110 3035 303 3074 provinciae
336 3035 555 3075 expectabant
593 3037 633 3068 Gl
669 3038 700 3069 2.
733 3054 768 3059 -
806 3036 857 3069 24.
895 3046 928 3068 se
957 3037 1043 3068 mihil
1079 3038 1182 3078 Lagg.
1216 3037 1301 3069 dett.
1333 3037 1370 3068 O.
1406 3053 1440 3058 —
1481 3036 1534 3068 27.
1567 3035 1705 3068 Callidio
1744 3034 1806 3066 R3.
1842 3049 1877 3054 -

115 3083 168 3116 28.
194 3085 318 3117 eculeos
339 3086 365 3118 R
388 3083 410 3117 λ
432 3086 522 3126 Lg29
549 3086 594 3126 (et
616 3087 666 3118 sic
690 3088 715 3119 R
739 3088 909 3127 semper):
936 3086 1087 3126 equuleos
1109 3087 1146 3119 O.
1174 3104 1209 3109 —-
1235 3086 1289 3119 29.
1323 3086 1443 3127 quique
1469 3085 1612 3118 maaeimi
1636 3085 1695 3124 G3⁷
1720 3084 1828 3116 Prisc.
1853 3082 1879 3113 Ι.

115 3141 149 3175 p.
166 3133 240 3166 437.
273 3134 328 3176 (αἱ.
348 3143 379 3167 e.
407 3136 466 3176 qui
489 3136 642 3167 maximo
666 3137 778 3178 pretio
803 3135 989 3177 aliquando
1014 3137 1260 3168 constiterant»
1285 3136 1343 3168 On.
1357 3136 1382 3168 Ι.
1409 3135 1511 3177 prob.
1530 3133 1643 3168 Madv.
1660 3143 1694 3176 p.
1715 3133 1785 3173 65):
1812 3130 1884 3171 qui-

117 3190 178 3221 que
199 3184 346 3217 maxime
367 3186 414 3224 R;
440 3186 497 3225 qui
521 3186 559 3226 Q.
584 3186 728 3218 Maximi
752 3187 854 3227 Lagg.
881 3194 1005 3218 omnes
1031 3186 1183 3226 (praeter
1198 3185 1251 3225 42,
1278 3186 1337 3227 qui
1363 3186 1399 3225 Q.
1419 3185 1517 3226 om.),
1543 3185 1568 3216 Ο
1591 3181 1693 3225 prob.
1711 3180 1825 3214 Halm.
1841 3196 1878 3202 —-

116 3232 294 3272 inprudens
315 3235 354 3267 R.
389 3235 522 3267 Locum
545 3235 627 3267 citat
650 3236 764 3274 Quint.
790 3236 844 3267 IX.
869 3236 907 3275 2,
941 3236 993 3267 60.
1021 3252 1057 3256 —
1084 3235 1135 3268 30.
1161 3235 1315 3266 dt'oeiSSeYn
1337 3233 1494 3267 Halmius
1527 3231 1613 3274 (coll.
1638 3233 1679 3264 11.
1706 3231 1737 3272 g.
1763 3231 1816 3263 72.
1842 3239 1879 3272 p.

119 3279 254 3315 cluent.
280 3283 310 3325 ἓ.
329 3284 403 3317 498.
428 3294 463 3327 p.
481 3286 570 3318 Sest.
596 3286 627 3326 g.
654 3286 727 3318 402.
754 3285 799 3317 ad
822 3286 916 3318 Fam.
942 3285 1012 3316 VII.
1039 3284 1092 3324 44,
1117 3285 1149 3317 2.
1176 3285 1220 3316 ad
1236 3285 1304 3316 Att.
1322 3284 1408 3316 VIII.
1426 3285 1468 3316 11.
1486 3285 1527 3316 D.
1546 3282 1607 3322 5.):
1635 3280 1756 3313 dixisse
1771 3278 1876 3313 codd.

119 3330 157 3362 O.
178 3347 213 3354 -
231 3331 284 3364 34.
308 3333 344 3366 in
366 3342 438 3369 om.
462 3335 567 3377 Lagg.
593 3335 679 3368 dett.
698 3352 734 3359 —-
759 3335 812 3368 33.
839 3335 984 3375 aspicere
1006 3335 1045 3366 R.
1066 3352 1102 3357 —
1121 3333 1173 3367 34.
1199 3337 1416 3374 quaereretur
1438 3335 1477 3368 R.
1496 3350 1532 3357 -—
1550 3331 1782 3373 neqociarecur
1795 3330 1834 3363 R.
