2143 3713
670 206 765 246 cst.
796 205 1058 246 xv—xvi.
1096 204 1169 259 §§.
1190 203 1381 246 42—47.
1817 204 1890 246 531

152 334 243 360 rum
283 319 478 359 diuturna
515 331 595 371 pax
635 317 798 357 efficere
838 317 1055 370 potuisset.
1114 315 1179 357 423.
1212 318 1317 364 lam,
1357 321 1528 369 accepta
1557 317 1598 357 in
1629 319 1760 358 Ponto
1792 318 1898 359 cala-

153 384 294 422 mitate
324 395 377 421 ex
407 394 456 421 eo
487 379 668 433 proelio,
701 378 751 417 de
783 393 866 431 quo
891 393 962 418 vos
993 379 1117 431 paulo
1140 384 1235 418 ante
1257 379 1411 418 invitus
1432 378 1650 427 admonui,
1681 393 1775 420 cum
1797 380 1898 420 socii

153 445 481 498 pertimuissent,
517 441 697 481 hostium
738 454 839 492 opes
879 441 1091 493 animique
1123 440 1370 486 crevissent,
1410 440 1508 479 satis
1547 440 1712 481 firmum
1742 442 1900 494 praesi-

152 507 265 546 dium
296 505 507 560 provincia
536 516 617 542 non
647 502 840 548 haberet,
872 503 1114 543 amisissetis
1144 501 1307 547 Asiam,
1339 501 1547 549 Quirites,
1578 503 1657 542 nisi
1679 504 1730 542 ad
1762 503 1898 556 ipsum

152 569 371 608 discrimen
403 566 491 606 eius
522 564 720 616 temporis
752 563 947 604 divinitus
981 565 1051 604 Cn.
1082 564 1325 616 Pompeium
1347 563 1399 603 ad
1422 577 1490 604 eas
1519 565 1711 618 regiones
1733 564 1931 605 fortuna5

152 630 295 682 populi
324 626 495 668 Romani
525 625 742 665 attulisset.
787 626 922 665 Huius
953 627 1154 666 adventus
1185 630 1226 665 et
1251 625 1531 666 Mithridatem
1551 627 1720 667 insolita
1740 625 1900 666 inflam-

151 696 305 731 matum
344 688 519 730 victoria
560 687 768 727 continuit
807 693 846 726 et
885 689 1103 738 Tigranem
1134 687 1292 739 magnis
1325 688 1456 740 copiis
1487 688 1747 729 minitantem
1776 689 1899 728 Asiae

150 753 385 793 retardavit.
430 751 482 789 Et
512 749 734 803 quisquam
767 750 991 797 dubitabit,
1023 750 1124 803 quid
1147 750 1298 789 virtute
1326 749 1585 802 perfecturus
1608 751 1684 798 sit,
1717 751 1788 804 qui
1811 755 1900 790 tan-

152 820 237 854 tum
267 812 509 852 auctoritate
539 811 790 863 perfecerit?
821 817 891 852 aut
925 825 1047 864 quam
1069 811 1191 851 facile
1213 811 1387 864 imperio
1409 817 1535 865 atque
1557 813 1742 852 exercitu
1764 813 1900 852 socios

151 882 191 916 et
220 873 434 926 vectigalia
465 878 786 912 conservaturus
818 874 890 920 sit,
932 874 1003 926 qui
1042 873 1132 925 ipso
1163 874 1332 913 nomine
1363 887 1410 914 ac
1441 888 1607 914 rumore
1638 873 1949 914 defenderit‘rw

151 937 257 976 XVI.
295 933 360 974 4-6.
400 936 484 987 Age
526 948 623 974 vero
661 935 731 974 illa
769 949 834 975 res
876 941 1073 988 quantam
1113 934 1295 974 declarat
1333 937 1523 976 eiusdem
1567 937 1749 977 hominis
1790 936 1899 990 apud

147 999 288 1038 hostes
319 997 462 1050 populi
494 997 667 1036 Romani
699 998 1011 1044 auctoritatem,
1044 997 1156 1049 quod
1189 1011 1241 1036 ex
1273 997 1373 1037 locis
1400 1003 1481 1038 tam
1517 998 1756 1052 longinquis
1798 1004 1901 1038 tam-

148 1073 229 1113 que
259 1058 434 1098 diversis
464 1063 546 1098 tam
576 1058 690 1097 brevi
727 1064 912 1111 tempore
953 1072 1095 1098 omnes
1131 1058 1228 1099 huic
1268 1073 1312 1099 se
1356 1061 1429 1100 uni
1468 1060 1743 1101 dediderunt!
1788 1060 1899 1114 quod

148 1120 405 1161 Cretensium
446 1120 592 1171 legati,
632 1134 725 1159 cum
762 1122 805 1159 in
836 1134 979 1160 eorum
1012 1121 1149 1160 insula
1180 1126 1320 1161 noster
1349 1122 1574 1175 imperator
1605 1123 1900 1175 exercitusque

146 1189 276 1230 esset,
306 1182 356 1222 ad
389 1183 460 1221 Cn.
482 1181 723 1234 Pompeium
758 1183 799 1221 in
833 1183 997 1222 ultimas
1018 1195 1147 1235 prope
1171 1189 1299 1223 terras
1321 1190 1526 1224 venerunt
1546 1185 1669 1238 eique
1691 1198 1735 1225 se
1757 1196 1900 1224 omnes
1915 1195 1951 1223 ⁴5

147 1245 404 1286 Cretensium
434 1244 622 1283 civitates
654 1243 805 1284 dedere
827 1245 934 1284 velle
956 1244 1178 1283 dixerunt!
1226 1245 1370 1292 Quid?
1402 1246 1513 1286 idem
1540 1246 1618 1287 iste
1639 1246 1900 1287 Mithridates

144 1320 283 1348 nonne
323 1306 374 1346 ad
414 1306 592 1346 eundem
634 1306 704 1346 Cn.
736 1308 979 1359 Pompeium
1019 1306 1201 1358 legatum
1241 1308 1451 1360 usquein
1480 1308 1725 1361 Hispaniam
1755 1309 1900 1349 misit?

144 1382 238 1410 eum
269 1381 394 1422 quem
423 1368 644 1421 Pompeius
675 1369 856 1421 legatum
887 1381 1051 1420 semper
1077 1368 1298 1417 iudicavit,
1329 1369 1383 1417 ii,
1415 1370 1568 1423 quibus
1590 1377 1677 1412 erat
1699 1369 1897 1426 [semper]

143 1432 364 1472 molestum
403 1429 455 1470 ad
492 1444 585 1470 eum
622 1431 884 1484 potissimum
925 1444 1016 1470 esse
1059 1430 1255 1479 missum,
1297 1432 1601 1484 speculatorem
1632 1447 1758 1487 quam
1789 1434 1900 1487 lega-

143 1499 229 1534 tum
260 1492 445 1532 iudicare
475 1492 724 1532 maluerunt.
768 1494 946 1533 Potestis
976 1492 1101 1545 igitur
1130 1492 1212 1532 iam
1243 1494 1518 1542 constituere,
1552 1494 1760 1545 Quirites,
1790 1496 1899 1537 hanc
1913 1506 1949 1535 20

143 1555 430 1596 auctoritatem
473 1554 615 1595 multis
656 1560 802 1607 postea
840 1556 963 1595 rebus
1006 1554 1133 1608 gestis
1164 1555 1410 1610 magnisque
1440 1557 1587 1598 vestris
1617 1557 1783 1598 iudiciis
1814 1570 1900 1598 am-

144 1615 364 1671 plificatam
403 1621 603 1669 quantum
646 1618 756 1670 apud
796 1618 890 1658 illos
931 1631 1076 1671 reges,
1124 1623 1323 1670 quantum
1363 1619 1474 1672 apud
1513 1625 1677 1662 exteras
1707 1621 1898 1661 nationes

145 1678 364 1719 valituram
395 1691 485 1718 esse
516 1679 776 1719 existimetis.

256 1737 322 1779 47.
354 1740 575 1792 Reliquum
608 1747 691 1789 est,
722 1748 768 1781 ut
798 1743 849 1781 de
880 1742 1099 1789 felicitate,
1132 1756 1255 1796 quam
1285 1749 1498 1796 praestare
1520 1744 1571 1785 de
1593 1758 1637 1785 se
1662 1745 1754 1799 ipso
1775 1759 1897 1786 nemo

146 1807 305 1855 potest,
346 1803 584 1842 meminisse
627 1809 668 1843 et
698 1817 1023 1844 commemorare
1056 1805 1106 1844 de
1137 1805 1267 1845 altero
1297 1819 1539 1858 possumus,
1582 1808 1689 1847 sicut
1718 1821 1897 1860 aequum
1911 1817 1947 1846 95

145 1870 208 1904 est
234 1865 425 1904 homines
457 1864 508 1904 de
538 1870 742 1917 potestate
774 1865 969 1913 deorum,
1002 1867 1145 1906 timide
1177 1873 1217 1907 et
1246 1881 1380 1920 pauca
1410 1869 1609 1909 dicamus.
1668 1871 1755 1922 Ego
1787 1872 1898 1910 enim

145 1928 203 1966 sie
237 1928 455 1974 existimo,
486 1927 690 1975 Maximo,
723 1928 938 1975 Marcello,
971 1929 1180 1981 Scipioni,
1220 1930 1350 1969 Mario
1382 1935 1422 1970 et
1453 1932 1602 1972 ceteris
1633 1934 1792 1985 magnis
1822 1934 1898 1973 im-

144 1988 404 2040 peratoribus
441 2001 526 2028 non
556 1989 689 2030 solum
711 1996 881 2043 propter
901 1991 1093 2031 virtutem
1107 2021 1117 2038 ‚
1149 1991 1220 2031 sed
1244 1993 1367 2032 etiam
1389 1998 1558 2045 propter
1576 1993 1787 2035 fortunam
1808 2009 1898 2036 sae-

143 2050 236 2103 pius
268 2050 443 2102 imperia
472 2051 666 2091 mandata
687 2058 813 2105 atque
835 2053 1040 2092 exercitus
1063 2066 1153 2093 esse
1175 2054 1433 2094 commissos.
1464 2055 1559 2095 Fuit
1579 2056 1689 2096 enim
1710 2056 1897 2109 profecto

144 2111 393 2164 quibusdam
427 2114 598 2153 summis
629 2114 728 2153 viris
760 2115 964 2167 quaedam
995 2115 1046 2155 ad
1077 2116 1394 2168 amplitudinem
1424 2122 1466 2156 et
1495 2117 1547 2157 ad
1577 2117 1752 2170 gloriam
1773 2124 1815 2159 et
1844 2120 1896 2159 ad
1909 2128 1946 2156 3ο

142 2187 208 2214 res
250 2187 419 2228 magnas
460 2176 566 2216 hene
597 2178 799 2229 gerendas
831 2178 1030 2218 divinitus
1061 2178 1257 2219 adiuncta
1284 2178 1464 2219 fortuna.
1512 2180 1573 2219 De
1603 2180 1727 2220 huius
1757 2186 1896 2221 autem

140 2235 326 2277 hominis
356 2237 582 2287 felicitate,
613 2239 663 2278 de
696 2253 779 2292 quo
812 2254 922 2280 nunc
955 2241 1138 2294 agimus,
1176 2241 1254 2280 hac
1283 2247 1378 2281 utar
1407 2241 1695 2283 moderatione
1729 2243 1895 2283 dicendi

225 2418 257 2449 4.
292 2416 362 2448 iam
390 2425 468 2448 vero
494 2419 628 2456 accepta
656 2426 736 2449 cum
768 2419 938 2459 Naugerio
970 2419 1003 2451 in
1033 2419 1089 2451 ed.
1120 2418 1240 2451 Aldina
1274 2418 1344 2454 [ἓ.
1382 2436 1417 2442 -
1456 2419 1485 2452 3.
1518 2429 1593 2460 opes
1621 2421 1759 2453 hostium
1786 2420 1827 2461 (Β.
1857 2440 1891 2446 —-

139 2468 218 2500 satis
245 2468 271 2500 C
305 2467 410 2508 (teste
434 2465 566 2506 Modio)
593 2465 795 2505 EVSBBO:
826 2477 900 2500 cum
929 2470 1008 2501 satis
1032 2468 1144 2506 FL83
1178 2473 1207 2501 et
1228 2478 1304 2501 cum
1326 2470 1406 2501 satis
1430 2470 1470 2501 A.
1499 2487 1533 2491 —
1564 2469 1596 2502 4.
1625 2471 1688 2502 nisi
1718 2472 1762 2502 ad
1788 2472 1896 2511 ipsum

138 2518 313 2550 discrimen
340 2516 408 2549 eius
436 2516 590 2556 temporis
622 2516 790 2555 CEV‘B:
821 2518 885 2549 nisi
915 2520 959 2550 ad
991 2520 1098 2559 ipsum
1130 2519 1198 2551 eius
1230 2520 1384 2560 temporis
1411 2520 1456 2556 B;
1492 2520 1555 2550 nisi
1582 2520 1616 2551 id
1645 2521 1752 2560 ipsum
1773 2524 1895 2553 statum

138 2567 206 2600 eius
230 2567 384 2607 temporis
405 2567 428 2598 F
439 2575 445 2601 ;
480 2566 543 2597 nisi
571 2566 678 2606 ipsum
706 2567 740 2598 id
768 2569 923 2608 temporis
950 2568 1070 2607 A803
1106 2569 1171 2600 nisi
1204 2570 1248 2600 ad
1277 2570 1312 2601 id
1339 2570 1446 2609 ipsum
1477 2570 1631 2610 temporis
1653 2571 1690 2602 L.
1718 2589 1753 2594 —
1785 2571 1815 2602 6.
1841 2579 1895 2602 so-

137 2617 199 2649 lita
214 2617 253 2650 C.
281 2631 317 2643 ’-
341 2616 493 2657 inflatum
507 2614 537 2655 ‘B
561 2617 595 2647 et
618 2625 686 2656 mg.
705 2615 739 2650 2.
760 2635 794 2639 —
820 2618 850 2650 8.
873 2619 1079 2659 perfecturus
1093 2637 1111 2643 -
1123 2619 1326 2659 -perfecerit
1346 2620 1371 2650 E
1383 2619 1412 2649 V
1424 2619 1448 2650 L
1463 2617 1507 2652 53:
1529 2619 1738 2659 profecturus
1753 2637 1802 2643 --
1813 2628 1894 2660 per-

135 2666 248 2707 fecerit
280 2666 322 2705 F;
349 2665 558 2706 profecturus
580 2683 598 2689 -
614 2683 632 2689 -
650 2666 826 2707 profecerit
855 2668 879 2699 B
894 2669 939 2703 A;
972 2668 1175 2708 perfecturus
1197 2686 1245 2691 --
1263 2668 1441 2709 profecerit
1464 2669 1502 2700 Ο.
1535 2686 1569 2691 -
1602 2669 1633 2700 9.
1665 2669 1804 2709 imperio
1835 2677 1894 2700 sao

135 2715 315 2757 uectigalia
338 2715 474 2755 (mediis
497 2716 646 2757 omissis)
671 2716 712 2756 ’B-
741 2734 776 2739 —-
802 2717 854 2748 ⁴0.
881 2718 931 2759 ac]
956 2721 985 2748 et
1008 2718 1042 2749 F.
1071 2736 1105 2740 —
1133 2718 1184 2749 tt.
1211 2722 1370 2758 quantam
1395 2720 1476 2758 (non
1499 2719 1670 2758 quantum)
1694 2719 1752 2751 illa
1775 2728 1827 2751 res
1849 2717 1890 2758 ᾧ.

139 2783 177 2789 -
201 2765 254 2798 43.
277 2769 350 2797 tam
372 2764 506 2796 diversis
528 2763 610 2804 ᾞΑ.
640 2783 674 2788 -
699 2766 773 2798 huic
795 2775 827 2798 se
848 2767 906 2798 uni
929 2767 972 2798 W
987 2766 1036 2798 Cb
1054 2767 1079 2798 E
1093 2767 1138 2798 V:
1170 2768 1228 2799 uni
1249 2768 1324 2800 huic
1346 2777 1379 2799 se
1401 2766 1493 2806 {1303
1515 2778 1585 2800 una
1607 2777 1640 2800 se
1660 2768 1735 2800 huic
1757 2769 1800 2805 Β;
1826 2777 1895 2800 una

136 2814 211 2847 huic
232 2823 266 2848 se
287 2812 434 2847 FALQ.
463 2832 498 2837 —
524 2815 680 2846 dederunt
703 2816 743 2847 V.
770 2816 820 2847 Cs.
840 2816 870 2856 S.
889 2816 941 2848 35.
969 2834 1004 2839 —
1036 2817 1122 2855 quod
1144 2818 1308 2850 communi
1331 2818 1532 2850 Cretenszum
1556 2817 1620 2857 Cb,
1647 2818 1740 2850 unde
1766 2817 1894 2849 Guliel-

138 2864 252 2896 mius:
279 2864 366 2903 quod
389 2872 411 2894 a
433 2865 596 2895 communi
619 2865 828 2897 Cretensium.
849 2884 882 2889 -
912 2865 963 2898 44.
980 2869 1084 2898 vester
1105 2867 1183 2905 imp.
1202 2868 1237 2898 L.
1260 2885 1295 2889 —
1322 2868 1375 2898 46.
1393 2868 1478 2899 idem
1500 2868 1558 2899 iste
1581 2868 1606 2899 E
1620 2866 1726 2907 V’BF
1740 2868 1784 2899 B:
1809 2868 1894 2899 idem

137 2912 190 2944 iste·
213 2912 282 2951 Cb3
307 2913 392 2944 idem
413 2913 480 2952 ipse
502 2914 529 2944 Α
544 2913 622 2952 L&
647 2915 723 2946 item
746 2916 811 2955 ipsc
835 2914 877 2946 de
895 2924 957 2946 sua
976 2915 1174 2947 coniectura
1191 2916 1227 2947 O.
1256 2915 1305 2948 Cf.
1325 2915 1355 2956 g.
1375 2916 1427 2947 49.
1450 2933 1485 2938 -
1513 2917 1564 2948 1¹7.
1592 2925 1692 2957 usque
1716 2917 1760 2948 ad
1781 2916 1895 2956 hispa-

139 2961 229 2992 m'am
251 2961 276 2992 E
302 2961 381 3001 (non
405 2962 463 3002 Υ);
489 2971 591 3001 usque
611 2964 797 3004 hispaniam
820 2966 842 2996 F
855 2965 878 2996 B
893 2966 931 2996 Α,
950 2983 984 2986 -
1013 2965 1063 2997 18.
1089 2974 1162 2996 eum
1179 2974 1273 3004 quem
1289 2966 1333 2996 W
1347 2964 1398 2997 Cb
1416 2965 1440 2997 E
1458 2966 1501 2997 O:
1528 2974 1602 2997 cum
1619 2975 1713 3006 quem
1729 2966 1776 3002 V;
1802 2974 1894 2997 eum-

140 3018 201 3049 que
222 3009 450 3050 {BFBALQ
479 3029 514 3034 —
547 3013 581 3052 ii]
606 3013 638 3044 hi
661 3014 695 3045 F.
724 3033 759 3036 —
791 3019 863 3047 crat
884 3016 1052 3047 molestum
1075 3015 1125 3048 Cb
1139 3014 1188 3055 813:
1221 3019 1292 3047 erat
1314 3025 1440 3056 semper
1461 3017 1630 3048 molestum
1653 3017 1677 3048 E
1691 3017 1737 3053 V?
1769 3024 1895 3055 semper

141 3063 212 3091 erat
223 3061 391 3093 molestum
406 3063 432 3093 R
444 3063 470 3094 A
484 3063 508 3094 L
522 3062 544 3096 Β
557 3064 601 3099 O:
627 3067 698 3095 erat
714 3066 944 3104 permolestum
960 3064 1121 3096 Klotzius.
1146 3065 1267 3104 (Etiam
1284 3066 1326 3096 W
1342 3066 1393 3097 Ch
1409 3065 1540 3113 habere
1557 3075 1590 3098 v.
1609 3074 1733 3106 semper
1748 3066 1896 3096 testatur

141 3108 364 3152 Gulielmius.)
390 3128 425 3133 —
460 3112 513 3144 ΞΟ.
540 3113 688 3146 iudicare
710 3115 743 3153 F,
770 3116 805 3146 P.
824 3115 1014 3153 Manutius,
1039 3114 1120 3148 Lss:
1159 3115 1302 3146 iudicari
1324 3115 1389 3147 ΒΑ
1404 3116 1441 3147 Ο.
1463 3133 1498 3138 --
1524 3116 1577 3148 24.
1605 3114 1668 3147 «al.
1694 3115 1732 3146 de
1754 3122 1785 3145 se
1807 3114 1894 3153 ipse»

141 3165 211 3198 mg.
237 3157 271 3192 ἓ.
297 3177 332 3182 -
369 3161 423 3193 25.
454 3170 720 3196 commemorasse
742 3165 778 3196 B.
814 3182 850 3187 —-
882 3164 1042 3204 possimus
1063 3164 1089 3196 E
1113 3164 1284 3196 Freundio
1308 3165 1398 3196 teste
1426 3165 1505 3205 (non
1529 3165 1581 3205 V).
1610 3183 1642 3188 -
1674 3164 1727 3196 ΞΘ.
1752 3163 1896 3194 homines

141 3205 266 3246 Evm:
290 3208 427 3242 hominis
448 3211 495 3250 Β;
521 3212 643 3243 homini
664 3213 724 3245 FB
738 3215 765 3246 A
778 3213 800 3248 ἓ
814 3215 857 3247 O:
882 3215 1043 3245 hominem
1059 3215 1094 3245 L.
1121 3214 1183 3246 Hic
1207 3214 1326 3254 incipit
1341 3213 1577 3255 fragmentum
1594 3214 1725 3247 codicis
1741 3213 1896 3253 Tegern-

141 3256 286 3289 seensis.
305 3274 341 3281 --
365 3259 418 3292 30.
442 3263 474 3292 et
495 3262 540 3292 ad
561 3262 704 3302 gloriam
726 3263 751 3295 E
765 3264 789 3295 T
802 3264 831 3295 V
844 3262 873 3303 ’Β
887 3265 908 3295 F
922 3265 945 3295 B
963 3264 1006 3295 L:
1032 3267 1062 3296 et
1082 3263 1227 3306 gloriam
1248 3263 1329 3304 (om.
1348 3264 1402 3304 ad)
1425 3263 1489 3298 AR
1503 3265 1540 3297 Ο.
1563 3282 1598 3288 -
1625 3263 1677 3296 31.
1696 3264 1806 3295 autem
1822 3269 1893 3294 om.

143 3301 187 3344 213.
213 3321 248 3328 —
275 3305 329 3340 32.
353 3309 392 3343 de
414 3318 478 3351 quo
501 3310 586 3344 EV:
611 3320 674 3352 quo
697 3312 735 3346 de
756 3312 949 3347 RALssO.
