2143 3713
515 236 602 274 Lm.
634 234 702 275 1v.
734 232 832 272 cip.
862 231 1149 271 Lvu—le.
1178 229 1251 284 §§.
1284 228 1529 272 lea-431.
1802 224 1875 267 37¹1

134 347 265 394 enim,
299 346 411 400 quod
443 346 638 399 scriptum
670 349 733 383 est
764 344 874 382 inani
907 344 948 382 in
971 344 1083 390 basi,
1115 342 1320 389 declarat,
1353 343 1452 395 quid
1473 342 1617 390 fuerit,
1649 349 1689 383 et
1712 343 1752 383 id
1774 343 1885 384 abla-

133 414 221 448 tum
252 409 420 449 indicat.
468 407 607 456 Quid?
638 407 798 458 signum
821 406 993 445 Paeanis
1025 419 1077 445 ex
1099 405 1201 444 aede
1221 404 1459 457 Aesculapii
1481 405 1692 457 praeclare
1718 406 1885 453 factum,

133 484 293 510 sacrum
324 485 371 510 ac
402 471 662 522 religiosum,
704 481 787 507 non
820 468 1058 508 sustulisti?
1100 466 1209 520 quod
1242 479 1385 505 omnes
1418 472 1585 520 propter
1615 468 1888 520 pulchritudi-

134 547 227 573 nem
268 534 426 580 visere,
470 536 636 585 propter
674 530 917 581 religionem
961 530 1094 569 colere
1132 528 1333 568 solebant.
1394 525 1488 568 ¹128.
1521 529 1658 577 Quid?
1703 543 1756 569 ex
1787 529 1887 569 aede

134 596 273 635 Liberi
306 595 568 635 simulacrum
598 592 776 631 Aristaei
809 606 888 631 non
924 598 993 632 tuo
1026 591 1201 644 imperio
1234 590 1367 643 palam
1400 590 1581 630 ablatum
1614 594 1703 631 est‘?
1750 590 1918 638 Quid‘25

134 671 185 697 ex
216 657 317 698 aede
350 656 456 697 Iovis
488 654 845 706 religiosissimum
868 654 1132 693 simulacrum
1154 653 1264 692 Iovis
1286 652 1568 705 Imperatoris,
1601 666 1723 706 quem
1745 652 1888 692 Graeci

134 719 258 758 [Irion
290 718 522 762 nominant,
554 715 829 768 pulcherrime
860 716 1037 763 sactum,
1075 728 1213 755 nonne
1245 714 1480 754 abstulisti?
1532 715 1672 763 Quid?
1705 729 1758 755 ex
1788 715 1890 755 aede

132 780 306 820 Liberae
336 779 366 829 ’ἰ-
398 778 588 818 Parinum
631 784 755 829 caput
796 778 894 817 illud
932 777 1280 830 pulcherrimum,
1329 777 1442 830 quod
1474 777 1609 817 visere
1641 777 1890 824 solebamus,

132 845 229 882 nu'm
272 840 466 880 dubitasti
509 840 683 879 tollere?
734 841 870 894 Atque
911 841 982 880 ille
1026 841 1160 879 Paean
1204 839 1417 879 sacrificiis
1448 840 1740 879 anniversariis
1771 839 1890 879 simul

133 918 224 944 cum
254 901 501 954 Aesculapio
534 901 642 955 apud
675 902 765 941 illos
797 903 1032 942 colebatur:
1078 902 1313 948 Aristaeus,
1352 903 1422 955 qui
1463 899 1523 955 [ut
1564 902 1710 941 Graeci
1740 902 1941 949 ferunt‚⁴0

132 966 267 1006 Liberi
297 961 440 1016 filius,]
477 964 674 1003 inventor
704 965 785 1003 olei
819 978 909 1004 esse
932 965 1104 1011 dicitur,
1135 978 1218 1003 una
1239 978 1332 1004 cum
1354 964 1503 1004 Libero
1525 969 1642 1017 patre
1665 965 1774 1017 apud
1796 965 1911 1020 illos·

132 1026 278 1067 eodem
302 1031 391 1065 erat
421 1028 461 1066 in
485 1026 636 1079 templo
661 1032 948 1066 consecratus:
982 1023 1074 1065 4⁶29.
1097 1027 1236 1066 Iovem
1259 1031 1397 1065 autem
1418 1026 1715 1078 Imperatorem
1737 1032 1892 1080 quanto

130 1088 290 1128 honore
322 1089 364 1127 in
396 1102 470 1128 suo
495 1089 650 1141 templo
682 1089 809 1127 fuisse
832 1089 1119 1128 arbitramini?
1168 1088 1381 1128 Coniicere
1404 1089 1599 1142 potestis,
1631 1090 1666 1128 si
1687 1089 1893 1129 recordari

129 1151 365 1199 volueritis,
407 1157 561 1205 quanta
600 1151 800 1203 religione
839 1152 963 1191 fuerit
996 1151 1140 1191 eadem
1174 1152 1311 1205 specie
1344 1165 1390 1191 ac
1420 1151 1552 1191 forma
1584 1152 1746 1205 signum
1776 1152 1892 1200 illud,

130 1213 239 1266 quod
271 1227 324 1253 ex
353 1213 597 1253 Macedonia
619 1218 781 1266 captum
815 1215 855 1253 in
877 1214 1078 1267 Capitolio
1100 1219 1297 1265 posuerat
1318 1214 1593 1253 Flamininus.
1634 1214 1777 1252 LVIII.
1797 1214 1943 1254 Ete-l5

128 1275 214 1316 nim
245 1277 322 1316 tria
350 1276 589 1315 serebantur
619 1276 658 1314 in
691 1276 788 1315 orbe
822 1281 1024 1315 terrarum
1056 1276 1173 1328 signa
1200 1276 1309 1315 Iovis
1340 1276 1604 1328 Imperatoris
1634 1290 1719 1317 uno
1750 1278 1793 1317 in
1824 1291 1894 1329 ge·-

129 1351 227 1378 nere
269 1338 546 1391 pulcherrime
586 1337 718 1377 facta:
763 1352 890 1378 unum
930 1337 1033 1377 illud
1074 1337 1412 1385 Macedonicum,
1459 1338 1572 1391 quod
1616 1340 1656 1378 in
1689 1339 1893 1392 Capitolio

127 1400 330 1439 vidimus:
363 1399 539 1439 alterum
570 1401 612 1439 in
643 1401 760 1439 Ponti
792 1414 862 1440 ore
885 1406 925 1440 et
950 1400 1177 1452 angustiis:
1208 1400 1392 1447 tertium,
1426 1401 1540 1454 quod
1563 1401 1778 1454 Syracusis
1800 1407 1894 1442 ante

129 1462 300 1501 Verrem
330 1467 564 1515 praetorem
594 1462 684 1502 fuit.
734 1462 840 1502 Illud
872 1462 1129 1502 Flamininus
1161 1463 1217 1502 ita
1248 1475 1300 1501 ex
1331 1463 1434 1502 aede
1465 1476 1540 1503 sua
1570 1463 1748 1511 sustulit,
1777 1469 1823 1504 ut
1851 1464 1895 1503 in

129 1524 359 1577 Capitolio,
398 1524 477 1564 hoc
508 1530 588 1573 est,
623 1525 663 1563 in
696 1526 881 1565 terrestri
914 1525 1124 1565 domicilio
1155 1525 1264 1565 Iovis
1294 1530 1483 1577 poneret.
1546 1522 1636 1565 ⁴30.
1670 1526 1794 1575 Quod
1825 1526 1944 1567 au-20

127 1592 214 1626 tem
246 1593 309 1628 est
338 1587 390 1627 ad
421 1587 635 1627 introitum
667 1588 806 1633 Ponti,
838 1587 902 1634 id,
935 1601 1027 1627 cum
1058 1592 1139 1627 tam
1169 1587 1298 1626 multa
1320 1601 1373 1627 ex
1403 1588 1475 1627 illo
1507 1588 1609 1627 mari
1630 1588 1743 1628 bella
1763 1601 1896 1629 emer-

128 1648 277 1697 serint,
316 1655 400 1689 tam
439 1651 567 1689 multa
607 1664 731 1702 porro
770 1651 813 1689 in
850 1651 1027 1689 Pontum
1058 1651 1223 1690 invecta
1255 1650 1357 1697 sint,
1396 1663 1533 1704 usque
1565 1650 1617 1689 ad
1645 1651 1753 1691 hanc
1784 1651 1893 1692 diem

128 1712 334 1764 integrum
364 1712 691 1765 inviolatumque
723 1717 929 1752 servatum
952 1718 1026 1752 est.
1076 1713 1166 1752 Hoc
1193 1713 1382 1759 tertium,
1415 1713 1526 1766 quod
1555 1718 1643 1753 erat
1664 1714 1893 1768 SyracusiS‚

129 1774 243 1826 quod
275 1775 329 1813 M.
362 1775 602 1821 Marcellus,
635 1780 816 1814 armatus
847 1780 886 1814 et
915 1776 1064 1822 victor,
1097 1775 1276 1823 viderat,
1309 1776 1423 1829 quod
1453 1776 1646 1829 religioni
1677 1790 1894 1817 concesse-

128 1842 208 1884 rat,
242 1837 356 1890 quod
387 1837 499 1876 cives
531 1842 655 1890 atque
686 1837 845 1876 incolae
869 1838 1116 1890 Syracusani
1150 1838 1307 1885 colere,
1339 1838 1524 1878 advenae
1554 1852 1640 1878 non
1671 1839 1805 1878 solum
1835 1839 1943 1879 vi-2’5

130 1912 242 1946 sere,
282 1911 423 1938 verum
469 1900 590 1938 etiam
622 1899 811 1938 venerari
842 1899 1054 1946 solebant,
1094 1899 1134 1939 id
1168 1901 1209 1939 C.
1232 1901 1383 1940 Verres
1416 1914 1469 1939 ex
1498 1901 1654 1955 templo
1685 1901 1796 1942 Iovis
1827 1916 1894 1943 su-

130 1962 258 2001 stulit.
320 1957 413 1999 11:31.
453 1961 505 2000 Ut
545 1961 710 2014 saepius
748 1960 800 1999 ad
841 1961 1082 2000 Marcellum
1123 1967 1324 2010 revertar,
1370 1962 1554 2010 iudices,
1599 1963 1658 2002 sic
1687 1963 1892 2012 habetote,

129 2024 271 2077 plures
311 2036 402 2063 esse
442 2036 464 2062 a
506 2023 774 2076 Syracusanis
818 2023 936 2062 istius
978 2023 1158 2063 adventu
1192 2024 1314 2072 deos,
1353 2038 1477 2078 quam
1507 2025 1681 2065 victoria
1710 2027 1894 2066 Marcelli

127 2086 319 2126 homines
360 2084 631 2125 desideratos.
690 2086 851 2124 Etenim
892 2085 961 2125 ille
1002 2087 1227 2139 requisisse
1265 2087 1389 2126 etiam
1421 2087 1570 2126 dicitur
1598 2087 1892 2128 Archimedem

127 2148 267 2196 illum,
299 2161 458 2188 summo
490 2148 658 2199 ingenio
689 2147 900 2187 hominem
931 2161 978 2187 ac
1001 2148 1239 2201 disciplina,
1272 2162 1397 2202 quem
1429 2162 1523 2189 cum
1553 2149 1737 2189 audisset
1766 2150 1941 2190 inter-30

126 2211 300 2259 fectum,
331 2210 580 2264 permoleste
612 2210 780 2249 tulisse:
826 2210 905 2249 iste
938 2211 1095 2257 omnia,
1129 2224 1234 2264 quae
1265 2211 1504 2264 requisivit,
1537 2225 1620 2252 non
1649 2216 1697 2251 ut
1727 2224 1893 2251 conser-

126 2277 263 2320 varet,
294 2285 436 2313 verum
466 2277 511 2311 ut
540 2277 793 2325 asportaret,
838 2273 1068 2325 requisivit.
1128 2274 1235 2312 LIX.
1267 2274 1353 2313 Iam
1383 2273 1473 2320 illa,
1508 2287 1616 2327 quae
1646 2273 1803 2313 leviora
1832 2274 1892 2313 vi-

129 2335 356 2383 debuntur,
388 2334 484 2374 ideo
516 2334 777 2386 praeteribo,
810 2334 921 2388 quod
952 2348 1116 2374 mensas
1146 2335 1370 2388 Delphicas
1402 2349 1423 2375 e
1455 2349 1680 2383 marmore,
1712 2341 1890 2376 crateras

128 2501 255 2534 Herelii
281 2501 564 2534 emendationem
588 2502 684 2532 recte
710 2501 969 2532 commendavit
991 2501 1223 2542 NVesenberg.
1250 2501 1272 2533 1.
1291 2501 1312 2533 l.
1334 2511 1367 2543 p.
1387 2502 1440 2533 28.
1467 2501 1542 2534 coll.
1570 2502 1601 2543 S.
1621 2502 1673 2534 79.
1694 2519 1729 2523 ——
1756 2503 1787 2533 4.
1806 2502 1891 2533 scri-

124 2557 220 2594 plum
243 2553 290 2586 R3
307 2551 349 2585 2:
380 2552 574 2592 inscriptum
598 2551 681 2582 dett.
709 2551 746 2582 Ο.
774 2551 890 2591 [etiam
915 2551 1022 2591 Lg29,
1055 2552 1098 2583 de
1124 2561 1193 2592 quo
1217 2553 1252 2583 Z.
1280 2551 1434 2592 erravit.]
1461 2569 1496 2574 —
1533 2552 1564 2583 Ξ.
1591 2552 1762 2591 Aesculapi
1785 2552 1822 2583 R.
1852 2569 1886 2573 —-

129 2603 160 2635 3.
185 2612 226 2635 ae
248 2604 275 2636 R
291 2603 332 2635 Gt
354 2612 361 2634 ε
388 2605 486 2642 atque
509 2602 556 2633 Ga
580 2601 660 2639 Ld.;
687 2604 716 2632 cl
739 2601 823 2632 dett.
851 2602 887 2632 O.
916 2619 951 2623 —
978 2602 1009 2632 5.
1034 2602 1151 2633 Aristei
1175 2603 1217 2640 R,
1245 2603 1280 2632 et
1303 2602 1353 2633 sic
1377 2601 1463 2632 infra
1489 2601 1596 2633 Greci.
1619 2619 1649 2625 -
1680 2598 1710 2633 3.
1736 2602 1891 2640 impelra-

127 2653 209 2684 toris
230 2653 268 2685 R.
297 2670 333 2675 ——
359 2652 390 2684 7.
419 2651 532 2682 Urium
558 2650 659 2689 (corr.
691 2650 798 2690 Urion)
825 2651 867 2687 R3
894 2645 1031 2695 Οὕριον
1055 2651 1092 2682 Ο.
1121 2669 1156 2673 -
1185 2652 1215 2683 8.
1242 2651 1349 2683 Liberi
1373 2652 1474 2691 Lagg.
1502 2653 1643 2692 praeter
1664 2650 1716 2683 42.
1738 2668 1773 2674 —
1798 2650 1892 2682 Pari-

125 2711 206 2734 num
228 2703 272 2742 R,
298 2702 320 2735 4
342 2704 439 2735 Parr.
466 2698 562 2738 Lall.,
589 2700 656 2739 Ga,
682 2701 785 2740 Lagg.
812 2708 934 2733 omnes
957 2702 1143 2741 corrupte:
1166 2710 1324 2741 parmam
1348 2702 1390 2739 C}
1413 2710 1557 2740 parvum
1575 2702 1615 2732 Gt
1635 2710 1641 2737 3
1665 2700 1803 2731 Parium
1826 2698 1887 2731 Ld.

127 2753 162 2783 et
185 2752 223 2784 O.
261 2751 313 2784 Cf.
338 2751 451 2783 Madv.
478 2752 539 2792 Op.
566 2751 591 2782 1.
617 2760 651 2791 p.
678 2750 751 2781 363.
779 2753 849 2781 not.
886 2769 921 2773 —
959 2754 1058 2791 caput
1080 2751 1160 2782 illud
1183 2751 1247 2783 R3:
1280 2751 1361 2782 illud
1383 2754 1483 2790 caput
1506 2750 1591 2782 dett.
1619 2750 1655 2781 O.
1674 2760 1719 2772 ·—-
1754 2748 1784 2780 9.
1810 2757 1890 2780 num

126 2800 226 2833 dubit.
261 2800 317 2833 ed.
350 2802 494 2833 Ascens.
527 2800 627 2831 4514:
661 2808 726 2831 'non
750 2799 823 2830 dub.
850 2801 916 2831 R3:
951 2801 1105 2831 dubitasti
1129 2801 1213 2832 dett.
1241 2800 1277 2832 Ο.
1307 2819 1340 2823 -
1380 2800 1432 2831 40.
1457 2803 1494 2831 ut
1517 2800 1635 2831 Graeci
1656 2799 1784 2839 ferunt,
1816 2797 1884 2830 Lib.

123 2852 222 2893 filius.
258 2852 353 2884 Haec
376 2850 484 2882 verba
508 2854 577 2881 non
600 2851 775 2882 immerito
800 2849 983 2881 subditicia
1010 2849 1141 2881 habent
1164 2851 1313 2887 Ernesti,
1340 2849 1577 2890 Wyttenbach
1602 2848 1698 2890 (Bibl.
1719 2849 1792 2879 crit.
1811 2849 1836 2879 Ι.
1855 2849 1886 2879 2.

125 2909 160 2942 p.
187 2901 273 2941 47.),
299 2901 443 2941 Zumpt,
470 2901 525 2932 Or.
544 2901 598 2937 2.;
625 2909 730 2940 quem
756 2900 846 2931 vide.
883 2900 1045 2931 Defendit
1069 2909 1109 2931 ea
1134 2899 1283 2931 Klotzius
1307 2899 1328 2930 l.
1355 2898 1375 2930 l.
1401 2909 1435 2941 p.
1463 2899 1536 2931 444.
1565 2917 1599 2921 -
1631 2899 1682 2931 43.
1707 2898 1889 2930 honori--

126 2950 333 2982 arbitramur
356 2952 374 2982 6
398 2951 501 2990 Lagg.
528 2950 612 2981 dett.
641 2968 676 2972 ——
703 2951 862 2981 conticere
885 2950 931 2981 R3
957 2950 1112 2989 (conicere
1135 2949 1189 2989 R):
1215 2949 1289 2979 hinc
1312 2949 1462 2989 colligere
1486 2948 1569 2980 dett.
1593 2950 1629 2980 Ο.
1651 2966 1686 2970 —
1711 2948 1890 2978 recordare

125 2999 164 3031 R.
192 3017 228 3023 —
256 2999 308 3032 44.
335 3003 432 3039 atque
456 3001 497 3031 Gt
528 3000 612 3031 dett.
639 3001 676 3032 Ο.
710 3017 745 3021 -
780 3001 827 3031 45.
858 3009 920 3039 quo
953 3009 994 3030 ez
1024 3000 1061 3030 R.
1095 3016 1129 3020 —
1161 3002 1295 3038 captum
1325 2999 1447 3038 Lagg.:
1484 2999 1594 3037 capud
1617 2999 1659 3035 1³3
1696 3000 1796 3036 caput
1819 2997 1885 3034 (333

125 3052 259 3088 captum
292 3049 360 3081 del.
386 3050 477 3081 Bake
501 3057 534 3090 p.
561 3048 613 3081 34.
647 3065 683 3071 —
720 3049 925 3080 Flamininus
950 3049 996 3080 L:
1032 3048 1214 3079 Flaminius
1245 3047 1347 3079 codd.
1383 3065 1418 3070 -
1458 3048 1510 3079 47.
1533 3049 1761 3087 pulcherrume
1783 3047 1820 3077 R.
1850 3063 1885 3068 —

127 3098 178 3130 48.
203 3099 345 3130 vidimus
368 3098 450 3131 edit.
470 3097 605 3130 Mediol.
624 3099 721 3130 Asc.:
746 3098 892 3129 videmus
915 3097 1016 3129 codd.
1037 3114 1073 3118 —
1099 3098 1133 3128 in
1154 3098 1281 3137 potiore
1297 3098 1334 3129 R.
1355 3114 1390 3118 —
1418 3097 1469 3129 49.
1494 3097 1588 3128 illum
1603 3099 1627 3129 R
1654 3095 1770 3135 (habet
1792 3094 1887 3126 idem

126 3146 161 3178 h.
179 3146 201 3179 l.
219 3148 446 3189 Flamininus).
468 3166 503 3170 —
530 3149 582 3179 20.
601 3148 763 3179 terrestris
778 3149 815 3186 R,
837 3148 939 3188 Lagg.
960 3148 1100 3187 praeter
1115 3147 1167 3178 29.
1185 3165 1219 3170 —
1240 3149 1293 3179 Ἡ.
1313 3148 1346 3178 id
1369 3149 1455 3187 quod
1477 3150 1548 3179 tam
1571 3149 1608 3179 R.
1629 3164 1663 3168 —-
1682 3147 1736 3178 22.
1754 3146 1887 3177 inventa

126 3195 169 3232 R;
194 3196 314 3228 iniecta
338 3199 440 3239 Lagg.
467 3199 608 3239 praeter
631 3197 684 3229 29.
712 3213 748 3219 —
776 3197 828 3229 26.
856 3197 889 3229 C.
909 3205 978 3228 om.
1006 3196 1090 3227 dett.
1111 3214 1147 3219 —-
1173 3198 1225 3229 ⁶27.
1251 3198 1297 3228 M.
1319 3197 1515 3229 Marcellum
1539 3197 1622 3228 dett.
1643 3214 1678 3218 —
1705 3195 1757 3227 ⁶28.
1780 3195 1889 3235 pluris

127 3245 164 3276 R.
194 3263 229 3268 —
255 3255 319 3278 esse
341 3257 411 3280 om.
430 3248 533 3288 Lgaa.
554 3265 589 3269 —
616 3247 668 3279 29.
695 3248 816 3279 dicitur
837 3247 936 3278 eliam
961 3246 1044 3277 dett.
1064 3246 1167 3286 Lagg.
1187 3248 1223 3278 Ο.
1241 3264 1275 3268 -
1302 3247 1512 3278 Archimeden
1535 3246 1637 3287 Lgea.
1660 3263 1693 3267 —
1720 3244 1772 3276 30.
1792 3253 1887 3284 quem

128 3293 192 3324 R3:
218 3303 354 3336 eumque
376 3296 462 3328 dett.
490 3314 527 3320 -—
554 3297 606 3328 34.
632 3300 778 3328 servaret
802 3296 886 3328 dett.
906 3296 943 3327 Ο.
965 3313 1000 3318 -—
1027 3295 1078 3326 32.
1106 3304 1190 3334 quae
1213 3295 1277 3332 R3.
1303 3293 1340 3334 λ,
1367 3295 1445 3327 cod.
1464 3297 1555 3329 Urs.:
1582 3295 1661 3334 quia
1685 3293 1769 3326 dett.
1789 3294 1826 3326 O.
1846 3311 1881 3316 —

126 3342 337 3385 videbuntur,
362 3346 390 3376 si
411 3346 470 3377 hoc
493 3346 562 3378 loco
585 3347 787 3386 dicerentur,
812 3346 882 3377 ideo
907 3345 991 3376 dett.
1020 3360 1055 3366 —
1083 3344 1136 3376 33.
1162 3345 1249 3383 quod
1269 3345 1329 3376 iste
1351 3344 1436 3377 dett.
1462 3346 1498 3377 Ο.
