2143 3713
545 239 632 278 Lm.
664 237 733 277 111.
775 237 871 278 CAP.
902 236 1102 276 1v—vi.
1141 234 1214 288 §§.
1246 233 1422 276 7-113.
1789 231 1870 275 239

122 352 310 405 tiumque
341 348 504 390 ornari?
548 349 791 402 praesertim
828 363 920 388 cum
963 363 1037 388 vos
1079 353 1216 387 vestro
1247 348 1377 386 Marte
1416 347 1482 386 his
1512 348 1636 388 rebus
1677 348 1870 388 omnibus

123 413 369 453 abundetis?
398 411 569 450 Verrem
601 425 691 451 esse
724 412 796 464 qui
826 417 982 451 vestras
1016 410 1134 450 villas
1165 409 1251 448 suis
1283 408 1490 448 manubiis
1521 411 1666 449 ornet?
1699 411 1869 449 Verrem

124 489 214 515 esse
246 475 317 529 qui
348 487 440 514 cum
470 473 514 512 L.
546 473 745 513 Mummio
777 479 926 520 certet,
969 479 1014 513 ut
1044 473 1183 526 plures
1222 471 1290 510 hic
1329 471 1538 510 sociorum
1580 471 1703 510 urbes
1745 485 1868 525 quam

125 537 194 576 ille
234 536 412 576 hostium
443 536 645 588 spoliasse
683 535 894 582 videatur,
936 536 1075 588 plures
1112 534 1179 573 hic
1218 533 1339 573 villas
1380 534 1637 573 ornamentis
1675 533 1868 573 fanorum

125 613 249 653 quam
278 598 347 637 ille
376 597 471 637 fana
511 598 655 651 spoliis
695 597 879 636 hostium
921 610 1108 637 ornasse:
1149 601 1190 635 et
1221 596 1254 634 is
1291 596 1370 635 erit
1407 596 1460 635 ob
1500 608 1589 634 eam
1628 608 1714 634 rem
1753 597 1902 635 vobis5

124 661 276 707 carior,
307 664 352 699 ut
379 659 504 698 ceteri
532 658 730 698 libentius
762 672 836 697 suo
869 658 1054 712 periculo
1088 659 1238 698 vestris
1269 658 1567 711 cupiditatibus
1598 658 1805 697 serviant?

233 723 279 761 V.
310 719 373 760 40.
404 721 558 760 Verum
588 720 690 759 haec
722 726 762 760 et
792 722 984 760 dicentur
1014 720 1097 759 alio
1128 720 1220 760 loco
1252 726 1292 760 et
1324 720 1434 759 dicta
1465 725 1583 759 sunt:
1614 732 1724 758 nunc
1750 718 1872 773 prosi-

124 785 323 825 ciscemur
351 784 402 824 ad
433 783 608 836 reliqua,
640 783 674 822 si
705 796 838 835 pauca
867 789 962 822 ante
991 782 1192 822 fuerimus
1223 796 1245 822 a
1279 782 1408 829 vobis,
1441 782 1616 827 iudices,
1647 780 1871 834 deprecati.

125 847 342 900 Superiore
373 845 485 885 omni
517 845 704 885 oratione
735 850 991 897 perattentos
1036 849 1196 884 vestros
1237 844 1396 883 animos
1435 842 1680 882 habuimus:
1723 843 1764 881 id
1794 843 1874 882 fuit

122 909 241 950 nobis
271 912 429 962 gratum
459 908 698 947 admodum.
732 907 812 947 Sed
844 907 974 946 multo
1007 907 1085 946 erit
1114 906 1285 959 gratius,
1317 905 1351 945 si
1381 905 1548 958 reliqua
1568 904 1719 944 voletis
1740 911 1921 945 asten-⁴0

123 973 232 1019 dere,
262 975 483 1024 propterea
515 970 628 1024 quod
659 970 701 1008 in
731 970 796 1009 his
828 970 1034 1016 omnibus,
1066 981 1173 1022 quae
1205 973 1325 1007 antea
1357 967 1467 1007 dicta
1498 973 1607 1013 sunt,
1638 972 1725 1007 erat
1747 981 1874 1021 quae-

124 1035 215 1074 dam
245 1047 296 1073 ex
326 1033 417 1086 ipsa
446 1032 647 1072 varietate
679 1045 725 1071 ac
756 1032 939 1071 novitate
970 1044 1109 1070 rerum
1141 1035 1181 1070 et
1211 1030 1431 1069 criminum
1463 1029 1697 1069 delectatio.
1755 1031 1873 1069 Nunc

122 1101 293 1136 tractare
324 1107 490 1134 causam
520 1094 779 1133 instituimus
809 1093 1136 1139 frumentariam,
1170 1105 1277 1145 quae
1309 1091 1594 1144 magnitudine
1624 1091 1802 1131 iniuriae
1834 1097 1875 1131 et

121 1172 164 1198 re
193 1158 277 1197 fere
307 1156 548 1196 criminibus
580 1157 729 1196 ceteris
760 1156 993 1204 antecellit,
1024 1155 1296 1196 iucunditatis
1328 1155 1370 1193 in
1401 1154 1562 1207 agendo
1595 1159 1635 1194 et
1664 1154 1873 1194 varietatis

124 1221 257 1261 minus
285 1218 476 1259 habebit:
515 1223 653 1258 vestra
691 1224 832 1258 autem
875 1217 1122 1258 auctoritate
1154 1222 1195 1257 et
1223 1216 1445 1270 prudentia
1477 1216 1766 1268 dignissimum
1799 1221 1873 1263 est,
1891 1225 1922 1253 ¹5

121 1283 302 1329 iudices,
332 1281 375 1320 in
405 1280 602 1320 audiendi
634 1281 850 1333 diligentia
880 1294 964 1320 non
995 1280 1132 1319 minus
1162 1279 1357 1332 religioni
1387 1279 1568 1318 tribuere
1600 1291 1724 1332 quam
1754 1279 1875 1318 volu-

121 1345 236 1397 ptati.
296 1340 360 1382 44.
390 1343 437 1382 In
466 1342 545 1383 hac
577 1356 703 1383 causa
732 1342 1003 1382 frumentaria
1033 1342 1325 1395 cognoscenda
1354 1340 1457 1381 haec
1488 1341 1606 1380 vobis
1637 1340 1873 1393 proponite,

120 1406 289 1454 iudices,
319 1419 392 1446 vos
425 1405 475 1445 de
506 1405 629 1445 rebus
659 1405 927 1458 fortunisque
960 1405 1197 1444 Siculorum
1227 1403 1428 1450 omnium,
1460 1403 1510 1442 de
1542 1402 1694 1442 civium
1724 1403 1875 1441 Roma-

118 1481 279 1516 norum,
311 1467 385 1522 qui
415 1473 535 1508 arant
563 1467 607 1506 in
640 1467 801 1515 Sicilia,
833 1467 967 1514 bonis,
1000 1467 1050 1507 de
1081 1466 1354 1519 vectigalibus
1385 1478 1409 1505 a
1440 1465 1667 1505 maioribus
1698 1464 1874 1511 traditis,

118 1530 168 1570 de
198 1531 283 1571 vita
309 1531 507 1583 victuque
538 1530 682 1583 populi
710 1530 886 1569 Romani
915 1529 1171 1582 cognituros.
1219 1528 1337 1576 Quae
1368 1528 1403 1568 si
1433 1541 1582 1581 magna
1611 1532 1737 1580 atque
1768 1527 1872 1567 adeo
1888 1536 1922 1566 20

117 1594 297 1634 maxima
328 1592 447 1632 vobis
477 1591 741 1640 videbuntur,
773 1605 899 1646 quam
929 1592 1042 1632 varie
1073 1597 1114 1633 et
1144 1605 1270 1645 quam
1300 1591 1472 1644 copiose
1505 1590 1697 1630 dicantur
1727 1602 1875 1642 exspe-

118 1660 227 1695 ctare
259 1655 402 1694 nolite.

228 1718 443 1757 Neminem
474 1722 659 1757 vestrum
690 1718 909 1770 praeterit,
952 1718 1135 1765 iudices,
1175 1731 1341 1758 omnem
1372 1717 1595 1757 utilitatem
1626 1715 1875 1769 opportuni-

117 1784 329 1832 tatemque
360 1778 600 1831 provinciae
624 1779 803 1826 Siciliae,
835 1792 942 1832 quae
973 1779 1025 1819 ad
1057 1780 1276 1819 commoda
1307 1779 1455 1832 populi
1476 1778 1652 1818 Romani
1678 1778 1874 1818 adiuncta

120 1842 184 1889 sit,
215 1840 444 1880 consistere
476 1840 518 1879 in
548 1854 592 1880 re
624 1841 892 1881 frumentaria
924 1842 1125 1882 maxime:
1157 1855 1253 1881 nam
1285 1841 1434 1881 ceteris
1469 1841 1594 1880 rebus
1629 1841 1875 1880 adiuvamur
1888 1850 1924 1880 25

120 1917 172 1942 ex
203 1903 274 1942 illa
303 1902 531 1954 provincia,
562 1902 639 1943 hac
668 1916 767 1943 vero
799 1904 951 1944 alimur
981 1918 1028 1944 ac
1060 1905 1327 1944 sustinemur.
1385 1900 1450 1942 1¹2.
1481 1904 1540 1942 Ea
1570 1915 1696 1943 causa
1725 1902 1874 1955 triper-

120 1967 208 2013 tita,
240 1965 411 2011 iudices,
445 1965 523 2004 erit
552 1965 594 2004 in
625 1965 912 2005 accusatione:
945 1966 1126 2018 primum
1156 1967 1267 2005 enim
1299 1966 1349 2005 de
1372 1966 1618 2012 decumano,
1649 1965 1801 2004 deinde
1823 1964 1873 2004 de

121 2032 260 2081 empto
292 2026 478 2066 dicemus
508 2025 733 2075 frumento,
763 2033 976 2080 postremo
1008 2029 1059 2068 de
1090 2027 1322 2068 aestimato.

233 2089 300 2128 VI.
333 2089 445 2129 Inter
475 2089 658 2130 Siciliam
690 2094 934 2143 ceterasque
966 2090 1224 2143 provincias,
1263 2089 1443 2136 iudices,
1483 2089 1527 2128 in
1557 2102 1752 2142 agrorum
1780 2102 1875 2130 vec-

120 2152 307 2205 tigalium
350 2151 512 2191 ratione
548 2152 628 2191 hoc
664 2152 858 2199 interest,
899 2153 1012 2205 quod
1043 2151 1191 2192 ceteris
1222 2156 1292 2191 aut
1331 2150 1574 2204 impositum
1605 2152 1783 2205 vectigal
1813 2158 1923 2193 est30

120 2219 290 2261 certum,
321 2213 434 2267 quod
465 2214 783 2266 stipendiarium
815 2214 980 2262 dicitur,
1015 2219 1062 2253 ut
1090 2214 1289 2266 Hispanis
1321 2220 1361 2254 et
1391 2214 1606 2268 plerisque
1635 2216 1873 2255 Poenorum

119 2275 239 2328 quasi
269 2275 468 2315 victoriae
499 2276 730 2328 praemium
761 2289 808 2315 ac
838 2289 976 2329 poena
1004 2276 1118 2324 belli,
1150 2281 1223 2316 aut
1253 2277 1444 2317 censoria
1473 2277 1626 2317 locatio
1648 2278 1874 2318 constituta

119 2341 192 2384 est,
221 2342 269 2377 ut
298 2337 420 2377 Asiae
452 2337 543 2391 lege
575 2339 838 2391 Sempronia.
893 2338 1060 2378 Siciliae
1092 2338 1280 2379 civitates
1311 2339 1371 2379 sic
1401 2339 1445 2378 in
1475 2340 1701 2380 amicitiam
1731 2337 1875 2379 fidem-

118 2412 200 2452 que
229 2399 484 2452 recepimus,
525 2405 572 2441 ut
601 2401 749 2441 eodem
789 2401 878 2441 iure
917 2406 1057 2441 essent
1094 2414 1178 2455 quo
1209 2400 1408 2449 fuissent,
1449 2402 1596 2441 eadem
1626 2402 1873 2442 condicione

117 2462 275 2514 populo
296 2463 482 2503 Romano
514 2469 708 2516 parerent
739 2477 822 2518 qua
853 2464 938 2504 suis
968 2468 1064 2503 ante
1103 2463 1354 2516 paruissent.
1413 2460 1478 2503 13.
1509 2465 1747 2518 Perpaucae
1771 2464 1874 2504 Sici·
1886 2475 1923 2505 35

180 2603 212 2634 2.
238 2603 388 2635 manibus
410 2604 499 2643 [329
512 2603 552 2635 42
577 2602 620 2635 31.
635 2623 669 2626 —
695 2604 726 2636 3.
748 2605 857 2644 pluris
879 2603 980 2644 [342.
1003 2622 1038 2626 -
1064 2603 1095 2636 4.
1113 2604 1163 2635 hic
1185 2604 1281 2636 villas
1304 2604 1392 2644 [342
1409 2614 1443 2646 p.
1462 2614 1508 2637 m.
1529 2606 1573 2637 E:
1599 2606 1650 2636 hic
1671 2606 1758 2637 solus
1778 2606 1875 2637 villas

117 2650 190 2683 rell.
216 2652 253 2684 O.
281 2669 316 2672 —
342 2653 372 2683 7.
399 2656 427 2684 ει
450 2653 598 2684 dicentur
621 2653 709 2693 [342
724 2654 808 2693 Εφ;
835 2654 982 2685 dicentur
1005 2653 1066 2684 dtt.
1089 2669 1124 2675 —
1151 2654 1182 2685 8.
1205 2654 1365 2694 fuerimus
1381 2655 1469 2695 [342
1484 2656 1508 2686 Ε
1523 2665 1572 2695 φτ
1599 2657 1720 2687 erimus
1743 2656 1804 2687 dtt.
1834 2672 1868 2679 —

117 2701 149 2732 9.
175 2702 336 2741 superiori
359 2701 447 2741 [342
472 2711 505 2743 p.
525 2711 571 2734 m.
600 2721 634 2724 —
662 2704 714 2734 44,
743 2704 773 2735 in
801 2704 840 2734 iis
864 2704 937 2734 LO.
959 2719 994 2726 -
1023 2703 1073 2734 42.
1100 2712 1142 2734 eac
1166 2704 1239 2743 ipsa
1254 2703 1362 2744 [342ῑ
1388 2713 1430 2736 ex
1454 2705 1493 2735 iis
1515 2714 1543 2737 s.
1562 2714 1604 2736 ex
1625 2705 1674 2736 his
1697 2706 1777 2746 [33.
1797 2705 1870 2737 rell.

116 2752 142 2782 A
156 2751 180 2782 Β
195 2751 219 2783 C
234 2751 273 2782 H.
294 2768 329 2773 -—
355 2759 395 2781 ac
416 2751 583 2784 nobilitate
598 2751 686 2793 [342
704 2761 738 2793 p.
755 2761 800 2784 m.
821 2754 864 2785 M.
885 2770 921 2776 —-
946 2756 976 2784 et
997 2753 1173 2784 criminum
1195 2752 1233 2792 4,
1260 2763 1306 2792 cp:
1334 2763 1374 2785 ac
1395 2755 1571 2786 criminum
1594 2754 1668 2786 rell.
1695 2756 1731 2787 O.
1759 2755 1802 2787 cf.
1828 2755 1872 2787 ad

117 2799 148 2840 g.
175 2800 205 2831 6.
233 2801 266 2831 et
290 2801 415 2832 Osann.
434 2800 478 2831 ad
501 2802 584 2842 Rep.
604 2810 638 2842 p.
657 2800 731 2834 464.
747 2820 781 2824 -
810 2802 860 2832 43.
886 2805 916 2833 et
938 2810 974 2833 re
994 2802 1063 2841 fere
1085 2803 1174 2843 [342
1190 2812 1225 2845 p.
1244 2813 1312 2835 m.:
1339 2807 1368 2835 et
1390 2813 1427 2835 re
1442 2804 1467 2836 E
1482 2805 1568 2842 FM;
1592 2805 1661 2844 fere
1683 2804 1756 2837 rell.
1775 2806 1811 2838 O.
1835 2823 1870 2828 —-

117 2848 169 2881 44.
188 2849 353 2881 antecellet
369 2849 458 2889 [342
475 2859 508 2890 p.
527 2859 574 2881 m.
594 2869 628 2873 —
657 2852 709 2882 45.
728 2854 838 2882 autem
862 2860 931 2882 om.
957 2850 1058 2891 [342.
1081 2869 1113 2876 -
1136 2853 1188 2884 46.
1213 2854 1248 2884 in
1271 2854 1426 2885 audiendi
1448 2854 1618 2895 diliyentia
1634 2853 1722 2894 [342
1742 2854 1872 2895 [errore

117 2896 272 2929 additum
297 2898 389 2939 apud
413 2899 546 2940 Zumpt.
574 2909 625 2940 pr.
646 2901 722 2941 m.],
748 2902 770 2932 F
783 2902 831 2933 M:
857 2901 889 2932 in
914 2901 1076 2932 audiendo
1092 2902 1295 2943 diliyenliffln
1318 2902 1391 2935 rell.
1413 2920 1448 2926 -
1473 2904 1635 2935 voluntati
1656 2903 1744 2943 [342
1769 2913 1803 2945 p.
1822 2913 1870 2936 m.

120 2961 154 2968 -
182 2947 233 2978 48.
259 2947 404 2977 omnium
427 2955 495 2979 om.
522 2948 610 2988 [342
635 2959 669 2990 p.
697 2958 744 2981 m.
783 2968 817 2971 —
855 2952 908 2982 20.
934 2952 972 2982 cle
995 2951 1082 2983 victu
1101 2953 1234 2992 vitaque
1257 2953 1346 2993 [342
1372 2962 1405 2994 p.
1431 2962 1479 2985 m.
1505 2953 1599 2994 quod
1623 2952 1748 2993 probat
1772 2955 1874 2986 Peter

117 2995 161 3026 ad
183 2996 276 3028 Brut.
303 2996 334 3036 S.
360 2996 412 3028 95.
442 3014 477 3019 -—-
502 2997 554 3028 24.
580 2998 774 3030 videbuntur
796 2999 885 3039 [342
911 3009 944 3041 p.
971 3008 1040 3031 m.:
1075 3001 1228 3034 videntur
1250 3002 1322 3034 rell.
1350 3004 1387 3034 Ο.
1416 3021 1451 3024 -
1477 3003 1531 3035 23.
1557 3003 1874 3043 oportunitatemque

117 3045 217 3084 [329.
239 3063 270 3069 -
298 3046 351 3077 25.
377 3055 456 3077 nam
481 3046 569 3087 Lg42
586 3057 634 3087 cp:
661 3049 695 3080 in
722 3048 793 3080 rell.
823 3050 860 3081 O.
889 3067 924 3071 —
950 3050 1131 3081 adiuvatur
1153 3051 1242 3092 [342
1266 3061 1299 3093 p.
1319 3061 1366 3084 m.
1396 3070 1431 3075 —
1457 3053 1510 3084 26.
1536 3056 1565 3084 et
1587 3052 1785 3084 sustinemur
1807 3052 1870 3085 dtt.

118 3094 155 3125 In
177 3095 204 3126 A
227 3104 266 3126 ac
287 3096 494 3127 sustinemur.
519 3096 572 3127 Ea
593 3106 697 3129 causa
711 3107 781 3130 om.
802 3116 838 3120 ——
863 3099 943 3130 haec
965 3108 1068 3131 causa
1090 3101 1179 3141 Lg29
1192 3103 1229 3133 B.
1251 3120 1287 3124 —
1313 3102 1485 3142 tripartita
1507 3103 1575 3143 Lg5
1589 3103 1626 3133 Ο.
1648 3119 1683 3124 -
1708 3102 1762 3134 27.
1787 3103 1873 3134 enim

119 3150 187 3175 om.
212 3144 299 3184 [342
323 3154 358 3186 p.
377 3154 423 3177 m.
445 3163 480 3169 -
506 3147 618 3179 deinde
640 3152 745 3189 empto
768 3148 858 3189 [342
883 3151 918 3180 et
941 3149 959 3181 6
979 3148 1044 3181 alii.
1067 3168 1102 3172 —
1128 3151 1181 3183 30.
1206 3152 1335 3183 ratione
1357 3151 1548 3192 Lg42Acp:
1573 3152 1718 3183 rationes
1739 3150 1813 3183 rell.
1832 3152 1869 3184 O.

121 3208 156 3213 —
179 3194 333 3234 vectiqale
355 3198 400 3226 esc
425 3199 511 3227 certe
535 3196 625 3237 [342
650 3207 684 3239 p.
710 3206 772 3233 m.;
797 3202 842 3230 est
865 3208 934 3230 om.
961 3199 980 3230 6
1004 3200 1106 3240 Lagg.
1133 3199 1213 3238 dtt.;
1252 3209 1323 3232 non
1346 3201 1431 3233 item
1453 3200 1513 3240 42,
1539 3203 1578 3232 ut
1600 3201 1645 3232 ait
1669 3201 1803 3242 Zumpt.
1833 3219 1868 3225 —

119 3239 170 3272 34.
195 3244 225 3272 et
241 3242 415 3286 plerisque]
439 3246 614 3285 ceterisque
636 3246 698 3279 dtt.
727 3263 763 3270 —
790 3247 842 3280 33.
866 3248 963 3279 Asiae
985 3248 1075 3288 [329
1087 3250 1171 3281 AB:
1197 3249 1275 3281 Asia
1297 3248 1372 3281 rell.
1400 3268 1437 3274 —
1462 3249 1515 3282 34.
1541 3250 1725 3290 accepimus
1745 3251 1869 3283 ABM.

118 3290 161 3321 At
189 3290 230 3323 cf.
255 3292 299 3324 ad
328 3294 422 3326 Fam.
446 3295 531 3327 XIII.
558 3297 610 3335 49,
635 3297 667 3329 2.
693 3297 756 3329 Off.
782 3298 807 3329 Ι.
833 3298 885 3336 44,
912 3298 979 3337 35.,
1013 3297 1058 3330 ad
1073 3300 1141 3332 Att.
1167 3299 1207 3331 II.
1232 3299 1286 3339 20,
1313 3299 1344 3331 4.
1369 3300 1440 3332 XV.
1467 3299 1519 3340 44,
1544 3299 1576 3332 3.
1602 3298 1679 3332 coll.
1704 3309 1739 3342 p.
1764 3301 1867 3333 Arch.

121 3338 173 3379 42,
197 3339 249 3372 34.
269 3358 304 3364 -
329 3342 381 3375 35.
407 3347 482 3378 ante
505 3344 594 3386 [342
617 3354 651 3387 p.
670 3354 732 3379 m.:
758 3350 857 3380 antea
879 3345 952 3379 rell.
980 3348 1017 3379 O.
