2175 3718
558 218 646 258 Lm.
677 216 708 256 Ι.
750 214 847 256 cn.
877 214 1173 255 LvflI-Lx,
1213 212 1286 266 §§.
1317 210 1572 254 450—455.
1862 208 1943 252 475

191 331 279 383 ipse
318 330 471 370 multos
508 341 639 369 annos
671 332 780 367 esset
810 327 853 366 in
884 326 1099 374 sordibus,
1138 325 1263 378 paulo
1303 329 1441 365 tamen
1481 325 1709 366 obsoletius
1747 325 1941 365 vestitum

191 391 363 432 videret.
423 392 567 444 Itaque
599 391 694 436 tibi,
724 389 945 436 Hortensi,
976 402 1062 428 non
1092 388 1202 428 illius
1234 392 1347 427 aetas
1379 387 1451 427 sed
1484 399 1632 434 causa,
1663 401 1746 427 non
1767 389 1941 428 vestitus

192 453 263 493 sed
294 453 461 493 fortuna
489 451 705 505 popularis
735 450 972 497 videbatur;
1013 463 1151 503 neque
1190 455 1229 489 te
1260 454 1342 488 tam
1374 449 1682 495 commovebat,
1728 450 1840 503 quod
1871 450 1941 489 ille

193 529 285 555 cum
317 521 413 568 toga
443 519 676 567 praetexta,
709 526 835 566 quam
867 512 979 565 quod
1011 513 1099 551 sine
1130 511 1244 550 bulla
1274 516 1456 550 venerat.
1516 511 1700 550 Vestitus
1731 512 1838 550 enim
1870 525 1942 551 ne-

192 578 343 617 minem
374 576 658 616 commovebat
687 576 743 622 is,
785 588 907 628 quem
946 574 1004 613 illi
1040 587 1129 612 mos
1161 578 1201 612 et
1230 574 1293 612 ius
1324 573 1590 625 ingenuitatis
1621 572 1756 611 dabat.
1818 573 1974 621 Quod5

191 643 478 678 ornamentum
516 638 718 690 pueritiae
759 643 877 690 pater
913 636 1107 682 dederat,
1153 634 1351 674 indicium
1382 639 1508 687 atque
1538 634 1698 686 insigne
1728 633 1941 682 fortunae,

189 701 267 740 hoc
298 700 348 740 ab
387 700 467 739 isto
508 699 720 752 praedone
752 704 939 751 ereptum
972 710 1062 737 esse
1092 697 1272 749 grax'iter
1301 703 1386 736 tum
1419 702 1459 736 et
1489 696 1636 736 acerbe
1666 696 1854 736 homines
1884 696 1943 736 se-

189 763 345 802 rebant.
404 759 498 801 453.
529 763 674 814 Neque
706 766 824 800 erant
852 761 947 799 illae
978 760 1170 799 lacrimae
1201 759 1425 812 populares
1457 759 1586 810 magis
1609 770 1733 811 quam
1763 763 1942 805 nostrae,

189 838 314 878 quam
345 829 461 872 tuae,
495 823 544 871 Q.
575 823 791 870 Hortensi,
824 836 949 876 quam
975 822 1146 867 horum,
1179 821 1250 874 qui
1273 820 1521 859 sententiam
1542 820 1663 859 laturi
1686 824 1802 866 sunt,
1834 820 1941 867 ideo,

189 887 300 940 quod
331 887 562 926 communis
593 890 655 925 est
683 899 827 933 causa,
858 897 1076 924 commune
1097 883 1352 936 periculum:
1385 882 1594 922 communi
1616 881 1825 934 praesidio
1848 882 1992 926 talisio

187 949 429 1002 improbitas
452 954 664 1002 tamquam
682 948 853 1001 aliquod
875 946 1112 986 incendium
1130 944 1473 997 restinguendum
1491 949 1565 984 est.
1596 944 1808 983 Habemus
1830 944 1939 983 enim

187 1010 339 1051 liberos
369 1024 542 1064 parvos:
582 1012 785 1051 incertum
817 1016 900 1057 est,
934 1022 1056 1062 quam
1090 1008 1213 1060 longa
1241 1008 1442 1060 cuiusque
1472 1011 1660 1046 nostrum
1691 1007 1774 1046 vita
1803 1006 1942 1047 futura

188 1074 260 1113 sit:
292 1074 510 1114 consulere
531 1074 612 1113 vivi
644 1086 690 1112 ac
712 1073 950 1126 prospicere
990 1071 1210 1117 debemus,
1242 1075 1288 1108 ut
1308 1069 1475 1109 illorum
1497 1069 1678 1109 solitudo
1702 1075 1742 1109 et
1763 1069 1942 1122 pueritia

189 1149 314 1189 quam
343 1136 579 1176 firmissimo
610 1135 817 1188 praesidio
849 1134 1007 1173 munita
1038 1134 1100 1172 sit.
1161 1132 1263 1180 Quis
1296 1136 1357 1170 est
1388 1132 1519 1179 enim,
1562 1131 1632 1184 qui
1675 1131 1781 1171 tueri
1811 1132 1944 1183 possit

187 1198 362 1238 liberum
393 1203 629 1239 nostrorum
660 1197 880 1250 pueritiam
912 1201 1054 1235 contra
1083 1194 1390 1247 improbitatem
1420 1195 1767 1246 magistratuum?
1798 1195 1943 1241 Mater,
1958 1207 1993 1236 45

188 1261 325 1300 credo.
377 1261 544 1300 Scilicet
574 1273 723 1313 magno
755 1258 962 1312 praesidio
993 1258 1072 1297 suit
1092 1257 1253 1296 Anniae
1285 1256 1470 1309 pupillae
1492 1262 1643 1304 mater,
1674 1255 1829 1295 femina
1858 1257 1943 1309 pri-

189 1324 343 1363 maria:
374 1324 510 1363 minus
540 1322 611 1362 illa
641 1322 742 1361 deos
771 1321 1047 1374 hominesque
1076 1320 1324 1372 implorante
1355 1320 1432 1358 iste
1465 1317 1612 1358 infanti
1643 1319 1829 1372 pupillae
1859 1319 1942 1359 for-

186 1390 307 1425 tunas
338 1385 493 1438 patrias
525 1383 690 1424 ademit.
737 1384 967 1422 Tutoresne
999 1382 1254 1422 defendent?
1305 1380 1502 1420 Perfacile
1533 1394 1631 1420 vero
1672 1380 1783 1434 apud
1823 1381 1942 1421 istius

185 1447 298 1487 modi
328 1452 583 1500 praetorem,
614 1460 638 1486 a
669 1459 753 1500 quo
784 1446 837 1485 M.
870 1445 1055 1485 Marcelli
1085 1445 1232 1484 tutoris
1261 1444 1303 1483 in
1335 1456 1461 1483 causa
1489 1443 1640 1496 pupilli
1660 1443 1768 1483 Iunii
1791 1448 1830 1483 et
1851 1456 1943 1483 ora-

186 1508 243 1548 tio
274 1513 315 1548 et
343 1509 537 1549 voluntas
568 1514 609 1548 et
639 1508 861 1548 auctoritas
892 1508 1111 1560 repudiata
1142 1511 1216 1547 est.
1957 1518 1993 1549 ρο

297 1571 403 1610 LIX.
435 1568 528 1610 454.
571 1570 818 1619 Quaerimus
850 1571 995 1618 etiam,
1036 1570 1136 1624 quid
1173 1570 1249 1609 iste
1281 1569 1325 1609 in
1354 1568 1501 1609 ultima
1530 1567 1726 1621 Phrygia,
1767 1566 1869 1621 quid
1899 1566 1942 1606 in

187 1634 382 1673 extremis
404 1633 671 1686 Pamphyliae
701 1634 888 1686 partibus
918 1633 1086 1681 fecerit,
1117 1633 1253 1687 qualis
1283 1633 1324 1672 in
1355 1632 1466 1671 hello
1497 1630 1756 1684 praedonum
1786 1629 1942 1682 praedo

185 1696 276 1748 ipse
305 1695 452 1742 fuerit,
485 1696 556 1748 qui
586 1696 627 1735 in
657 1695 747 1734 foro
779 1696 923 1748 populi
944 1696 1119 1735 Romani
1149 1696 1283 1748 pirata
1313 1693 1495 1734 nefarius
1523 1693 1786 1745 reperiatur?
1816 1692 1945 1732 Dubi-

188 1763 348 1804 tamus,
381 1757 482 1810 quid
512 1758 588 1796 iste
620 1757 664 1796 in
693 1757 876 1797 hostium
906 1757 1061 1810 praeda
1090 1758 1259 1797 molitus
1292 1758 1363 1804 sit,
1400 1756 1472 1810 qui
1501 1756 1717 1795 manubias
1749 1755 1825 1795 sihi
1854 1760 1944 1795 tan-

190 1825 250 1859 tas
283 1833 334 1859 ex
373 1820 419 1858 L.
450 1819 606 1858 Metelli
646 1820 851 1858 manubiis
891 1818 1056 1866 fecerit,
1103 1820 1174 1872 qui
1206 1819 1361 1859 maiore
1391 1818 1570 1871 pecunia
1601 1823 1800 1871 quattuor
1829 1817 1944 1858 colu·
1957 1830 1993 1860 25

188 1895 304 1921 mnas
336 1880 610 1928 dealbandas,
642 1894 767 1934 quam
798 1881 866 1920 ille
898 1894 1040 1920 omnes
1062 1879 1340 1921 aedificandas
1360 1880 1594 1921 locaverit?
1627 1880 1942 1933 Exspectemus,

190 1942 291 1994 quid
337 1942 476 1982 dicant
521 1956 573 1982 ex
613 1943 754 1982 Sicilia
793 1945 950 1983 testes?
1010 1942 1114 1990 Quis
1144 1956 1344 1996 umquam
1374 1942 1574 1995 templum
1604 1942 1706 1982 illud
1738 1943 1942 1995 adspexit,

190 2005 291 2057 quin
322 2005 516 2045 avaritiae
549 2010 662 2053 tuae,
703 2006 804 2059 quin
835 2005 1034 2052 iniuriae,
1069 2005 1170 2058 quin
1202 2005 1400 2044 audaciae
1431 2006 1547 2045 testis
1580 2006 1722 2044 esset?
1783 2005 1887 2053 Quis
1919 2019 1942 2045 a

187 2067 304 2119 signo
326 2067 539 2107 Vertumni
568 2067 610 2107 in
640 2067 794 2106 circum
824 2067 1052 2106 maximum
1073 2068 1208 2115 venit,
1241 2068 1343 2121 quin
1372 2068 1406 2107 is
1437 2080 1522 2107 uno
1545 2080 1715 2120 quoque
1737 2067 1867 2120 gradu
1890 2067 1941 2108 de

187 2129 357 2169 avaritia
398 2134 469 2169 tua
513 2131 880 2169 commoneretur?
928 2142 1054 2181 quam
1096 2134 1139 2169 tu
1180 2130 1288 2169 viam
1330 2129 1573 2169 thensarum
1604 2133 1730 2182 atque
1760 2142 1992 2182 pompae30

186 2191 387 2231 eiusmodi
417 2193 612 2244 exegisti,
643 2196 689 2231 ut
722 2188 795 2244 [tu]
828 2191 917 2244 ipse
947 2191 1020 2230 illa
1047 2191 1106 2231 ire
1136 2205 1221 2230 non
1252 2190 1421 2231 audeas.
1465 2192 1523 2231 Te
1553 2195 1672 2244 putet
1702 2192 1939 2245 quisquam,

183 2268 277 2294 cum
307 2254 357 2294 ab
387 2254 505 2294 Italia
541 2253 646 2294 freto
687 2254 896 2293 diiunctus
936 2267 1069 2301 esses,
1111 2253 1234 2293 sociis
1271 2258 1546 2306 temperasse,
1585 2253 1657 2307 qui
1687 2253 1833 2293 aedem
1866 2254 1942 2294 Ca-

183 2317 304 2357 storis
344 2321 492 2356 testem
531 2316 736 2356 furtorum
772 2321 937 2355 tuorum
978 2328 1068 2356 esse
1098 2315 1302 2363 volueris,
1343 2329 1468 2369 quam
1506 2315 1690 2369 populus
1729 2317 1940 2357 Romanus

183 2377 391 2432 quotidie,
421 2377 580 2418 iudices
611 2379 734 2418 etiam
765 2382 875 2425 tum,
907 2391 1001 2418 cum
1032 2377 1082 2418 de
1114 2382 1154 2417 te
1184 2379 1431 2418 sententiam
1463 2377 1619 2426 ferent,
1649 2377 1884 2420 videbunt?

293 2441 379 2480 LX.
411 2437 504 2480 1155.
534 2441 672 2494 Atque
703 2440 826 2480 etiam
856 2439 1056 2480 iudicium
1086 2439 1130 2480 in
1160 2445 1356 2493 praetura
1380 2440 1593 2494 publicum
1615 2443 1824 2491 exercuit3
1855 2454 1940 2483 non
1953 2457 1991 2486 35

271 2585 300 2616 l.
326 2586 404 2615 esset
425 2582 475 2613 V:
501 2585 547 2614 esc
570 2583 628 2613 ctt.
655 2582 692 2613 Ο.
714 2597 749 2604 -
776 2582 807 2613 2.
833 2582 897 2621 secl]
922 2585 967 2613 set
991 2582 1052 2621 (sic
1075 2582 1181 2613 etiam
1204 2582 1302 2622 infra)
1327 2581 1367 2613 V.
1389 2600 1424 2604 -
1451 2581 1481 2613 3.
1509 2585 1538 2613 te
1561 2583 1642 2624 tam]
1666 2586 1774 2615 tamen
1797 2583 1843 2622 V3
1870 2588 1939 2616 lam

183 2637 212 2667 ce
235 2633 340 2666 Klotz.
369 2649 403 2655 —
429 2631 578 2664 movebat
601 2630 661 2663 eV.
690 2649 725 2654 —-
759 2633 790 2663 5.
815 2635 992 2663 commovet
1014 2631 1054 2662 V.
1083 2648 1118 2652 —
1150 2631 1181 2663 7.
1208 2635 1277 2663 tum
1300 2631 1452 2672 VL329:
1485 2640 1555 2664 om.
1590 2632 1651 2664 dtt.
1678 2633 1715 2664 O.
1745 2650 1779 2655 ——
1806 2634 1837 2665 8.
1863 2634 1939 2666 illae

181 2682 231 2714 V:
267 2684 328 2714 hae
356 2684 413 2714 ett.
441 2684 477 2714 O.
507 2700 542 2705 —
583 2682 632 2713 Μ.
662 2682 956 2722 reslinyuendumst
987 2680 1230 2713 Lachmannus
1263 2680 1306 2712 ad
1340 2682 1476 2712 Lucret.
1502 2690 1536 2722 p.
1563 2682 1637 2721 665
1673 2684 1938 2724 restinguendum

181 2734 221 2765 sit
243 2733 289 2771 V3
325 2732 555 2773 restinguenda
582 2735 627 2762 est
654 2732 712 2762 ctt.
740 2732 777 2762 O.
816 2730 859 2762 cf.
886 2732 1039 2771 interpp.
1071 2730 1116 2761 ad
1148 2732 1234 2762 orat.
1259 2740 1294 2772 p.
1320 2730 1385 2771 leg.
1413 2731 1502 2763 Man.
1527 2732 1558 2770 5,
1585 2732 1636 2763 Μ.
1663 2732 1786 2765 Salust.
1813 2734 1934 2775 fragm.

180 2791 214 2825 p.
240 2782 314 2815 94⁴.
341 2783 455 2814 Corte.
485 2800 519 2805 —
551 2781 603 2813 ⁴2.
629 2781 783 2820 cuiusque
805 2783 952 2811 nostrum
976 2780 1003 2810 V
1019 2780 1108 2820 Lg29
1141 2780 1195 2820 (cf.
1221 2781 1346 2822 Zumpt
1368 2780 1492 2819 Add.):
1528 2784 1631 2813 nostr.
1656 2782 1782 2822 cuiusq.
1808 2783 1870 2816 dtt.
1897 2784 1934 2816 Ο.

184 2849 218 2855 -
245 2832 297 2864 43.
319 2833 506 2872 prospicere
527 2830 658 2871 VLg29
672 2830 735 2862 42:
759 2831 923 2871 prefigere
946 2829 1008 2861 dtt.
1037 2845 1072 2852 -
1101 2831 1152 2862 45.
1178 2830 1315 2862 liberum
1337 2834 1439 2862 nostr.
1466 2831 1573 2863 Prisc.
1598 2832 1623 2862 1.
1649 2840 1683 2872 p.
1710 2831 1783 2863 307.
1809 2832 1935 2873 vulgo:

179 2886 280 2914 nostr.
306 2882 443 2913 liberum
467 2882 502 2913 L.
541 2897 575 2903 ——
614 2882 666 2913 48.
700 2881 866 2922 defendent
899 2881 988 2912 coni.
1015 2880 1127 2912 Madv.
1153 2883 1240 2921 App.
1271 2890 1304 2921 p.
1330 2880 1383 2912 42.
1417 2879 1519 2921 prob.
1552 2880 1696 2921 Zumpt:
1735 2882 1939 2921 defenderent

180 2930 282 2963 codd.
308 2931 345 2962 Ο.
375 2949 409 2953 -
446 2932 498 2963 21.
525 2933 714 2970 quaerimus
743 2932 849 2963 Prisc.
875 2932 914 2962 ll.
941 2939 974 2971 p.
1003 2930 1088 2962 459:
1118 2939 1312 2969 quaeremus
1343 2929 1447 2961 codd.
1482 2947 1517 2952 —-
1550 2930 1603 2962 23.
1630 2931 1696 2969 ipse
1730 2940 1799 2963 om.
1826 2932 1934 2964 Prisc.

181 2981 235 3013 ed.
261 2982 332 3021 Kr.,
357 2981 421 3013 sed
444 2980 551 3012 habet
574 2981 652 3013 cod.
678 2982 768 3014 Mon.
798 2998 832 3003 --
862 2981 915 3012 26.
942 2980 1060 3011 locarit
1082 2982 1187 3012 Prisc.
1213 2982 1253 3012 11.
1279 2989 1313 3021 p.
1341 2981 1414 3012 455.
1443 2995 1479 3002 -—
1505 2984 1730 3020 exspectamus
1754 2982 1842 3013 coni.
1869 2982 1936 3014 He-

180 3030 242 3063 rel.
271 3049 302 3055 ·-
340 3032 392 3063 29.
421 3030 588 3063 Vertumni
611 3032 738 3064 Prisc.:
769 3031 899 3063 Vertuni
924 3030 1030 3070 Lg29;
1060 3030 1228 3062 Vortumni
1250 3031 1289 3062 Α.
1319 3047 1353 3052 —
1379 3038 1574 3070 unoquoque
1598 3029 1713 3069 codd.,
1739 3031 1866 3063 Prisc.:
1902 3031 1937 3062 in

180 3089 374 3120 unoquoque
391 3082 469 3121 post
485 3081 614 3113 Victor.
640 3082 676 3114 O.
706 3082 805 3120 (Fort.
825 3082 903 3121 quin
920 3081 1033 3111 inuno
1049 3089 1079 3120 q.
1106 3080 1148 3112 cf.
1167 3089 1200 3112 v.
1215 3080 1268 3112 28.
1288 3079 1408 3120 HALM.)
1425 3097 1461 3102 —
1481 3079 1533 3111 30.
1554 3083 1812 3112 commoneretur
1827 3081 1933 3113 Prisc.

183 3129 271 3170 Lg48
293 3129 419 3170 vulgo:
450 3134 705 3163 commoveretur
728 3130 830 3162 codd.
856 3129 979 3171 pleriq.
1009 3146 1044 3151 —
1077 3139 1177 3169 quam
1207 3134 1276 3161 tum
1299 3130 1388 3161 coni.
1415 3130 1492 3161 Hot.
1518 3129 1619 3171 prob.
1645 3130 1736 3162 Bake
1760 3130 1805 3162 ad
1828 3131 1933 3172 Legg.

183 3187 216 3220 p.
241 3179 313 3211 539.
343 3198 378 3202 —
404 3179 456 3212 34.
483 3180 541 3221 [tu]
566 3189 635 3213 om.
661 3182 768 3213 Prisc.
798 3197 831 3203 -—
860 3180 912 3211 32.
938 3179 1101 3211 diiunctus
1123 3180 1232 3220 Lg29:
1262 3180 1439 3211 disiunctus
1461 3181 1520 3211 ctt.
1547 3180 1584 3211 O.
1613 3197 1648 3202 ——
1678 3179 1730 3211 33.
1754 3179 1834 3220 furt.
1859 3183 1936 3213 tuo-

183 3237 258 3260 rum
280 3229 406 3261 Prisc.:
433 3232 517 3261 tuor.
541 3230 622 3271 furt.
649 3230 750 3262 codd.
769 3230 851 3262 noti.
875 3248 909 3251 —
930 3229 1046 3268 populi
1062 3230 1097 3260 R.
1124 3229 1213 3270 Lg29
1239 3230 1272 3261 et
1290 3229 1351 3260 dtt.
1370 3229 1476 3260 Prisc.
1498 3246 1533 3251 —
1559 3228 1611 3260 34.
1637 3229 1811 3261 sententias
1826 3231 1932 3263 Prisc.

185 3293 222 3300 —-
246 3277 350 3318 ferent
376 3278 420 3310 de
445 3279 533 3311 coni.
561 3280 701 3311 Graev.:
735 3279 859 3320 ferrent
888 3279 993 3310 Prisc.
1019 3277 1122 3309 codd.
1149 3279 1185 3310 O.
1215 3296 1246 3302 —
1282 3277 1434 3310 videbunt
1455 3278 1558 3318 Lg29,
1584 3279 1654 3310 tres
1678 3277 1755 3310 alii:
1790 3280 1936 3312 viderent

184 3326 290 3359 Prisc,
315 3327 360 3366 0;
383 3328 535 3360 viderunt
558 3330 616 3360 ctt.
645 3344 680 3351 —
708 3328 761 3360 35.
787 3328 880 3368 atqui
902 3327 979 3360 cod.
1007 3328 1078 3361 Urs.
