2143 3713
257 198 337 239 598
780 201 979 242 ORATIO
1010 201 1112 241 PRO
1142 201 1191 242 A.
1222 202 1484 243 CLUENTlo

255 313 394 352 Larini
425 317 488 352 est
516 318 787 353 commorata:
819 318 964 366 postea
984 318 1122 352 autem
1147 327 1270 366 quam
1291 314 1632 368 appropinquare
1655 315 1778 355 huius
1800 316 2000 357 iudicium

256 375 292 413 ei
335 375 566 414 nuntiatum
607 381 688 422 est,
730 375 946 415 confestim
986 375 1066 413 huc
1109 374 1340 423 advolavit,
1379 390 1431 415 ne
1470 381 1542 415 aut
1571 378 1879 417 accusatoribus
1910 379 2002 418 dili-

255 437 392 488 gentia
421 441 493 475 aut
521 437 698 489 pecunia
728 438 901 477 testibus
932 436 1114 483 deesset,
1147 442 1217 475 aut
1248 450 1299 476 ne
1329 438 1434 477 sorte
1467 443 1598 477 mater
1626 438 1706 477 hoc
1728 439 1805 478 sibi
1832 441 2002 493 optatis-

254 499 401 538 simum
440 499 721 550 spectaculum
751 500 874 539 huius
905 499 1090 538 sordium
1120 504 1246 552 atque
1281 499 1413 540 luctus
1445 506 1485 540 ct
1516 499 1617 539 tanti
1649 500 1853 553 squaloris
1885 502 2004 541 amit-

222 565 368 599 steret.
428 560 609 599 LXVIII.
650 562 733 601 Iam
766 574 862 600 vero
894 561 1007 614 quod
1044 561 1120 599 iter
1154 561 1324 600 Romam
1357 562 1446 601 eius
1479 562 1664 601 mulieris
1694 561 1824 602 fuisse
1856 563 2003 603 existi-

253 621 402 660 matis?
431 643 485 649 —
509 622 620 675 quod
642 636 717 675 ego
750 628 921 675 propter
941 622 1194 661 vicinitatem
1217 621 1550 676 Aquinatium‘et
1574 624 1917 664 Fabraternorum
1951 638 2002 665 ex

254 683 392 722 multis
421 683 561 723 audivi
594 690 633 724 et
663 685 844 737 comperi
875 705 928 713 —
957 697 1062 737 quos
1093 696 1319 723 concursus
1350 685 1390 724 in
1422 685 1486 725 his
1520 685 1710 739 oppidis,
1754 692 1934 739 quantos
1965 692 2005 726 et

253 746 432 785 virorum
472 751 512 786 et
551 746 767 786 mulierum
807 747 980 798 gemitus
1017 758 1106 785 csse
1144 745 1306 784 factos?
1347 748 1564 787 mulierem
1606 748 1812 801 quandam
1850 749 2002 788 Larino

251 812 376 860 atque
407 808 519 847 illam
549 821 683 861 usque
714 821 737 846 a
769 807 869 846 mari
901 821 1053 859 supero
1077 809 1247 847 Romam
1280 807 1483 860 proficisci
1516 824 1607 849 cum
1636 823 1784 862 magno
1806 811 2003 850 comitatu

208 881 237 909 ιο
253 874 291 908 et
330 870 524 921 pecunia,
565 883 647 922 quo
686 869 847 908 facilius
886 870 1183 909 circumvenire
1225 869 1379 910 iudicio
1420 872 1567 924 capitis
1609 878 1733 925 atque
1765 873 2003 925 opprimere

252 929 378 970 lilium
410 931 566 983 possit!
628 928 719 969 193.
751 932 880 970 Nemo
913 936 999 970 erat
1032 931 1220 978 illorum,
1252 945 1384 984 paene
1416 933 1576 981 dicam,
1609 934 1709 987 quin
1747 933 2001 986 expiandum

251 993 366 1032 illum
396 993 533 1032 locum
564 1006 654 1033 esse
678 993 967 1039 arbitraretur,
997 1006 1259 1045 quacumque
1295 994 1365 1033 illa
1400 995 1478 1034 iter
1510 995 1693 1034 fecisset:
1726 1010 1869 1043 nemo,
1902 998 2002 1049 quin

253 1060 400 1094 terram
441 1054 572 1107 ipsam
610 1055 777 1101 violari,
822 1068 928 1108 quae
968 1060 1098 1094 mater
1136 1056 1433 1103 est'omnium,
1474 1057 1660 1109 vestigiis
1691 1058 2001 1098 consceleratae

253 1116 391 1156 matris
422 1122 597 1169 putaret.
632 1118 777 1170 Itaque
809 1117 923 1156 nullo
956 1118 995 1156 in
1030 1117 1185 1169 oppido
1209 1117 1462 1157 consistendi
1486 1124 1671 1170 potestas
1694 1120 1730 1158 ei
1752 1119 1851 1159 suit:
1883 1133 2004 1160 nemo

206 1190 237 1218 ¹5
252 1192 302 1217 ex
334 1184 395 1218 tot
424 1178 658 1231 hospitibus
690 1180 883 1219 inventus
914 1184 1000 1225 est,
1040 1179 1110 1232 qui
1143 1192 1227 1217 non
1257 1180 1545 1231 contagionem
1578 1181 1800 1232 adspectus
1829 1181 2004 1235 fugeret.

252 1240 368 1279 Nocti
402 1254 445 1279 se
478 1241 616 1293 potius
647 1255 693 1281 ac
723 1241 937 1281 solitudini
971 1254 1094 1294 quam
1126 1241 1199 1280 ulli
1232 1247 1303 1280 aut
1329 1242 1419 1280 urbi
1441 1248 1512 1281 aut
1532 1242 1684 1293 hospiti
1707 1243 2004 1283 committebat.

252 1299 345 1341 194.
378 1304 495 1342 Nunc
526 1317 624 1343 vero
648 1304 748 1357 quid
779 1309 894 1356 agat,
928 1304 1027 1357 quid
1052 1303 1266 1350 moliatur,
1299 1303 1399 1356 quid
1423 1304 1605 1357 denique
1627 1305 1813 1356 quotidie
1841 1305 2005 1358 cogitet,

252 1379 377 1418 quem
410 1365 599 1417 ignorare
632 1371 819 1405 nostruin
852 1371 965 1418 putat
982 1368 998 1405 *2
1048 1366 1162 1414 Quos
1194 1366 1434 1418 appellarit,
1474 1366 1626 1419 quibus
1659 1367 1879 1418 pecuniam
1910 1380 2006 1420 pro-

252 1427 431 1474 miserit,
479 1441 656 1480 quorum
694 1426 816 1466 tidem
868 1428 999 1480 pretio
1042 1428 1288 1467 labefactare
1330 1433 1475 1467 conata
1517 1429 1590 1474 sit,
1634 1434 1835 1468 tenemus.
1895 1430 2004 1478 Quin

200 1502 236 1529 u20
253 1489 374 1529 etiam
405 1495 607 1530 nocturna
639 1488 860 1536 sacrificia,
892 1502 998 1542 quae
1031 1495 1145 1543 putet
1177 1490 1405 1529 occultiora
1436 1503 1548 1536 esse,
1580 1491 1886 1544 sceleratasque
1917 1492 2006 1532 eius

253 1565 395 1605 preces
436 1556 477 1591 et
517 1552 673 1592 nefaria
713 1557 806 1591 vota
849 1552 1144 1603 cognovimus:
1185 1552 1336 1604 quibus
1368 1552 1438 1590 illa
1469 1552 1591 1590 etiam
1623 1553 1720 1591 deos
1753 1554 2005 1594 immortales

251 1614 302 1653 de
345 1628 418 1653 suo
459 1614 614 1653 scelere
659 1620 832 1653 testatur
870 1627 1010 1666 neque
1053 1613 1269 1665 intelligit,
1318 1613 1468 1665 pietate
1510 1619 1550 1652 ct
1586 1613 1786 1665 religione
1817 1621 1858 1655 et
1887 1617 2006 1657 iustis

251 1677 442 1729 precibus
475 1676 646 1715 deorum
678 1682 858 1723 mentes,
890 1688 975 1715 non
1007 1675 1286 1714 contaminata
1317 1676 1611 1727 superstitione
1638 1688 1776 1728 neque
1798 1677 1849 1716 ad
1870 1679 2005 1719 scelus

250 1736 549 1791 perficiendum
596 1738 726 1778 caesis
765 1738 914 1777 hostiis
953 1749 1074 1790 posse
1121 1737 1290 1789 placari.
1361 1737 1487 1776 Cuius
1523 1750 1600 1788 ego
1651 1736 1831 1776 furorem
1879 1745 2006 1793 atque

200 1812 236 1840 2³5
251 1801 536 1841 crudelitatem
576 1799 677 1840 deos
718 1800 972 1840 immortales
1004 1813 1026 1839 a
1057 1800 1143 1838 suis
1174 1799 1254 1837 aris
1285 1804 1411 1852 atque
1446 1799 1610 1851 templis
1641 1804 1883 1851 aspernatos
1915 1814 2005 1840 esse

251 1860 429 1902 conlido.
480 1862 628 1901 LXIX.
660 1859 753 1901 495.
787 1863 891 1909 Vos,
922 1861 1105 1909 iudices,
1138 1875 1242 1915 quos
1273 1861 1369 1900 huic
1397 1862 1443 1899 A.
1470 1861 1658 1900 Cluentio
1689 1861 1808 1914 quasi
1840 1862 2005 1915 aliquos

250 1925 350 1964 deos
394 1924 444 1964 ad
485 1937 607 1963 omne
638 1924 747 1964 vitae
780 1930 942 1976 tempus
974 1923 1138 1963 fortuna
1169 1937 1259 1962 esse
1291 1923 1448 1969 voluit,
1488 1923 1610 1962 huius
1651 1924 2005 1976 importunitatem

250 1987 390 2026 matris
421 1999 444 2026 a
473 1985 547 2025 tilii
580 1987 714 2038 capite
746 1985 958 2038 depellite.
1003 1987 1122 2025 Multi
1155 1999 1278 2038 saepe
1310 1986 1351 2023 in
1383 1985 1608 2024 iudicando
1640 1990 1810 2038 peccata
1830 1985 2005 2026 liberum

250 2054 467 2101 parentum
500 2049 811 2088 misericordiae
844 2054 1165 2088 concesserunt:
1196 2061 1293 2094 vos,
1326 2060 1377 2086 ne
1409 2047 1531 2086 liuius
1562 2047 1853 2087 honestissime
1873 2053 2003 2087 actam

200 2126 235 2153 30
251 2111 373 2150 vitam
405 2111 546 2150 matris
577 2110 811 2150 crudelitati
847 2110 1116 2157 condonetis,
1150 2123 1363 2162 rogamus,
1401 2110 1639 2161 praesertim
1673 2123 1763 2148 cum
1795 2122 1847 2148 ex
1876 2110 2005 2149 altera

253 2177 368 2225 parte
399 2178 529 2212 totum
563 2172 836 2225 municipium
870 2172 1009 2211 videre
1042 2173 1224 2224 possitis.
1270 2174 1424 2209 Omnes
1456 2171 1621 2217 scitote,
1654 2171 1832 2217 iudices,
1861 2193 1914 2199 ——
1944 2172 2005 2211 in-

253 2235 450 2274 credibile
483 2235 594 2273 dictu
628 2239 712 2280 est,
745 2234 818 2273 sed
851 2248 872 2273 a
896 2248 959 2273 me
981 2235 1193 2274 verissime
1216 2233 1396 2279 (licetur,
1427 2255 1479 2261 —
1502 2246 1643 2272 omnes
1665 2233 1900 2280 Larinates,
1933 2234 2004 2287 qui

251 2297 494 2343 valuerunt,
527 2296 691 2336 venisse
722 2297 916 2342 Romam,
949 2302 991 2335 ut
1022 2296 1131 2335 hune
1164 2296 1300 2335 studio
1328 2295 1646 2348 frequentiaque
1679 2308 1773 2341 sua,
1805 2301 2005 2348 quantum

253 2363 444 2411 possent,
475 2359 517 2397 in
549 2363 663 2397 tanto
696 2358 784 2397 eius
816 2358 1002 2410 periculo
1034 2359 1320 2398 sublevarent:
1352 2358 1493 2410 pueris
1524 2357 1623 2396 illud
1656 2358 1733 2397 hoc
1763 2362 1947 2410 tempore
1967 2364 2005 2398 et

201 2436 237 2464 35
253 2421 494 2461 mulieribus
538 2419 736 2472 oppidum
769 2420 914 2458 scitote
947 2434 1038 2459 csse
1076 2420 1266 2459 traditum
1301 2420 1427 2473 idque
1458 2420 1498 2458 in
1532 2421 1765 2472 praesentia
1797 2421 2003 2460 communi

255 2483 396 2523 Italiae
426 2496 528 2535 pace
559 2482 601 2521 in
624 2481 861 2521 domesticis
894 2483 1026 2534 copiis
1059 2496 1148 2522 esse
1181 2488 1326 2522 tutum.
1369 2483 1484 2529 Quos
1518 2488 1652 2521 tamen
1676 2483 1789 2534 ipsos
1811 2496 1943 2535 aeque
1966 2489 2005 2523 et

253 2560 346 2592 eos,
387 2558 493 2598 quos
536 2548 775 2596 praesentes
815 2543 989 2589 ridetis,
1026 2545 1150 2584 huius
1188 2544 1442 2596 exspectatio
1484 2544 1622 2583 iudicii
1656 2544 1743 2583 dies
1775 2550 2004 2598 noctesque

253 2607 460 2647 sollicitat.
513 2603 604 2645 196.
636 2607 727 2645 Non
759 2605 819 2644 illi
851 2620 924 2645 vos
958 2607 1008 2645 de
1039 2608 1162 2646 unius
1186 2606 1403 2658 municipis
1432 2605 1608 2645 fortunis
1630 2606 1901 2654 arbitrantur,
1932 2607 2004 2646 sed

254 2670 304 2709 de
335 2668 462 2708 totius
494 2667 711 2720 municipii
734 2673 864 2714 statu,
896 2668 1095 2720 dignitate
1118 2668 1430 2721 commodisque
1453 2668 1644 2707 omnibus
1667 2668 1893 2708 sententias
1915 2682 2005 2708 esse

203 2746 237 2775 >io
252 2732 420 2771 laturos.
467 2730 636 2768 Summa
668 2734 730 2769 est.
750 2729 881 2777 enim,
913 2730 1096 2777 iudices,
1127 2730 1308 2769 hominis
1334 2730 1371 2769 in
1397 2743 1658 2768 communem
1683 2730 1898 2783 municipii
1920 2743 2004 2769 rem

341 2875 370 2904 l.
390 2881 489 2912 quemn
505 2874 525 2901 S
539 2872 579 2901 T:
605 2880 678 2902 cum
695 2872 718 2902 R
734 2873 759 2902 Λ
774 2873 796 2902 L
810 2873 829 2904 ³3
846 2874 882 2902 t).
910 2871 959 2902 cr.
980 2874 1010 2911 ᾗ.
1031 2873 1102 2903 1181.
1118 2888 1153 2894 —
1174 2872 1203 2903 ti.
1224 2871 1502 2902 Ι<ἰιὺναίι’)·ιιονιιηι
1518 2871 1706 2903 Beroaldus
1722 2881 1728 2902 t
1753 2873 2004 2911 Afraternorum

253 2926 273 2955 S
287 2925 310 2954 T
326 2925 345 2955 F
360 2925 404 2958 Α;
437 2922 697 2961 Venasranormn
713 2930 791 2952 cuin
812 2921 866 2952 ed.
887 2921 1078 2952 Victoriana
1105 2923 1127 2953 L
1143 2924 1161 2955 Q
1177 2923 1213 2953 Ο,
1232 2939 1263 2942 -
1292 2922 1323 2951 8.
1349 2921 1471 2951 Larino
1495 2922 1651 2961 spurium
1677 2921 1814 2953 videtur
1831 2921 2001 2953 Ernestio.

257 2992 290 2995 —
319 2974 369 3004 Μ.
394 2972 495 3011 possit
515 2970 681 3002 (Ilasscnii
706 2971 846 3002 codices
871 2980 947 3002 sex:
970 2975 1074 3010 posset
1099 2972 1156 3001 S'l'
1174 2972 1193 3002 1⁴·
1208 2973 1232 3002 Α
1249 2969 1354 3003 Lito.
1381 2986 1415 2990 -—
1443 2970 1531 3009 φαίη]
1557 2971 1612 3008 qut
1636 2972 1708 3001 S.—
1738 2972 1788 3001 48.
1815 2975 2003 3001 nostrorum

254 3023 305 3053 s'i‘
316 3023 348 3060 1³,
375 3021 469 3062 quod
494 3022 673 3061 poetarum
700 3021 914 3051 comicorum
939 3019 1106 3060 exemplis
1131 3022 1164 3051 et
1188 3019 1339 3050 carmine
1358 3019 1495 3049 Liviano
1516 3020 1608 3058 (viii.
1629 3021 1661 3057 tl,
1677 3020 1719 3059 6.)
1747 3019 1904 3051 Ciceroni
1929 3020 2004 3050 vin-

254 3071 370 3102 dicare
388 3071 518 3102 studuit
534 3069 682 3101 klotzius
700 3072 857 3101 Proocm.
879 3070 932 3101 cd.
953 3070 1009 3101 alt.
1028 3079 1060 3110 p.
1083 3070 1163 3100 xxi.
1189 3088 1220 3091 —
1248 3070 1299 3100 20.
1321 3071 1412 3107 putet
1430 3070 1449 3097 S
1464 3069 1487 3098 Τ
1506 3069 1525 3099 1³
1540 3071 1585 3100 A:
1608 3072 1704 3108 putat·
1728 3069 1751 3099 L
1765 3068 1784 3101 t)
1801 3070 1837 3099 Ο.
1858 3086 1892 3090 —-
1912 3069 1964 3100 25.
1983 3078 2005 3100 a

253 3122 319 3151 suis
348 3121 417 3151 oris
448 3123 545 3159 atquc
576 3120 699 3158 templis
721 3120 868 3159 nefarias
894 3128 1004 3158 preces
1031 3123 1220 3158 aspernalos
1243 3119 1315 3149 cleos
1338 3126 1402 3149 esse
1425 3119 1549 3158 confido
1573 3118 1760 3149 Arusianus
1786 3128 1818 3158 p.
1843 3118 1919 3149 ⁶246.
1946 3118 2001 3150 ed.

257 3170 410 3201 Lindem.
440 3188 472 3191 —
503 3170 553 3201 26.
579 3179 634 3201 cos
657 3178 725 3200 oni.
754 3171 786 3200 F.
813 3187 847 3191 —
875 3170 967 3208 quasi
991 3170 1118 3208 aliquos
1141 3168 1308 3200 llalmius:
1336 3176 1414 3206 quos
1437 3168 1518 3198 alios
1534 3168 1575 3204 “Ι“;
1602 3169 1758 3207 quosdam
1782 3168 1863 3199 alios
1887 3167 2000 3205 12203

255 3220 334 3249 alios
358 3222 377 3249 S
392 3221 462 3251 ΕΑ.
484 3237 518 3240 -
546 3220 597 3250 29.
621 3220 808 3259 parentium
832 3220 867 3250 Τ.
890 3237 923 3240 -
951 3218 1002 3250 30.
1028 3217 1247 3249 condemnatis
1271 3217 1303 3247 1³.
1327 3233 1359 3238 —
1388 3216 1440 3247 32.
1464 3217 1582 3247 dicitur
1605 3218 1630 3248 A
1646 3216 1677 3250 2.
1707 3234 1739 3240 -
1769 3217 1820 3248 34..
1843 3217 1942 3256 possit
1968 3218 1999 3248 1⁵.

259 3285 292 3290 —
321 3270 370 3300 535.
397 3270 560 3300 communi
583 3268 667 3301 ‘JtAz
695 3270 727 3300 ἰη
750 3270 912 3300 communi
937 3278 1016 3299 cuin
1042 3268 1096 3299 cd.
1117 3267 1234 3299 Aldina
1261 3265 1315 3298 LQ
1332 3267 1366 3296 t).
1387 3283 1420 3288 —
1451 3266 1502 3297 36.
1530 3267 1560 3296 in
1586 3264 1672 3298 UA:
1699 3275 1769 3298 oni.
1796 3267 1849 3298 cd.
1868 3266 1999 3303 Aldina,

256 3316 362 3349 LQO.
392 3335 424 3339 --
451 3321 554 3349 lolam
577 3317 656 3350 ἯΑ.
688 3318 891 3349 Emendavit
914 3318 1116 3357 Naugerius.
1147 3334 1180 3339 —
1208 3316 1258 3347 38.
1288 3315 1391 3357 unius]
1418 3315 1502 3346 illius
1526 3316 1561 3347 T.
