2143 3713
269 198 351 239 54⁶2
790 197 989 238 ORATIO
1022 196 1125 238 PRO
1155 196 1204 237 A.
1236 197 1498 238 CLUENTIO

269 310 409 357 nobis,
449 308 521 350 sed
554 308 653 363 quid
684 314 873 362 oporteat
904 309 1007 355 dici,
1047 308 1329 349 consideretis.
1387 309 1534 362 Agitur
1564 308 1674 348 enim
1704 308 1747 347 in
1778 309 2019 350 criminibus

268 375 316 412 A.
349 371 527 412 Cluentii
557 372 770 425 proprium
801 371 1057 424 periculum,
1088 371 1132 410 in
1161 371 1317 410 invidia
1347 384 1470 411 causa
1500 370 1744 410 communis.
1793 370 1938 418 Quam
1968 372 2019 411 ob

268 448 355 474 rem
386 434 556 474 alteram
586 438 745 486 partem
775 446 925 473 causae
956 433 1013 472 sic
1045 446 1236 485 agemus,
1277 438 1323 472 ut
1351 446 1426 472 vos
1461 433 1705 472 doceamus:
1746 432 1915 472 alteram
1947 434 2020 480 sic,

269 502 315 536 ut
352 509 529 536 oremus.
589 497 635 535 In
673 496 801 536 altera
842 495 1057 547 diligentia
1086 499 1223 534 vestra
1252 495 1371 534 nobis
1402 494 1666 546 adiungenda
1696 499 1779 533 est:
1824 495 1866 533 in
1894 494 2022 534 altera

237 556 370 599 bfides
390 557 662 612 imploranda.
695 560 823 598 Nemo
846 563 907 597 est
928 558 1061 603 enim,
1094 555 1166 609 qui
1186 555 1366 595 invidiae
1389 557 1478 596 sine
1503 561 1640 595 vestro
1666 553 1727 609 [ac
1749 553 1854 609 sine]
1878 556 2020 596 talium

268 621 450 661 virorum
480 619 668 660 subsidio
698 620 833 673 possit
862 619 1066 659 resistere.
1112 615 1150 657 4.
1181 617 1387 670 Equidem
1419 618 1531 672 quod
1563 618 1613 658 ad
1646 631 1711 657 me
1741 619 1907 664 attinet,
1938 630 2020 670 quo

268 695 333 722 me
363 687 521 722 vertam
561 682 716 721 nescio.
766 683 921 733 Negem
959 681 1088 720 fuisse
1130 679 1243 718 illam
1275 679 1486 720 infamiam
1518 679 1661 719 iudicii
1693 680 1909 732 corrupti?
1949 692 2020 718 ne-

269 757 360 797 gem
392 756 482 784 esse
512 743 626 783 illam
657 756 743 782 rem
773 744 966 794 agitatam
997 743 1040 782 in
1071 741 1363 781 contionibus?
1394 742 1583 782 iactatam
1616 743 1656 781 in
1687 741 1881 781 iudiciis?
1913 754 2022 780 com·

268 810 535 846 memoratam
565 806 607 845 in
638 806 814 845 senatu?
847 805 1022 844 evellam
1055 818 1107 844 ex
1137 803 1285 843 animis
1314 803 1533 843 hominum
1564 810 1719 844 tantam
1754 803 2021 856 opinionem?

218 878 254 908 4ο
268 873 350 908 tam
381 868 546 920 penitus
577 867 770 906 insitam?
812 870 895 906 tam
925 868 1159 906 vetustam?
1200 866 1292 904 Non
1323 871 1386 905 est
1415 867 1544 905 nostri
1576 866 1754 919 ingenii:
1796 864 1920 904 vestri
1951 877 2021 903 au-

268 929 358 969 xilii
388 935 469 976 est,
500 928 684 974 iudices,
715 928 836 967 huius
868 928 1129 967 innocentiae
1162 928 1219 966 sic
1250 927 1293 966 in
1316 927 1393 967 hac
1413 928 1653 968 calamitosa
1673 928 1802 974 fama,
1836 926 1955 980 quasi
1977 926 2019 965 in

268 991 411 1044 aliqua
455 989 811 1043 perniciosissima
856 990 1019 1028 flamma
1058 995 1182 1042 atque
1223 989 1264 1028 in
1307 990 1514 1029 communi
1549 990 1744 1030 incendio
1786 988 2018 1029 subvenire.

271 1053 322 1091 ll.
354 1051 392 1091 ἵ).
425 1052 589 1091 Etenim
622 1052 726 1091 sicut
757 1051 848 1090 aliis
880 1051 923 1090 in
955 1051 1058 1091 locis
1089 1064 1232 1104 parum
1262 1048 1505 1092 firmamenti
1537 1058 1575 1091 et
1607 1066 1751 1104 parum
1773 1051 1920 1091 virium
1953 1064 2020 1090 ve·

269 1115 367 1154 ritas
397 1113 544 1153 habet:
576 1114 635 1153 sic
667 1113 709 1152 in
740 1113 819 1152 hoc
850 1113 942 1152 loco
973 1112 1076 1152 falsa
1107 1113 1263 1152 invidia
1293 1113 1502 1153 imbecilla
1534 1128 1624 1153 esse
1646 1114 1781 1153 debet.
1826 1114 2021 1153 Domine-

219 1182 333 1216 ⁴5tur
362 1177 402 1215 in
435 1176 718 1223 contionibus;
751 1176 883 1215 iaceat
913 1175 956 1214 in
987 1174 1174 1214 iudiciis:
1210 1175 1346 1215 valeat
1376 1176 1417 1215 in
1449 1177 1715 1229 opinionibus
1746 1189 1793 1215 ac
1824 1174 2022 1215 sermoni-

267 1240 345 1279 bus
376 1238 684 1291 imperitorum3
716 1238 766 1277 ab
796 1237 974 1289 ingeniis
995 1236 1261 1289 prudentium
1283 1238 1544 1291 repudietur:
1578 1238 1843 1278 vehementes
1871 1235 2022 1276 habeat

267 1301 506 1354 repentinos
536 1300 739 1353 impetus3
771 1299 901 1353 spatio
932 1298 1179 1352 interposito
1211 1304 1251 1338 et
1281 1312 1404 1339 causa
1435 1301 1598 1352 cognita
1629 1302 1912 1340 consenescat.
1942 1298 2021 1336 De-

268 1364 396 1416 nique
435 1362 507 1403 illa
538 1360 723 1402 delinitio
765 1361 1015 1401 iudiciorum
1047 1373 1298 1413 aequorum,
1339 1374 1447 1414 quae
1477 1362 1598 1401 nobis
1629 1376 1652 1402 a
1683 1360 1909 1401 maioribus
1941 1363 2022 1398 tra-

268 1426 353 1466 dita
383 1429 464 1472 est,
494 1424 737 1464 retineatur:
770 1428 815 1463 ut
843 1423 885 1462 in
916 1422 1084 1463 iudiciis
1115 1426 1156 1461 et
1181 1422 1270 1462 sine
1301 1422 1454 1463 invidia
1477 1424 1599 1476 culpa
1627 1424 1829 1477 plectatur
1859 1426 1900 1461 et
1933 1421 2021 1460 sine

217 1498 254 1528 20
269 1488 389 1541 culpa
417 1486 575 1527 invidia
603 1491 792 1539 ponatur.
843 1484 880 1524 6.
913 1484 1046 1532 Quam
1077 1483 1129 1523 ob
1159 1497 1245 1523 rem
1275 1497 1298 1523 a
1330 1485 1470 1532 vobis,
1500 1485 1684 1532 iudices,
1715 1490 1938 1537 antequam
1970 1483 2020 1521 de

268 1551 359 1603 ipsa
389 1561 512 1588 causa
541 1547 679 1587 dicere
711 1547 886 1600 incipio,
916 1546 1019 1586 haec
1049 1546 1235 1599 postulo:
1275 1547 1473 1598 primum,
1504 1547 1546 1586 id
1578 1547 1691 1600 quod
1722 1546 2020 1600 aequissimum

270 1617 354 1659 est,
393 1616 440 1651 ut
479 1623 531 1650 ne
571 1610 671 1663 quid
709 1610 790 1649 huc
828 1608 1100 1662 praeiudicati
1131 1609 1324 1648 afferatis.
1382 1608 1545 1648 Etenim
1576 1622 1658 1648 non
1688 1608 1812 1648 modo
1842 1606 2022 1647 auctori-

268 1680 414 1722 tatem,
459 1672 531 1712 sed
571 1672 694 1712 etiam
734 1684 886 1711 nomen
925 1670 1112 1710 iudicum
1150 1671 1409 1717 amittemus,
1453 1670 1533 1709 nisi
1576 1670 1644 1709 hic
1675 1683 1727 1710 ex
1757 1670 1857 1723 ipsis
1887 1669 2021 1708 causis

268 1736 569 1781 iudicabimus,
609 1734 643 1774 si
681 1734 733 1773 ad
773 1746 919 1773 causas
958 1732 1113 1772 iudicia
1151 1732 1232 1772 iam
1272 1732 1377 1772 facta
1418 1731 1540 1772 domo
1579 1731 1825 1771 deferemus.
1863 1731 2021 1770 Deinde

216 1809 256 1838 ‘25
270 1800 303 1839 si
336 1811 460 1852 quam
491 1796 733 1850 opinionem
764 1795 845 1835 iam
876 1794 1023 1834 vestris
1054 1795 1261 1834 mentibus
1300 1793 1695 1847 comprehendistis,
1735 1795 1768 1834 si
1800 1807 1889 1834 eam
1919 1793 2021 1832 ratio

268 1860 496 1907 convellet,
527 1859 560 1898 si
592 1858 723 1898 oratio
754 1856 1037 1903 labefactabit,
1079 1857 1112 1896 si
1144 1857 1326 1910 denique
1358 1857 1509 1896 veritas
1551 1857 1837 1910 extorquebit:
1877 1869 1930 1896 ne
1960 1868 2023 1894 re-

267 1922 460 1977 pugnetis
491 1933 667 1974 eamque
697 1920 845 1960 animis
868 1918 1013 1959 vestris
1044 1923 1115 1958 aut
1142 1918 1366 1958 libentibus
1398 1924 1468 1958 aut
1489 1919 1634 1972 aequis
1655 1918 1888 1958 remittatis.
1919 1918 2023 1956 Tum

268 1990 425 2032 autem,
456 1996 547 2023 cum
579 1996 654 2035 ego
685 1996 767 2022 una
798 1995 964 2036 quaque
992 1981 1043 2021 de
1074 1994 1117 2020 re
1146 1981 1280 2020 dicam
1311 1986 1352 2020 et
1381 1981 1553 2028 diluam,
1584 1994 1636 2020 ne
1658 1981 1760 2034 ipsi,
1793 1993 1900 2035 quae
1923 1992 2023 2020 con-

268 2047 391 2087 traria
422 2046 525 2093 sint,
557 2045 669 2085 taciti
700 2043 942 2098 cogitationi
973 2048 1134 2083 vestrae
1165 2042 1413 2090 subficiatis,
1445 2044 1517 2083 sed
1539 2043 1591 2082 ad
1617 2048 1847 2083 extremum
1877 2054 2023 2095 exspe-

219 2110 387 2150 30ctetis
426 2121 577 2162 meque
612 2120 749 2147 meum
781 2105 946 2146 dicendi
978 2105 1167 2146 ordinem
1203 2118 1368 2145 servare
1405 2105 1641 2158 patiamini:
1689 2118 1781 2145 cum
1811 2116 2022 2158 perorarO,

356 2326 388 2357 ⁶2.
415 2323 539 2357 Cluenti
562 2323 597 2355 P.
625 2340 659 2345 —
694 2323 727 2354 in
759 2324 837 2354 ante
870 2331 902 2353 v.
929 2321 1054 2354 invidia
1077 2331 1146 2355 om.
1173 2322 1232 2354 TF
1246 2323 1278 2354 M
1292 2323 1330 2354 A.
1363 2339 1397 2343 —
1432 2322 1463 2353 5.
1488 2325 1615 2359 vestro,
1645 2321 1713 2352 sine
1741 2320 1858 2352 talium
1880 2318 2022 2352 Classen

270 2384 302 2417 p.
329 2375 403 2409 447.
431 2373 509 2406 coll.
537 2372 607 2404 Cic.
640 2381 673 2413 p.
706 2372 864 2410 Quinctio
893 2371 924 2412 g.
951 2372 1002 2404 53.
1029 2372 1081 2404 8⁴.
1117 2381 1152 2413 p.
1188 2374 1287 2404 Rosc.
1318 2373 1395 2403 Am.
1432 2371 1462 2412 g.
1488 2370 1540 2403 54.
1568 2372 1677 2403 Divin.
1703 2371 1737 2402 in
1762 2371 1864 2403 Caec.
1890 2369 1920 2411 ἓ.
1946 2369 2021 2405 5>Ι.;

268 2429 336 2459 sine
356 2428 463 2458 vestr-0
486 2422 602 2455 talium
625 2420 779 2453 Halmius
803 2430 883 2453 cum
908 2423 985 2453 Gar.
1003 2422 1034 2453 2.
1062 2421 1138 2454 coll.
1165 2422 1208 2454 de
1233 2423 1324 2454 Orat.
1352 2422 1391 2453 II.
1425 2422 1456 2462 S.
1483 2420 1556 2453 364.
1583 2420 1626 2453 de
1651 2420 1755 2452 domo
1779 2429 1840 2453 sua
1867 2419 1899 2461 ἓ.
1924 2419 1958 2451 3.
1984 2435 2020 2441 -

270 2478 302 2509 6.
327 2475 486 2515 Equidem
501 2488 549 2496 --
565 2471 712 2511 corrupti
735 2470 962 2509 Quintilianus
986 2471 1039 2502 lx.
1066 2472 1102 2510 2,
1129 2472 1201 2509 49.;
1233 2471 1392 2511 Equidem
1415 2480 1479 2510 quo
1501 2479 1552 2502 me
1573 2473 1717 2509 vertam,
1753 2470 1892 2509 iudices,
1917 2468 2024 2501 nescio

269 2527 457 2560 Martianus
492 2519 631 2562 Capella
663 2520 717 2561 (V.
745 2520 776 2561 ἓ.
802 2520 890 2560 523.)
915 2529 949 2562 p.
977 2519 1049 2552 427.
1077 2520 1132 2551 ed.
1160 2521 1266 2562 Capp.
1305 2521 1338 2560 («
1352 2520 1445 2560 quod
1469 2520 1699 2551 vehementer
1724 2518 1853 2560 probo;
1889 2518 2024 2550 adiecto

271 2576 364 2608 enim
385 2574 507 2606 iudices
529 2579 634 2603 aures
657 2568 847 2611 implentur
869 2578 989 2608 meae3
1025 2570 1154 2601 omisso
1178 2578 1247 2601 non
1271 2570 1388 2601 item.»
1416 2571 1495 2601 GAn.
1513 2570 1577 2609 2.):
1610 2569 1770 2609 Equidem
1792 2577 1856 2608 quo
1877 2576 1928 2599 me
1949 2576 2026 2599 ver-

269 2629 354 2663 tam,
379 2623 518 2661 iudices,
542 2622 660 2654 nescio.
695 2621 856 2661 Negemus
876 2621 975 2661 fuisse
997 2621 1089 2651 illam
1112 2629 1182 2652 rem
1204 2619 1325 2660 Aquila
1350 2620 1524 2651 Romanus
1548 2619 1587 2650 de
1607 2619 1663 2659 fiq.
1688 2621 1767 2650 sent.
1794 2619 1825 2659 g.
1852 2618 1921 2655 lO.;
1956 2618 2026 2657 Quo

268 2683 319 2706 me
345 2677 474 2706 vertam
501 2672 607 2704 nescio
636 2670 768 2704 Anecd.
794 2671 900 2702 Paris.
927 2669 983 2702 ed.
1011 2670 1172 2702 Eckstein
1196 2678 1228 2711 p.
1258 2669 1288 2701 6.
1313 2678 1347 2700 v.
1372 2668 1425 2700 29.
1453 2686 1489 2691 —
1518 2668 1548 2699 7.
1575 2668 1667 2699 illam
1689 2676 1758 2700 om.
1785 2665 2023 2706 Quintilianus.

272 2743 308 2748 ——
333 2724 433 2757 iudici
456 2725 491 2757 P.
519 2740 556 2746 —-
588 2723 620 2755 8.
645 2731 711 2754 esse
740 2731 809 2753 om.
836 2720 855 2754 Q
873 2722 909 2753 Ο.
939 2739 974 2743 —
1008 2719 1210 2752 contionibus
1233 2721 1256 2751 P
1274 2720 1306 2751 S.
1342 2718 1390 2750 Cf.
1417 2727 1449 2749 v.
1476 2718 1528 2749 45.
1554 2716 1585 2758 S.
1611 2718 1641 2749 2.
1671 2735 1706 2740 —-
1732 2718 1763 2749 9.
1789 2716 1920 2748 evellere
1944 2723 2025 2747 cum

271 2775 349 2807 Car.
375 2772 549 2814 Stephano
573 2773 609 2804 L.
638 2790 674 2795 —-
699 2772 751 2803 ⁴0.
777 2772 850 2802 Non
866 2780 1011 2802 --auaoe
1037 2773 1082 2801 est
1106 2768 1332 2808 Quintilianus
1349 2768 1402 2799 lX.
1429 2767 1467 2805 3,
1493 2767 1545 2798 84.
1569 2785 1602 2790 -
1630 2770 1674 2799 est
1697 2776 1766 2799 om.
1786 2764 2022 2804 Quintilianus.

272 2840 306 2846 -
333 2823 386 2854 ll.
411 2822 671 2862 sic--slamma
702 2820 927 2859 Quintilianus
958 2820 1012 2851 IX.
1038 2819 1077 2858 3,
1103 2819 1156 2851 75.
1192 2837 1228 2842 —
1264 2819 1315 2850 4-2.
1345 2817 1615 2857 pernitiosissima
1639 2818 1671 2848 S.
1700 2834 1735 2839 —-
1765 2816 1818 2848 43.
1843 2815 2025 2847 etenim--

269 2881 334 2905 esse
356 2871 444 2903 debet
466 2871 597 2903 Anecd.
623 2871 729 2903 Paris.
756 2879 789 2911 p.
816 2870 846 2901 9.
872 2879 904 2901 v.
930 2869 984 2901 23.
1013 2887 1047 2892 -
1070 2877 1193 2908 parum
1216 2869 1295 2899 ante
1319 2875 1351 2898 v.
1375 2866 1574 2907 firmamenti
1599 2874 1668 2897 om.
1694 2865 1824 2897 Anecd.
1851 2864 1959 2896 Paris.
1987 2881 2022 2886 —

268 2922 390 2954 veritas
413 2921 508 2952 PST
521 2921 589 2953 ML
604 2920 646 2952 O:
677 2920 805 2960 falsitas
829 2918 935 2953 FAss.
965 2937 999 2941 —
1034 2917 1084 2949 14.
1111 2918 1145 2948 in
1168 2925 1237 2948 om.
1263 2915 1394 2948 Anecd.
1421 2917 1526 2947 Paris.
1557 2933 1590 2938 —
1624 2916 1881 2947 Dominetur--
1897 2913 2026 2944 iudiciis

271 2969 497 3009 Quintilianus
521 2970 575 3001 IX.
602 2971 639 3007 2,
658 2970 711 3001 51.
733 2987 767 2992 —-
795 2970 845 3001 ⁴5.
872 2967 1073 3000 concionibus
1088 2968 1121 2998 S.
1149 2966 1196 2998 Cf.
1215 2975 1248 2997 v.
1267 2966 1298 2997 8.
1320 2983 1355 2987 —
1383 2964 1433 2996 16.
1451 2965 1641 2996 vehementis
1664 2965 1734 2996 ST.
1756 2982 1791 2987 —
1818 2964 1869 2995 47.
1887 2963 2026 3003 repenti-

269 3029 390 3059 nosque
411 3021 433 3052 S
450 3020 551 3059 (corr.
567 3027 613 3050 m.
626 3019 670 3058 2.)
690 3019 804 3050 FA.--
824 3018 875 3049 49.
895 3021 930 3049 ut
951 3021 981 3049 et
995 3017 1063 3048 sinc
1081 3017 1161 3055 (om.
1179 3016 1213 3047 in
1227 3014 1307 3053 iud.)
1326 3031 1372 3037 --
1385 3018 1531 3053 ponatur
1547 3013 1772 3053 Quintilianus
1790 3014 1843 3045 IX.
1863 3013 1893 3052 3,
1912 3014 1964 3045 85.
1987 3031 2021 3035 —

270 3070 323 3102 20.
340 3069 495 3110 ponatur]
508 3069 671 3108 puniatur
683 3069 791 3100 ΞΤ.ῌ
811 3076 832 3098 α
849 3067 882 3098 in
899 3068 919 3098 S
936 3075 1114 3108 superscr.
1130 3067 1236 3098 est.—
1255 3065 1308 3097 22.
1326 3064 1398 3105 huc]
1414 3064 1487 3096 huic
1503 3065 1568 3096 ST.
1587 3064 1636 3096 Cf.
1653 3064 1683 3104 g.
1696 3062 1811 3095 4112.-
1830 3060 1884 3093 24.
1903 3063 1931 3136 s}
1946 3062 1966 3093 S
1979 3061 2023 3093 T:

825 3111 846 3142 d
1933 3105 1943 3136 i

273 3164 311 3187 ac
333 3156 360 3187 si
376 3154 548 3189 RALsso.
575 3156 664 3187 Fort.
682 3155 746 3187 sed.
761 3172 795 3177 -
822 3154 998 3194 referemus
1021 3155 1061 3193 S3
1086 3153 1264 3194 referemus
1287 3152 1323 3182 T.
1343 3168 1376 3172 —
1404 3151 1455 3182 26.
1482 3152 1569 3183 ratio
1593 3151 1699 3182 FMA
1714 3147 1747 3183 ἓ.
1770 3167 1804 3172 —-
1830 3149 1883 3181 27.
1908 3148 2023 3180 iuben-

273 3204 356 3236 tibus
380 3207 431 3246 (ex
456 3204 642 3245 lubentibus)
669 3206 701 3236 S.
721 3221 755 3226 -—
783 3204 836 3236 29.
863 3204 925 3235 sint
948 3204 1025 3236 PS:
1051 3212 1120 3235 om.
1147 3203 1191 3240 T3
1216 3204 1289 3233 sunt
1312 3202 1336 3232 R
1351 3202 1413 3233 AL
1428 3199 1447 3232 Q
1462 3201 1499 3232 O.
1520 3218 1554 3223 —
1582 3200 1747 3231 subiciatis
1769 3200 1801 3231 S.
1823 3218 1858 3222 —
1885 3199 1929 3230 ad
1951 3205 2021 3230 om.

275 3255 345 3286 ST.
374 3273 409 3278 —
433 3255 606 3294 &spectetis
629 3255 661 3286 S.
688 3271 723 3277 —
761 3254 813 3286 30.
839 3262 951 3293 meque
974 3255 1015 3286 P:
1054 3262 1105 3285 me
1125 3253 1201 3290 ST;
1239 3254 1269 3284 et
1290 3260 1340 3282 me
1363 3251 1385 3282 F
1398 3249 1540 3282 MALQ
1555 3250 1592 3283 Ο.
1622 3268 1656 3274 -
1686 3258 1852 3291 peroraro
1874 3252 1943 3281 tum
1964 3246 2021 3279 PS

278 3302 336 3337 1.ss
351 3304 393 3336 0:
414 3313 476 3345 per
493 3329 500 3337 .
518 3329 525 3337 .
543 3329 550 3337 .
568 3307 637 3337 tum
659 3304 701 3344 T;
723 3307 917 3344 peroratum
938 3303 1000 3337 erit
1021 3303 1102 3341 FA;
1122 3309 1286 3342 peroraro
1310 3300 1391 3341 (om.
1416 3299 1494 3339 tum)
1520 3300 1563 3332 M.
