2143 3713
306 226 387 268 258
797 229 852 268 IN
881 228 1100 269 VERREM
1129 227 1289 268 ACTIO
1322 228 1565 269 SECUNDA

305 352 398 379 cum
427 339 753 392 apparitoribus,
794 340 835 379 id
866 345 949 387 est,
981 354 1071 379 cum
1101 340 1141 378 vi
1172 352 1218 379 ac
1249 341 1369 379 minis
1401 341 1603 386 venisset,
1633 352 1804 393 poscere
1835 342 2053 393 pecuniam

304 400 501 452 grandem
533 402 691 454 coepit,
721 407 767 442 ut
796 407 965 454 accepto
996 401 1110 440 lucro
1133 400 1376 441 discederet.
1417 402 1536 441 Nolle
1567 402 1610 441 se
1640 402 1795 454 negotii
1827 404 2054 457 quidquam

302 461 456 503 habere
497 462 676 511 dicebat,
718 464 790 503 sed
831 469 995 516 accepta
1035 462 1209 515 pecunia
1241 476 1363 516 quam
1398 464 1573 517 primum
1604 463 1724 502 aliani
1755 463 1959 503 civitatem
1990 479 2056 505 oc-

303 537 465 577 cupare.
517 525 620 564 Sunt
650 539 792 565 omnes
825 525 951 564 Siculi
982 537 1065 563 non
1096 525 1410 572 contemnendi,
1443 526 1476 564 si
1506 539 1579 577 per
1608 530 1769 564 nostros
1800 525 2056 577 magistratus

271 585 445 635 bliceat,
476 587 549 627 sed
579 587 767 627 homines
799 592 839 627 et
868 587 963 625 satis
994 586 1119 625 fortes
1152 590 1191 625 et
1222 586 1342 638 plane
1372 587 1478 639 frugi
1510 600 1556 625 ac
1588 587 1735 634 sobrii,
1772 592 1813 627 et
1843 588 1883 626 in
1916 588 2056 639 primis

299 646 403 687 haec
442 649 604 696 civitas,
649 648 699 688 de
732 662 812 701 qua
854 648 1020 700 loquor,
1066 647 1234 687 iudices.
1295 647 1359 687 [58.
1391 649 1532 701 Itaque
1564 648 1720 688 homini
1752 649 2056 702 improbissimo

300 709 552 763 respondent
579 711 859 763 Agyrinenses
890 722 981 749 sese
1012 709 1202 749 decumas
1235 709 1292 757 ei,
1325 724 1447 763 quem
1479 710 1530 749 ad
1552 710 1715 749 modum
1739 710 1955 758 deberent,
1988 710 2059 749 da-

299 776 435 819 turos,
466 772 646 819 lucrum,
678 785 767 811 cum
800 771 870 810 ille
892 784 1040 824 magno
1073 771 1312 825 praesertim
1336 773 1525 819 emisset,
1556 786 1639 811 non
1661 772 1887 812 addituros.
1927 773 2059 825 Apro-

299 833 391 873 nius
423 835 635 873 certiorem
666 832 763 872 sacit
783 834 927 879 istum,
958 833 1048 872 cuia
1068 846 1132 872 res
1156 839 1254 873 erat.
1306 834 1494 873 XXVIII.
1528 834 1693 882 Statim,
1726 840 1936 887 tamquam
1960 848 2058 874 con-

251 894 444 934 ioiuratio
474 895 615 948 aliqua
635 895 773 947 Agyrii
795 899 937 933 contra
965 909 1052 935 rem
1083 895 1291 948 publicam
1321 895 1429 935 facta
1449 902 1520 936 aut
1546 897 1703 949 legatus
1733 897 1934 950 praetoris
1965 895 2057 949 pul-

300 961 411 996 satus
452 961 580 1003 esset,
622 957 677 996 ita
715 956 869 1009 Agyrio
910 957 1172 1009 magistratus
1204 963 1245 997 et
1275 959 1458 1011 quinque
1498 960 1620 1011 primi
1651 959 1781 998 accitu
1812 959 1929 998 istius
1961 971 2058 998 evo-

300 1024 456 1064 cantur.
515 1019 698 1058 Veniunt
728 1018 976 1071 Syracusas:
1008 1024 1172 1072 praesto
1204 1025 1265 1058 est
1284 1020 1514 1073 Apronius:
1545 1022 1601 1060 ait
1631 1034 1702 1061 eos
1733 1022 1864 1073 ipsos,
1897 1021 1969 1074 qui
1989 1034 2057 1061 ve-

297 1080 480 1128 nissent,
512 1085 655 1119 contra
686 1080 867 1119 edictum
898 1081 1101 1133 praetoris
1131 1080 1294 1121 fecisse.
1338 1082 1623 1130 Quaerebant,
1656 1084 1786 1136 quid?
1816 1082 2058 1136 Responde-

296 1142 367 1182 bat
396 1156 440 1182 se
470 1142 522 1182 ad
552 1147 865 1195 recuperatores
898 1156 987 1181 esse
1020 1142 1237 1183 dicturum.
1297 1145 1402 1191 Iste,
1434 1145 1708 1197 aequissimus
1740 1145 1884 1191 homo,
1914 1143 2058 1183 formi-

248 1210 284 1239 45
298 1204 437 1244 dinem
475 1204 589 1244 illam
620 1217 736 1244 suam
767 1205 927 1247 miseris
956 1205 1284 1258 Agyrinensibus
1321 1206 1552 1253 iniiciebat3
1594 1211 1900 1259 recuperatores
1931 1219 1975 1245 se
2005 1205 2056 1245 de

297 1266 462 1306 cohorte
495 1280 568 1306 sua
599 1267 790 1307 daturum
821 1267 1065 1306 minabatur.
1125 1268 1428 1320 Agyrinenses,
1469 1268 1544 1307 viri
1579 1267 1813 1315 fortissimi,
1858 1267 2056 1307 iudicium

297 1342 341 1369 se
380 1342 575 1382 passuros
616 1342 708 1368 esse
748 1328 949 1369 dicebant.
1009 1327 1075 1368 69.
1114 1330 1332 1382 Ingerebat
1370 1330 1446 1369 istc
1477 1329 1781 1369 Artemidorum
1815 1329 2055 1369 Cornelium

294 1390 502 1431 medicum
534 1395 575 1430 et
605 1391 894 1443 Tlepolemum
928 1392 1163 1431 Cornelium
1195 1391 1394 1443 pictorem
1425 1397 1464 1431 et
1499 1391 1672 1431 huiusce
1695 1391 1807 1430 modi
1839 1404 2056 1445 recupera-

295 1459 431 1502 tores,
463 1466 642 1507 quorum
673 1453 772 1492 civis
804 1454 1012 1493 Romanus
1044 1467 1164 1493 nenio
1197 1459 1304 1500 crat,
1347 1454 1419 1493 sed
1451 1454 1593 1493 Graeci
1624 1454 1834 1506 sacrilegi,
1865 1455 1945 1494 iam
1974 1455 2056 1507 pri-

244 1523 281 1552 ‘20
296 1516 391 1556 dem
420 1515 619 1569 improbi,
652 1520 824 1568 repente
857 1515 1049 1555 Cornelii.
1095 1515 1301 1555 videbant
1330 1517 1632 1568 Agyrinenses,
1664 1516 1871 1569 quidquid
1902 1516 1953 1555 ad
1985 1529 2055 1556 eos

294 1583 606 1632 recuperatores
627 1578 832 1631 Apronius
855 1579 1080 1625 attulisset,
1113 1578 1228 1617 illum
1250 1577 1446 1630 perfacile
1468 1578 1759 1632 probaturum:
1792 1578 2055 1618 condemnari

295 1655 386 1681 cum
428 1641 543 1681 istius
582 1639 739 1680 invidia
779 1639 1031 1693 infamiaque
1063 1640 1295 1687 malebant,
1335 1654 1458 1693 quain
1489 1640 1540 1679 ad
1572 1641 1659 1679 eius
1690 1639 1954 1681 condiciones
1983 1653 2056 1693 pa-

293 1704 536 1756 ctionesque
580 1701 791 1743 accedere.
852 1702 1137 1750 Quaerebant,
1182 1716 1288 1755 quae
1334 1703 1374 1741 in
1414 1702 1540 1742 verba
1578 1707 1886 1755 recuperatores
1926 1702 2054 1742 daret.

292 1764 613 1819 Respondebat:
645 1778 680 1804 SI
710 1778 843 1804 PARET
874 1778 1080 1805 Anvnnsvs
1110 1778 1293 1805 Ebic‘rvir
1325 1777 1512 1804 Fecisse:
1545 1778 1627 1818 qua
1656 1778 1722 1812 re,
1756 1777 1800 1804 se
1831 1765 1875 1803 in
1903 1763 2055 1804 iudicio

291 1945 325 1977 hi
349 1954 425 1976 cum
445 1945 544 1976 minis
566 1952 606 1975 ac
627 1943 661 1975 vi
683 1943 833 1981 habent3
860 1944 915 1983 qui
938 1954 1012 1975 cum
1035 1954 1156 1985 appar.
1181 1954 1254 1976 cnm
1277 1945 1309 1975 vi
1334 1954 1373 1975 ac
1395 1944 1492 1975 minis
1515 1953 1550 1975 eo
1573 1943 1707 1975 venisset
1730 1942 1819 1983 Lg42
1846 1943 1931 1984 [sine
1955 1943 1990 1975 id
2011 1946 2057 1976 est

290 1997 371 2036 post
393 2004 528 2035 appar„
553 1996 591 2026 ut
614 1993 699 2026 falso
724 1995 826 2025 tradit
852 1994 920 2035 Z.];
947 1995 1002 2034 qui
1026 2004 1099 2026 cum
1123 1995 1389 2035 apparitoribus,
1418 1995 1450 2025 vi
1474 2004 1513 2025 ac
1536 1994 1633 2024 minis
1656 2002 1691 2024 eo
1714 1995 1850 2024 venisset
1874 1991 1994 2025 Lamb.
2021 1993 2056 2024 in

291 2052 400 2084 marg.
428 2043 530 2080 45843
557 2044 613 2082 qui
636 2053 710 2074 cum
733 2053 768 2074 eo
792 2053 865 2074 cum
889 2053 1024 2083 appar„
1050 2045 1083 2075 id
1106 2049 1150 2076 est
1174 2054 1246 2076 cum
1269 2045 1367 2075 *minis
1389 2053 1429 2074 ac
1451 2045 1483 2074 vi
1507 2044 1641 2074 venisset
1666 2043 1703 2082 O,
1730 2044 1767 2073 ut
1791 2042 1885 2075 solus
1908 2044 1988 2083 Lag.
2013 2043 2055 2074 27

290 2093 423 2125 habere
448 2092 596 2125 videtur.
629 2093 855 2134 [Digessinius
879 2093 1048 2126 lectiones
1073 2095 1186 2125 varias
1212 2104 1253 2126 ex
1272 2094 1368 2126 Nicb.
1389 2093 1608 2134 apographo,
1636 2102 1677 2123 ex
1701 2101 1770 2133 quo
1795 2102 1875 2125 cum
1898 2093 1967 2125 iam
1992 2101 2056 2133 ap-

291 2145 428 2185 pareat,
454 2144 488 2174 id
511 2147 555 2175 est
579 2153 622 2175 ne
648 2144 679 2174 in
700 2145 778 2183 Lag.
798 2144 850 2175 42.
871 2144 1014 2184 quidem
1037 2146 1193 2181 exstare,
1221 2145 1288 2175 iani
1308 2152 1410 2175 nenio
1437 2142 1609 2173 dubitabit
1634 2143 1716 2182 quin
1741 2141 1968 2174 scribendum
1992 2144 2052 2174 sit:

291 2194 347 2232 qui
370 2202 444 2224 cum
467 2202 544 2232 app.
572 2203 607 2225 eo
631 2197 661 2224 et
684 2202 758 2224 cum
781 2194 813 2224 ri
837 2203 875 2224 ac
898 2194 996 2225 minis
1011 2203 1063 2230 υς
1091 2196 1143 2224 est
1167 2195 1283 2224 autern
1309 2193 1363 2232 qui
1385 2193 1518 2223 venissel
1543 2191 1635 2222 idem
1654 2190 1747 2231 quod
1769 2200 1843 2222 cum
1866 2192 1893 2222 is
1907 2192 2053 2223 venisset.

292 2243 342 2274 Cf.
368 2244 408 2274 11.
436 2242 466 2283 ὃ.
487 2243 538 2274 48.
567 2243 629 2282 Qui
651 2251 717 2273 non
737 2246 842 2282 posset
865 2252 986 2283 neslare
1010 2243 1050 2273 ab
1075 2244 1137 2273 illis
1155 2244 1331 2282 pecuniam
1355 2244 1484 2278 (latam,
1511 2252 1575 2273 non
1600 2242 1759 2280 quaesivit
1781 2244 1847 2273 cet.
1875 2242 1996 2282 Hamu]
2018 2260 2052 2263 —

290 2294 321 2324 2.
348 2293 456 2333 negoti
480 2293 657 2332 quicquam
680 2292 720 2324 V.
750 2310 784 2314 —
819 2292 848 2323 3.
873 2293 1014 2331 pecunia
1036 2293 1115 2323 velle
1139 2302 1238 2331 {lnam
1262 2303 1285 2331 cs,
1318 2294 1352 2323 et
1376 2292 1476 2332 Lgie.
1513 2310 1546 2313 —
1577 2291 1680 2322 aliam
1703 2300 1729 2321 c.
1758 2300 1918 2330 occupare
1941 2290 2052 2331 Lgffl:

289 2342 324 2373 in
355 2342 458 2373 aliam
491 2351 519 2373 c.
550 2350 722 2373 occurrere
752 2341 796 2380 V,
835 2343 869 2372 et
898 2342 966 2376 sic.
1004 2341 1066 2373 sed
1096 2341 1168 2372 sine
1200 2341 1358 2379 in‚-1·cll.
1386 2343 1422 2373 O.
1460 2360 1492 2364 —
1530 2341 1561 2373 4.
1588 2350 1696 2372 onmes
1719 2340 1807 2380 [349.
1832 2341 1878 2371 V:
1914 2341 2057 2372 homines

291 2391 393 2423 codd.
421 2390 494 2423 rell.
524 2410 559 2414 —
585 2393 616 2423 ὃ.
643 2395 672 2423 et
694 2391 793 2431 fortes
815 2392 894 2422 satis
916 2393 942 2422 A
959 2392 980 2421 B
996 2391 1104 2431 Lg²93
1130 2393 1209 2422 satis
1230 2393 1329 2431 sortes
1354 2393 1434 2431 (oni.
1455 2392 1492 2430 ct)
1519 2392 1556 2422 V.
1580 2409 1614 2412 ——
1641 2391 1694 2422 sed
1713 2390 1813 2430 plane
1834 2390 1925 2431 fraqi
1948 2390 1997 2428 V,
2023 2393 2053 2421 et

289 2442 369 2472 satis
387 2441 488 2480 plane
510 2441 600 2481 [να-(μ’
624 2438 697 2471 rell.
717 2440 858 2471 Sustulit
881 2441 960 2471 satis
984 2441 1018 2471 L.
1039 2441 1071 2472 in
1096 2441 1151 2471 cd.
1171 2442 1306 2473 4566.—
1337 2442 1367 2473 6.
1387 2442 1508 2473 homini
1533 2440 1621 2480 Lgie
1639 2441 1666 2471 V
1680 2449 1732 2479 cp:
1758 2439 1881 2470 homini
1903 2439 2057 2479 inprimis

291 2489 383 2525 rell.;
410 2490 533 2521 homini
557 2489 731 2530 [inprimis]
757 2490 794 2521 O.
817 2507 851 2510 —
879 2490 909 2520 7.
936 2498 968 2520 se
993 2490 1028 2521 V.
1052 2508 1086 2511 —
1113 2490 1144 2521 8.
1171 2500 1246 2521 cum
1270 2500 1339 2522 om.
1359 2491 1398 2522 V.
1421 2508 1453 2513 —
1478 2491 1674 2530 praesertim
1696 2498 1817 2529 mayno
1834 2487 1937 2528 Lg42.
1963 2488 2056 2520 Atin

290 2538 427 2579 vulgata
454 2539 571 2579 (quam
596 2538 778 2570 confirmat
801 2538 858 2577 V),
885 2538 918 2568 id
943 2538 1036 2578 quod
1062 2541 1255 2571 sententiae
1282 2541 1367 2571 ratio
1395 2539 1562 2580 postulat,
1593 2539 1644 2570 ris
1670 2539 1781 2569 maior
1805 2539 1858 2569 est
1882 2546 1923 2570 ac
1947 2545 2055 2570 sonus

291 2590 324 2621 in
348 2598 426 2620 voc.
452 2598 586 2629 magno.
616 2605 650 2610 —
678 2588 849 2619 audituros
872 2588 911 2619 V.
947 2606 975 2610 —-
1002 2590 1032 2619 9.
1059 2589 1145 2630 cuia]
1171 2591 1304 2629 quoiam
1327 2589 1427 2629 Lg-tss.
1458 2607 1491 2611 —
1518 2592 1590 2620 erat
1612 2589 1639 2618 V
1665 2589 1698 2618 et
1722 2586 1834 2627 Lg42:
1859 2589 1951 2626 erat,
1976 2586 2056 2625 quid

290 2640 339 2671 rei
361 2642 439 2671 esset
461 2638 534 2670 rell.
562 2639 599 2670 Ο.
630 2655 663 2660 -
693 2638 745 2669 40.
771 2638 874 2678 Ayyri
898 2638 936 2668 V.
967 2655 1001 2659 —
1026 2639 1200 2680 praetoris]
1225 2641 1286 2670 PR.
1305 2639 1344 2671 V.
1367 2656 1402 2661 -—
1432 2640 1482 2670 sti.
1507 2639 1686 2678 niciyistriis
1709 2645 1886 2678 superscr.
1905 2639 1940 2667 at
1955 2636 1995 2668 V.
2017 2653 2052 2657 —-

292 2689 344 2720 ⁴2.
369 2689 449 2729 Apr.
472 2691 604 2728 praesto
628 2691 672 2719 est
696 2687 796 2727 Lg'29.
826 2705 861 2709 —-
889 2687 940 2718 43.
967 2688 1203 2727 respondebant
1225 2690 1263 2720 V.
1286 2707 1320 2712 —
1348 2688 1398 2720 si-I.
1425 2689 1661 2727 reciperatores
1684 2687 1723 2725 V,
1749 2685 1813 2718 sed
1837 2686 1953 2717 statim
1976 2686 2057 2726 post

290 2747 402 2778 recup.
419 2755 455 2760 —
483 2737 657 2777 dicturum]
684 2736 780 2773 DICl
804 2736 889 2767 Tui!
912 2736 951 2767 V.
968 2754 1002 2758 —
1027 2737 1203 2777 soridinem
1226 2739 1264 2770 V.
1287 2756 1320 2761 —
1348 2739 1398 2769 45.
1418 2738 1570 2769 iniciebat
1589 2738 1626 2776 V,
1654 2737 1690 2767 ut
1705 2743 1908 2776 sei'nper.—
1935 2742 1966 2765 se
1982 2742 2053 2765 om.

293 2787 330 2819 V.
360 2805 395 2809 -
422 2786 469 2828 de]
495 2786 610 2818 DECE
633 2786 672 2816 V.
702 2803 736 2807 —-
764 2785 816 2815 46.
843 2785 963 2816 iudicio
986 2786 1025 2823 V,
1052 2787 1153 2827 Lgi-e.
1180 2788 1231 2820 Cf.
1257 2789 1295 2819 11.
1325 2787 1355 2827 g.
1380 2788 1430 2819 60.
1458 2787 1575 2828 ibique
1600 2785 1884 2827 supplementum
1908 2782 2056 2815 adnota-

291 2837 403 2868 tionis.
430 2853 465 2858 —-
499 2836 550 2867 47.
576 2835 819 2866 Artemidorum
835 2836 1066 2877 ——11ictorem]
1096 2838 1145 2869 sic
1170 2837 1259 2878 Lgffl
1285 2839 1318 2869 et
1341 2837 1369 2867 V
1403 2838 1477 2875 (nisi
1503 2837 1596 2877 quod
1622 2837 1655 2868 in
1679 2835 1733 2867 Illo
1759 2837 1812 2868 est
1833 2838 1870 2867 ut
1893 2834 1940 2866 .T.
1965 2833 2057 2873 lepo-

291 2887 434 2925 demum,
475 2886 508 2917 in
532 2885 600 2916 hoc
622 2884 930 2924 Artemidolorum:
962 2886 1083 2917 Artem.
1110 2887 1207 2919 Corn.
1233 2888 1331 2925 med„
1362 2887 1526 2918 raterium
1545 2895 1761 2927 praeconem,
1790 2885 1874 2925 Tlep.
1895 2884 2057 2924 pictorem

292 2937 335 2972 O;
367 2936 490 2967 Artem.
514 2935 597 2966 med.
626 2936 722 2966 Corn.
749 2934 828 2973 pict.
859 2938 888 2965 et
919 2935 1133 2974 Tlepolemum
1162 2937 1264 2968 codd.
1291 2935 1380 2975 rell.,
1416 2936 1479 2969 sed
1510 2936 1564 2968 alii
1593 2945 1674 2968 cum
1697 2935 1770 2967 aliis
1795 2934 1987 2967 erroribus.
2016 2951 2053 2956 —

292 2985 343 3016 48.
369 2984 589 3016 huiuscemodi
605 2984 654 3014 V:
680 2984 837 3014 eiusmodi
860 2982 1006 3023 Lgtem
1031 2986 1214 3018 huiusmodi
1238 2987 1338 3026 Lagg.
1365 2984 1438 3017 rell.
1467 3003 1503 3009 —-
1530 2986 1581 3017 49.
1606 2985 1696 3026 yreci
1717 2984 1757 3016 V.
1785 3002 1821 3007 —-
1846 2984 1899 3016 20.
1927 2982 2057 3016 Corneli

291 3033 331 3065 V.
360 3050 395 3056 —
426 3034 470 3065 ad
492 3033 554 3074 eos]
587 3033 637 3064 sic
672 3033 777 3064 etiam
799 3032 846 3071 V,
879 3041 948 3064 non
972 3037 1005 3065 at
1029 3044 1091 3067 eos.
1121 3053 1153 3059 -
1193 3035 1245 3067 23.
1271 3036 1388 3066 darent
1412 3035 1450 3066 V.
1480 3053 1514 3058 —
1549 3034 1602 3067 ⁶24.
1628 3033 1862 3074 respondebant
1885 3032 1987 3074 Lgffl.
2015 3049 2052 3055 —

291 3083 318 3113 si
337 3087 435 3122 paret
451 3083 513 3123 Lgl
537 3082 578 3114 29
597 3083 624 3113 V
637 3092 666 3121 φ
685 3083 823 3114 Franc.:
850 3088 981 3122 separet
997 3084 1103 3124 L3423
1130 3086 1156 3116 si
1176 3088 1292 3125 parret
1306 3085 1347 3121 B;
1377 3085 1403 3115 si
1421 3088 1556 3123 pareret
1577 3087 1605 3116 A
1618 3086 1645 3116 N
1659 3085 1684 3116 O
1700 3083 1789 3124 Lg45
1807 3082 1866 3122 48,
1891 3085 1930 3114 ut
1945 3082 2052 3123 §.554

290 3133 317 3163 si
336 3135 466 3172 pateret
488 3131 550 3164 dtt.
580 3149 614 3154 —
641 3132 816 3163 adversum
838 3133 1001 3164 aedictum
1023 3135 1063 3166 V.
1092 3153 1126 3157 —
1154 3144 1220 3175 qua
1241 3143 1277 3166 re
1302 3133 1389 3173 Lgte
1408 3136 1451 3173 N,
1478 3134 1548 3165 alii:
1575 3135 1656 3173 quia
1677 3142 1713 3165 re
1736 3131 1845 3173 Lg293
1871 3131 1905 3162 in
1929 3139 1996 3170 qua
2017 3138 2055 3162 re

290 3182 338 3221 V,
365 3192 431 3222 qua
454 3183 488 3214 in
511 3191 547 3214 re
562 3183 589 3214 A
603 3182 644 3220 B;
671 3183 709 3213 de
732 3192 799 3221 qua
821 3191 857 3214 re
882 3184 972 3215 coni.
991 3184 1118 3221 Maius:
1145 3194 1229 3224 quae
1246 3185 1347 3223 Lagg.
1367 3182 1440 3215 rell.
1461 3185 1485 3215 II
1503 3186 1545 3222 O,
1577 3186 1619 3216 de
1638 3192 1704 3224 qua
1722 3181 1869 3214 lectione
1886 3190 1918 3212 v.
1936 3180 2051 3213 Madv.

291 3231 395 3271 Epist.
420 3233 492 3264 crit.
517 3232 561 3263 ad
585 3231 640 3262 Or.
666 3240 700 3272 p.
727 3233 794 3271 91„
820 3232 878 3272 qui
902 3233 975 3274 ipse
1000 3233 1121 3265 scribit
1144 3243 1210 3273 qua
1233 3233 1293 3265 re?
1316 3242 1347 3264 se
1371 3235 1437 3264 cet.
1477 3233 1609 3273 [scribe
1642 3240 1721 3264 cum
1746 3232 1792 3262 V:
1829 3231 1864 3261 in
1897 3238 1964 3269 qua
1996 3238 2050 3269 re,

292 3279 365 3312 scil.
383 3281 621 3321 Agyrinenses
645 3281 834 3313 adversum
860 3282 1013 3315 edictum
1030 3283 1205 3317 fecissent.
1231 3281 1351 3323 Harii]
1372 3300 1407 3305 —
1433 3291 1465 3315 se
1481 3284 1507 3314 N
1532 3283 1627 3322 [item
1642 3281 1732 3322 Lg29
1749 3280 1803 3320 42,
1829 3282 1867 3312 ut
1880 3277 2049 3318 videturJ:

295 3338 364 3362 om.
382 3331 412 3362 V
436 3332 470 3364 et
492 3330 567 3364 rell.
595 3348 627 3354 —
657 3331 814 3385 iudicium
837 3332 926 3372 Lg29
944 3331 996 3364 45.
