<?xml version="1.0" encoding="UTF-8"?>
<!DOCTYPE html PUBLIC "-//W3C//DTD XHTML 1.0 Transitional//EN"
    "http://www.w3.org/TR/xhtml1/DTD/xhtml1-transitional.dtd">
<html xmlns="http://www.w3.org/1999/xhtml" xml:lang="en" lang="en">
 <head>
  <title>
</title>
<meta http-equiv="Content-Type" content="text/html;charset=utf-8" />
  <meta name='ocr-system' content='tesseract 3.04.00' />
  <meta name='ocr-capabilities' content='ocr_page ocr_carea ocr_par ocr_line ocrx_word'/>
</head>
<body>
  <div class='ocr_page' id='page_1' title='image "./p1operaquaesupersu02ciceuoft_0133.png"; bbox 0 0 2127 3708; ppageno 0'>
   <div class='ocr_carea' id='block_1_1' title="bbox 648 199 1902 255">
    <p class='ocr_par' dir='ltr' id='par_1_1' title="bbox 648 199 1902 255">
     <span class='ocr_line' id='line_1_1' title="bbox 648 199 1902 255; baseline -0.002 -11"><span class='ocrx_word' id='word_1_1' title='bbox 648 202 744 244; x_wconf 65' lang='lat' dir='ltr'>cu.</span> <span class='ocrx_word' id='word_1_2' title='bbox 773 201 1084 242; x_wconf 73' lang='lat' dir='ltr'>xxi-xxti.</span> <span class='ocrx_word' id='word_1_3' title='bbox 1121 199 1195 255; x_wconf 62' lang='lat'>55.</span> <span class='ocrx_word' id='word_1_4' title='bbox 1225 199 1416 242; x_wconf 87' lang='lat'>67—73.</span> <span class='ocrx_word' id='word_1_5' title='bbox 1821 199 1902 243; x_wconf 81' lang='grc'>449</span> 
     </span>
    </p>
   </div>
   <div class='ocr_carea' id='block_1_2' title="bbox 157 311 1960 1172">
    <p class='ocr_par' dir='ltr' id='par_1_2' title="bbox 157 311 1960 1172">
     <span class='ocr_line' id='line_1_2' title="bbox 159 311 1903 368; baseline 0.001 -14"><span class='ocrx_word' id='word_1_6' title='bbox 159 313 286 354; x_wconf 89' lang='lat' dir='ltr'>habet</span> <span class='ocrx_word' id='word_1_7' title='bbox 324 315 506 368; x_wconf 88' lang='lat' dir='ltr'>populus</span> <span class='ocrx_word' id='word_1_8' title='bbox 537 316 770 361; x_wconf 85' lang='lat' dir='ltr'>Romanus,</span> <span class='ocrx_word' id='word_1_9' title='bbox 810 326 916 367; x_wconf 91' lang='lat' dir='ltr'>quos</span> <span class='ocrx_word' id='word_1_10' title='bbox 948 318 995 353; x_wconf 90' lang='lat' dir='ltr'>ut</span> <span class='ocrx_word' id='word_1_11' title='bbox 1023 313 1254 353; x_wconf 88' lang='lat' dir='ltr'>incolumes</span> <span class='ocrx_word' id='word_1_12' title='bbox 1285 325 1552 361; x_wconf 82' lang='lat' dir='ltr'>conservare,</span> <span class='ocrx_word' id='word_1_13' title='bbox 1590 315 1717 362; x_wconf 88' lang='lat' dir='ltr'>tueri,</span> <span class='ocrx_word' id='word_1_14' title='bbox 1757 311 1903 355; x_wconf 87' lang='lat' dir='ltr'>confir-</span> 
     </span>
     <span class='ocr_line' id='line_1_3' title="bbox 160 374 1905 430; baseline 0.001 -14"><span class='ocrx_word' id='word_1_15' title='bbox 160 388 273 416; x_wconf 87' lang='lat' dir='ltr'>mare</span> <span class='ocrx_word' id='word_1_16' title='bbox 302 389 350 416; x_wconf 87' lang='lat' dir='ltr'>ac</span> <span class='ocrx_word' id='word_1_17' title='bbox 379 389 624 430; x_wconf 90' lang='lat' dir='ltr'>recuperare</span> <span class='ocrx_word' id='word_1_18' title='bbox 655 376 884 429; x_wconf 90' lang='lat' dir='ltr'>possimus,</span> <span class='ocrx_word' id='word_1_19' title='bbox 916 375 1027 414; x_wconf 92' lang='lat' dir='ltr'>omni</span> <span class='ocrx_word' id='word_1_20' title='bbox 1057 375 1216 414; x_wconf 89' lang='lat' dir='ltr'>ratione</span> <span class='ocrx_word' id='word_1_21' title='bbox 1237 375 1315 414; x_wconf 90' lang='lat' dir='ltr'>erit</span> <span class='ocrx_word' id='word_1_22' title='bbox 1335 374 1630 414; x_wconf 90' lang='lat' dir='ltr'>dimicandum.</span> <span class='ocrx_word' id='word_1_23' title='bbox 1667 377 1802 416; x_wconf 85' lang='lat' dir='ltr'><strong>Habet</strong></span> <span class='ocrx_word' id='word_1_24' title='bbox 1828 377 1905 417; x_wconf 90' lang='lat' dir='ltr'>ho-</span> 
     </span>
     <span class='ocr_line' id='line_1_4' title="bbox 159 437 1904 492; baseline 0 -14"><span class='ocrx_word' id='word_1_25' title='bbox 159 450 324 486; x_wconf 86' lang='lat' dir='ltr'><strong>norem,</strong></span> <span class='ocrx_word' id='word_1_26' title='bbox 367 452 490 492; x_wconf 88' lang='lat' dir='ltr'>quem</span> <span class='ocrx_word' id='word_1_27' title='bbox 519 438 721 491; x_wconf 81' lang='lat' dir='ltr'>petimus3</span> <span class='ocrx_word' id='word_1_28' title='bbox 759 437 885 477; x_wconf 91' lang='lat' dir='ltr'>habet</span> <span class='ocrx_word' id='word_1_29' title='bbox 914 450 1051 490; x_wconf 88' lang='lat' dir='ltr'>spem,</span> <span class='ocrx_word' id='word_1_30' title='bbox 1091 449 1215 490; x_wconf 90' lang='lat' dir='ltr'>quam</span> <span class='ocrx_word' id='word_1_31' title='bbox 1246 437 1503 489; x_wconf 85' lang='lat' dir='ltr'>propositam</span> <span class='ocrx_word' id='word_1_32' title='bbox 1532 437 1651 476; x_wconf 91' lang='lat' dir='ltr'>nobis</span> <span class='ocrx_word' id='word_1_33' title='bbox 1680 438 1904 486; x_wconf 90' lang='lat' dir='ltr'>habemus;</span> 
     </span>
     <span class='ocr_line' id='line_1_5' title="bbox 157 497 1903 551; baseline 0.001 -12"><span class='ocrx_word' id='word_1_34' title='bbox 157 499 285 539; x_wconf 90' lang='lat' dir='ltr'>habet</span> <span class='ocrx_word' id='word_1_35' title='bbox 314 499 682 546; x_wconf 81' lang='lat' dir='ltr'>existimationem,</span> <span class='ocrx_word' id='word_1_36' title='bbox 713 500 843 539; x_wconf 91' lang='lat' dir='ltr'>multo</span> <span class='ocrx_word' id='word_1_37' title='bbox 875 499 1050 546; x_wconf 92' lang='lat' dir='ltr'>sudore,</span> <span class='ocrx_word' id='word_1_38' title='bbox 1081 497 1223 538; x_wconf 88' lang='lat' dir='ltr'>labore</span> <span class='ocrx_word' id='word_1_39' title='bbox 1245 498 1483 551; x_wconf 75' lang='lat' dir='ltr'>vigiliisque</span> <span class='ocrx_word' id='word_1_40' title='bbox 1504 498 1743 538; x_wconf 82' lang='lat' dir='ltr'>collectam:</span> <span class='ocrx_word' id='word_1_41' title='bbox 1774 506 1837 547; x_wconf 90' lang='lat' dir='ltr'>ut,</span> <span class='ocrx_word' id='word_1_42' title='bbox 1870 501 1903 540; x_wconf 94' lang='lat' dir='ltr'>si</span> 
     </span>
     <span class='ocr_line' id='line_1_6' title="bbox 157 559 1955 615; baseline 0.002 -15"><span class='ocrx_word' id='word_1_43' title='bbox 157 561 201 600; x_wconf 91' lang='lat' dir='ltr'>in</span> <span class='ocrx_word' id='word_1_44' title='bbox 230 561 308 601; x_wconf 88' lang='lat' dir='ltr'>hac</span> <span class='ocrx_word' id='word_1_45' title='bbox 338 574 463 601; x_wconf 90' lang='lat' dir='ltr'>causa</span> <span class='ocrx_word' id='word_1_46' title='bbox 491 566 679 601; x_wconf 91' lang='lat' dir='ltr'>nostrum</span> <span class='ocrx_word' id='word_1_47' title='bbox 710 559 892 601; x_wconf 82' lang='lat' dir='ltr'>officium</span> <span class='ocrx_word' id='word_1_48' title='bbox 922 574 969 601; x_wconf 89' lang='lat' dir='ltr'>ac</span> <span class='ocrx_word' id='word_1_49' title='bbox 1000 560 1256 613; x_wconf 81' lang='lat' dir='ltr'>diligentiam</span> <span class='ocrx_word' id='word_1_50' title='bbox 1278 560 1611 613; x_wconf 86' lang='lat' dir='ltr'>probaverimus,</span> <span class='ocrx_word' id='word_1_51' title='bbox 1641 560 1765 608; x_wconf 89' lang='lat' dir='ltr'>haec,</span> <span class='ocrx_word' id='word_1_52' title='bbox 1797 574 1904 615; x_wconf 88' lang='lat' dir='ltr'>quae</span> <span class='ocrx_word' id='word_1_53' title='bbox 1936 575 1955 604; x_wconf 83' lang='grc'><strong>5</strong></span> 
     </span>
     <span class='ocr_line' id='line_1_7' title="bbox 161 622 1907 676; baseline 0.001 -15"><span class='ocrx_word' id='word_1_54' title='bbox 161 622 272 670; x_wconf 83' lang='lat' dir='ltr'>dixi,</span> <span class='ocrx_word' id='word_1_55' title='bbox 302 623 481 663; x_wconf 90' lang='lat' dir='ltr'>retinere</span> <span class='ocrx_word' id='word_1_56' title='bbox 516 635 592 676; x_wconf 91' lang='lat' dir='ltr'>per</span> <span class='ocrx_word' id='word_1_57' title='bbox 630 623 835 676; x_wconf 91' lang='lat' dir='ltr'>populum</span> <span class='ocrx_word' id='word_1_58' title='bbox 864 624 1096 662; x_wconf 87' lang='lat' dir='ltr'>Romanum</span> <span class='ocrx_word' id='word_1_59' title='bbox 1128 622 1352 662; x_wconf 87' lang='lat' dir='ltr'>incolumia</span> <span class='ocrx_word' id='word_1_60' title='bbox 1381 635 1428 663; x_wconf 90' lang='lat' dir='ltr'>ac</span> <span class='ocrx_word' id='word_1_61' title='bbox 1459 623 1573 663; x_wconf 90' lang='lat' dir='ltr'>salva</span> <span class='ocrx_word' id='word_1_62' title='bbox 1601 623 1832 676; x_wconf 90' lang='lat' dir='ltr'>possimus;</span> <span class='ocrx_word' id='word_1_63' title='bbox 1872 624 1907 662; x_wconf 90' lang='lat' dir='ltr'>si</span> 
     </span>
     <span class='ocr_line' id='line_1_8' title="bbox 160 684 1908 738; baseline -0.001 -14"><span class='ocrx_word' id='word_1_64' title='bbox 160 685 364 724; x_wconf 90' lang='lat' dir='ltr'>tantulum</span> <span class='ocrx_word' id='word_1_65' title='bbox 395 685 599 724; x_wconf 83' lang='lat' dir='ltr'>offensum</span> <span class='ocrx_word' id='word_1_66' title='bbox 630 685 936 738; x_wconf 86' lang='lat' dir='ltr'>titubatumque</span> <span class='ocrx_word' id='word_1_67' title='bbox 967 684 1038 730; x_wconf 90' lang='lat' dir='ltr'>sit,</span> <span class='ocrx_word' id='word_1_68' title='bbox 1075 688 1122 723; x_wconf 88' lang='lat' dir='ltr'>ut</span> <span class='ocrx_word' id='word_1_69' title='bbox 1152 696 1222 731; x_wconf 88' lang='lat' dir='ltr'>ea,</span> <span class='ocrx_word' id='word_1_70' title='bbox 1254 697 1362 738; x_wconf 89' lang='lat' dir='ltr'>quae</span> <span class='ocrx_word' id='word_1_71' title='bbox 1392 684 1632 738; x_wconf 86' lang='lat' dir='ltr'>singillatim</span> <span class='ocrx_word' id='word_1_72' title='bbox 1663 698 1710 726; x_wconf 91' lang='lat' dir='ltr'>ac</span> <span class='ocrx_word' id='word_1_73' title='bbox 1732 684 1802 724; x_wconf 92' lang='lat' dir='ltr'>diu</span> <span class='ocrx_word' id='word_1_74' title='bbox 1824 684 1908 724; x_wconf 92' lang='lat' dir='ltr'>col-</span> 
     </span>
     <span class='ocr_line' id='line_1_9' title="bbox 158 744 1908 800; baseline 0 -15"><span class='ocrx_word' id='word_1_75' title='bbox 158 745 266 785; x_wconf 90' lang='lat' dir='ltr'>lecta</span> <span class='ocrx_word' id='word_1_76' title='bbox 304 751 419 794; x_wconf 90' lang='lat' dir='ltr'>sunt,</span> <span class='ocrx_word' id='word_1_77' title='bbox 459 759 544 786; x_wconf 93' lang='lat' dir='ltr'>uno</span> <span class='ocrx_word' id='word_1_78' title='bbox 575 751 761 800; x_wconf 87' lang='lat' dir='ltr'>tempore</span> <span class='ocrx_word' id='word_1_79' title='bbox 790 747 985 786; x_wconf 89' lang='lat' dir='ltr'>universa</span> <span class='ocrx_word' id='word_1_80' title='bbox 1013 744 1251 798; x_wconf 88' lang='lat' dir='ltr'>perdamus.</span> <span class='ocrx_word' id='word_1_81' title='bbox 1310 745 1376 786; x_wconf 83' lang='lat'>73.</span> <span class='ocrx_word' id='word_1_82' title='bbox 1409 746 1695 800; x_wconf 87' lang='lat' dir='ltr'>Quapropter,</span> <span class='ocrx_word' id='word_1_83' title='bbox 1733 746 1908 793; x_wconf 91' lang='lat' dir='ltr'>iudices,</span> 
     </span>
     <span class='ocr_line' id='line_1_10' title="bbox 158 807 1909 863; baseline 0.001 -17"><span class='ocrx_word' id='word_1_84' title='bbox 158 812 341 847; x_wconf 84' lang='lat' dir='ltr'>vestrum</span> <span class='ocrx_word' id='word_1_85' title='bbox 373 814 436 848; x_wconf 89' lang='lat' dir='ltr'>est</span> <span class='ocrx_word' id='word_1_86' title='bbox 464 808 664 861; x_wconf 88' lang='lat' dir='ltr'>deligere,</span> <span class='ocrx_word' id='word_1_87' title='bbox 696 821 820 862; x_wconf 90' lang='lat' dir='ltr'>quem</span> <span class='ocrx_word' id='word_1_88' title='bbox 842 808 1086 848; x_wconf 80' lang='lat' dir='ltr'>existimetis</span> <span class='ocrx_word' id='word_1_89' title='bbox 1106 807 1298 848; x_wconf 82' lang='lat' dir='ltr'>facillime</span> <span class='ocrx_word' id='word_1_90' title='bbox 1319 821 1444 862; x_wconf 90' lang='lat' dir='ltr'>posse</span> <span class='ocrx_word' id='word_1_91' title='bbox 1465 809 1792 863; x_wconf 89' lang='lat' dir='ltr'>magnitudinem</span> <span class='ocrx_word' id='word_1_92' title='bbox 1813 821 1909 848; x_wconf 90' lang='lat' dir='ltr'>cau-</span> 
     </span>
     <span class='ocr_line' id='line_1_11' title="bbox 159 868 1960 922; baseline 0.004 -14"><span class='ocrx_word' id='word_1_93' title='bbox 159 881 229 908; x_wconf 89' lang='lat' dir='ltr'>sae</span> <span class='ocrx_word' id='word_1_94' title='bbox 267 881 314 908; x_wconf 87' lang='lat' dir='ltr'>ac</span> <span class='ocrx_word' id='word_1_95' title='bbox 352 869 494 910; x_wconf 89' lang='lat' dir='ltr'>iudicii</span> <span class='ocrx_word' id='word_1_96' title='bbox 534 871 740 910; x_wconf 83' lang='lat' dir='ltr'>sustinere</span> <span class='ocrx_word' id='word_1_97' title='bbox 782 868 883 918; x_wconf 89' lang='lat' dir='ltr'>fide,</span> <span class='ocrx_word' id='word_1_98' title='bbox 923 869 1157 922; x_wconf 86' lang='lat' dir='ltr'>diligentia,</span> <span class='ocrx_word' id='word_1_99' title='bbox 1199 871 1394 919; x_wconf 86' lang='lat' dir='ltr'>consilio,</span> <span class='ocrx_word' id='word_1_100' title='bbox 1435 873 1691 912; x_wconf 90' lang='lat' dir='ltr'>auctoritate.</span> <span class='ocrx_word' id='word_1_101' title='bbox 1749 871 1834 911; x_wconf 92' lang='lat' dir='ltr'>Vos</span> <span class='ocrx_word' id='word_1_102' title='bbox 1875 871 1960 915; x_wconf 88' lang='grc'><strong>5140</strong></span> 
     </span>
     <span class='ocr_line' id='line_1_12' title="bbox 159 930 1909 986; baseline 0.002 -17"><span class='ocrx_word' id='word_1_103' title='bbox 159 930 259 970; x_wconf 90' lang='lat' dir='ltr'>mibi</span> <span class='ocrx_word' id='word_1_104' title='bbox 290 930 339 978; x_wconf 89' lang='lat' dir='ltr'>Q.</span> <span class='ocrx_word' id='word_1_105' title='bbox 373 931 595 972; x_wconf 84' lang='lat' dir='ltr'>Caecilium</span> <span class='ocrx_word' id='word_1_106' title='bbox 626 932 967 985; x_wconf 87' lang='lat' dir='ltr'>anteposueritis,</span> <span class='ocrx_word' id='word_1_107' title='bbox 999 944 1074 984; x_wconf 89' lang='lat' dir='ltr'>ego</span> <span class='ocrx_word' id='word_1_108' title='bbox 1105 944 1169 970; x_wconf 93' lang='lat' dir='ltr'>me</span> <span class='ocrx_word' id='word_1_109' title='bbox 1203 932 1398 985; x_wconf 84' lang='lat' dir='ltr'>dignitate</span> <span class='ocrx_word' id='word_1_110' title='bbox 1429 939 1668 986; x_wconf 89' lang='lat' dir='ltr'>superatum</span> <span class='ocrx_word' id='word_1_111' title='bbox 1688 947 1773 974; x_wconf 93' lang='lat' dir='ltr'>non</span> <span class='ocrx_word' id='word_1_112' title='bbox 1804 932 1909 973; x_wconf 90' lang='lat' dir='ltr'>arbi-</span> 
     </span>
     <span class='ocr_line' id='line_1_13' title="bbox 159 992 1910 1049; baseline 0.003 -18"><span class='ocrx_word' id='word_1_113' title='bbox 159 992 318 1032; x_wconf 86' lang='lat' dir='ltr'>trabor:</span> <span class='ocrx_word' id='word_1_114' title='bbox 357 994 538 1047; x_wconf 90' lang='lat' dir='ltr'>populus</span> <span class='ocrx_word' id='word_1_115' title='bbox 576 996 784 1034; x_wconf 91' lang='lat' dir='ltr'>Romanus</span> <span class='ocrx_word' id='word_1_116' title='bbox 822 1007 875 1033; x_wconf 92' lang='lat' dir='ltr'>ne</span> <span class='ocrx_word' id='word_1_117' title='bbox 913 999 996 1033; x_wconf 89' lang='lat' dir='ltr'>tam</span> <span class='ocrx_word' id='word_1_118' title='bbox 1033 992 1276 1042; x_wconf 88' lang='lat' dir='ltr'>honestam,</span> <span class='ocrx_word' id='word_1_119' title='bbox 1317 1000 1400 1035; x_wconf 90' lang='lat' dir='ltr'>tam</span> <span class='ocrx_word' id='word_1_120' title='bbox 1431 1009 1618 1036; x_wconf 88' lang='lat' dir='ltr'>severam</span> <span class='ocrx_word' id='word_1_121' title='bbox 1650 995 1910 1049; x_wconf 85' lang='lat' dir='ltr'>diligentem-</span> 
     </span>
     <span class='ocr_line' id='line_1_14' title="bbox 159 1055 1910 1111; baseline 0.002 -17"><span class='ocrx_word' id='word_1_122' title='bbox 159 1067 240 1108; x_wconf 91' lang='lat' dir='ltr'>que</span> <span class='ocrx_word' id='word_1_123' title='bbox 271 1056 578 1096; x_wconf 88' lang='lat' dir='ltr'>accusationem</span> <span class='ocrx_word' id='word_1_124' title='bbox 609 1069 746 1111; x_wconf 89' lang='lat' dir='ltr'>neque</span> <span class='ocrx_word' id='word_1_125' title='bbox 777 1056 893 1097; x_wconf 79' lang='lat' dir='ltr'>vobis</span> <span class='ocrx_word' id='word_1_126' title='bbox 922 1055 1130 1108; x_wconf 88' lang='lat' dir='ltr'>placuisse</span> <span class='ocrx_word' id='word_1_127' title='bbox 1160 1069 1298 1111; x_wconf 89' lang='lat' dir='ltr'>neque</span> <span class='ocrx_word' id='word_1_128' title='bbox 1329 1058 1463 1099; x_wconf 90' lang='lat' dir='ltr'>ordini</span> <span class='ocrx_word' id='word_1_129' title='bbox 1483 1064 1620 1100; x_wconf 87' lang='lat' dir='ltr'>vestro</span> <span class='ocrx_word' id='word_1_130' title='bbox 1650 1058 1816 1111; x_wconf 90' lang='lat' dir='ltr'>placere</span> <span class='ocrx_word' id='word_1_131' title='bbox 1846 1070 1910 1098; x_wconf 90' lang='lat' dir='ltr'>ar-</span> 
     </span>
     <span class='ocr_line' id='line_1_15' title="bbox 157 1116 609 1172; baseline 0.002 -15"><span class='ocrx_word' id='word_1_132' title='bbox 157 1116 353 1166; x_wconf 90' lang='lat' dir='ltr'>bitretur,</span> <span class='ocrx_word' id='word_1_133' title='bbox 382 1118 609 1172; x_wconf 89' lang='lat' dir='ltr'>providete.</span> 
     </span>
    </p>
   </div>
   <div class='ocr_carea' id='block_1_3' title="bbox 837 1383 1223 1502">
    <p class='ocr_par' dir='ltr' id='par_1_3' title="bbox 837 1383 1223 1502">
     <span class='ocr_line' id='line_1_16' title="bbox 837 1383 1223 1425; baseline 0.003 -1"><span class='ocrx_word' id='word_1_134' title='bbox 837 1383 1223 1425; x_wconf 89' lang='lat' dir='ltr'><strong>ACCUSATIONIS</strong></span> 
     </span>
     <span class='ocr_line' id='line_1_17' title="bbox 1012 1474 1050 1502; baseline 0 0"><span class='ocrx_word' id='word_1_135' title='bbox 1012 1474 1050 1502; x_wconf 70' lang='grc' dir='ltr'>ΙΝ</span> 
     </span>
    </p>
   </div>
   <div class='ocr_carea' id='block_1_4' title="bbox 641 1566 1428 1618">
    <p class='ocr_par' dir='ltr' id='par_1_4' title="bbox 641 1566 1428 1618">
     <span class='ocr_line' id='line_1_18' title="bbox 641 1566 1428 1618; baseline 0.001 -1"><span class='ocrx_word' id='word_1_136' title='bbox 641 1567 712 1617; x_wconf 83' lang='lat' dir='ltr'>C.</span> <span class='ocrx_word' id='word_1_137' title='bbox 802 1566 1428 1618; x_wconf 82' lang='lat' dir='ltr'><strong>VERREM</strong></span> 
     </span>
    </p>
   </div>
   <div class='ocr_carea' id='block_1_5' title="bbox 891 1684 1182 1717">
    <p class='ocr_par' dir='ltr' id='par_1_5' title="bbox 891 1684 1182 1717">
     <span class='ocr_line' id='line_1_19' title="bbox 891 1684 1182 1717; baseline -0.007 0"><span class='ocrx_word' id='word_1_138' title='bbox 891 1685 1016 1717; x_wconf 82' lang='lat' dir='ltr'>ACTIO</span> <span class='ocrx_word' id='word_1_139' title='bbox 1040 1684 1182 1717; x_wconf 82' lang='lat' dir='ltr'>PRIMA.</span> 
     </span>
    </p>
   </div>
   <div class='ocr_carea' id='block_1_6' title="bbox 923 1792 1147 1798">
    <p class='ocr_par' dir='ltr' id='par_1_6' title="bbox 923 1792 1147 1798">
     <span class='ocr_line' id='line_1_20' title="bbox 923 1792 1147 1798; baseline 0 0"><span class='ocrx_word' id='word_1_140' title='bbox 923 1792 1147 1798; x_wconf 95' lang='lat' dir='ltr'> </span> 
     </span>
    </p>
   </div>
   <div class='ocr_carea' id='block_1_7' title="bbox 156 1875 1916 2068">
    <p class='ocr_par' dir='ltr' id='par_1_7' title="bbox 156 1875 1916 2068">
     <span class='ocr_line' id='line_1_21' title="bbox 244 1875 1916 1920; baseline -0.002 -9"><span class='ocrx_word' id='word_1_141' title='bbox 244 1879 337 1911; x_wconf 85' lang='lat' dir='ltr'>Haec</span> <span class='ocrx_word' id='word_1_142' title='bbox 362 1879 470 1910; x_wconf 80' lang='lat' dir='ltr'>oratio</span> <span class='ocrx_word' id='word_1_143' title='bbox 494 1878 619 1911; x_wconf 88' lang='lat' dir='ltr'>iisdem</span> <span class='ocrx_word' id='word_1_144' title='bbox 644 1878 841 1917; x_wconf 83' lang='lat' dir='ltr'>codicibus,</span> <span class='ocrx_word' id='word_1_145' title='bbox 869 1878 996 1920; x_wconf 87' lang='lat' dir='ltr'>quibus</span> <span class='ocrx_word' id='word_1_146' title='bbox 1020 1878 1190 1910; x_wconf 73' lang='lat' dir='ltr'>Divinatio</span> <span class='ocrx_word' id='word_1_147' title='bbox 1215 1878 1249 1909; x_wconf 88' lang='lat' dir='ltr'>in</span> <span class='ocrx_word' id='word_1_148' title='bbox 1273 1875 1481 1915; x_wconf 87' lang='lat' dir='ltr'>Caecilium,</span> <span class='ocrx_word' id='word_1_149' title='bbox 1508 1876 1716 1908; x_wconf 86' lang='lat' dir='ltr'>continetur.</span> <span class='ocrx_word' id='word_1_150' title='bbox 1746 1876 1916 1908; x_wconf 86' lang='lat' dir='ltr'>Parisien-</span> 
     </span>
     <span class='ocr_line' id='line_1_22' title="bbox 157 1924 1915 1961; baseline -0.001 -1"><span class='ocrx_word' id='word_1_151' title='bbox 157 1929 203 1961; x_wconf 89' lang='lat' dir='ltr'>sis</span> <span class='ocrx_word' id='word_1_152' title='bbox 234 1929 261 1960; x_wconf 96' lang='lat' dir='ltr'>D</span> <span class='ocrx_word' id='word_1_153' title='bbox 292 1930 409 1960; x_wconf 86' lang='lat' dir='ltr'>tamen</span> <span class='ocrx_word' id='word_1_154' title='bbox 443 1928 486 1959; x_wconf 91' lang='lat' dir='ltr'>ad</span> <span class='ocrx_word' id='word_1_155' title='bbox 520 1929 617 1960; x_wconf 84' lang='lat' dir='ltr'>hanc·</span> <span class='ocrx_word' id='word_1_156' title='bbox 645 1929 839 1960; x_wconf 85' lang='lat' dir='ltr'>orationem</span> <span class='ocrx_word' id='word_1_157' title='bbox 869 1931 902 1960; x_wconf 91' lang='lat' dir='ltr'>et</span> <span class='ocrx_word' id='word_1_158' title='bbox 935 1928 979 1959; x_wconf 88' lang='lat' dir='ltr'>ad</span> <span class='ocrx_word' id='word_1_159' title='bbox 1002 1929 1154 1960; x_wconf 79' lang='lat' dir='ltr'>Actionis</span> <span class='ocrx_word' id='word_1_160' title='bbox 1178 1927 1356 1959; x_wconf 84' lang='lat' dir='ltr'>secundae</span> <span class='ocrx_word' id='word_1_161' title='bbox 1380 1926 1487 1958; x_wconf 92' lang='lat' dir='ltr'>libros</span> <span class='ocrx_word' id='word_1_162' title='bbox 1511 1934 1582 1957; x_wconf 91' lang='lat' dir='ltr'>non</span> <span class='ocrx_word' id='word_1_163' title='bbox 1606 1926 1658 1958; x_wconf 85' lang='lat' dir='ltr'>est</span> <span class='ocrx_word' id='word_1_164' title='bbox 1682 1924 1826 1958; x_wconf 90' lang='lat' dir='ltr'>collatus</span> <span class='ocrx_word' id='word_1_165' title='bbox 1849 1927 1915 1959; x_wconf 88' lang='lat' dir='ltr'>nisi</span> 
     </span>
     <span class='ocr_line' id='line_1_23' title="bbox 156 1975 1913 2019; baseline -0.001 -10"><span class='ocrx_word' id='word_1_166' title='bbox 156 1978 276 2019; x_wconf 86' lang='lat' dir='ltr'>paucis</span> <span class='ocrx_word' id='word_1_167' title='bbox 299 1977 395 2009; x_wconf 87' lang='lat' dir='ltr'>locis.</span> <span class='ocrx_word' id='word_1_168' title='bbox 435 1977 625 2018; x_wconf 79' lang='lat' dir='ltr'>Aliquoties</span> <span class='ocrx_word' id='word_1_169' title='bbox 650 1977 742 2019; x_wconf 84' lang='lat' dir='ltr'>apud</span> <span class='ocrx_word' id='word_1_170' title='bbox 762 1978 960 2019; x_wconf 89' lang='lat' dir='ltr'>Zumptium</span> <span class='ocrx_word' id='word_1_171' title='bbox 984 1979 1143 2010; x_wconf 82' lang='lat' dir='ltr'>enotatae</span> <span class='ocrx_word' id='word_1_172' title='bbox 1168 1979 1248 2010; x_wconf 88' lang='lat' dir='ltr'>sunt</span> <span class='ocrx_word' id='word_1_173' title='bbox 1269 1977 1386 2008; x_wconf 71' lang='lat' dir='ltr'>variae</span> <span class='ocrx_word' id='word_1_174' title='bbox 1411 1976 1607 2017; x_wconf 85' lang='lat' dir='ltr'>scripturae</span> <span class='ocrx_word' id='word_1_175' title='bbox 1632 1985 1674 2008; x_wconf 77' lang='lat' dir='ltr'>ex</span> <span class='ocrx_word' id='word_1_176' title='bbox 1697 1975 1799 2008; x_wconf 84' lang='lat' dir='ltr'>codd.</span> <span class='ocrx_word' id='word_1_177' title='bbox 1816 1977 1913 2008; x_wconf 90' lang='lat' dir='ltr'>Parr.</span> 
     </span>
     <span class='ocr_line' id='line_1_24' title="bbox 157 2026 747 2068; baseline 0.002 -10"><span class='ocrx_word' id='word_1_178' title='bbox 157 2036 210 2059; x_wconf 86' lang='lat' dir='ltr'>nr.</span> <span class='ocrx_word' id='word_1_179' title='bbox 237 2027 334 2058; x_wconf 87' lang='lat'><strong>7776.</strong></span> <span class='ocrx_word' id='word_1_180' title='bbox 361 2026 414 2068; x_wconf 87' lang='lat' dir='ltr'>(B)</span> <span class='ocrx_word' id='word_1_181' title='bbox 439 2028 473 2058; x_wconf 89' lang='lat' dir='ltr'>et</span> <span class='ocrx_word' id='word_1_182' title='bbox 496 2036 548 2059; x_wconf 91' lang='lat' dir='ltr'>nr.</span> <span class='ocrx_word' id='word_1_183' title='bbox 575 2028 670 2059; x_wconf 79' lang='lat'>7786.</span> <span class='ocrx_word' id='word_1_184' title='bbox 697 2027 747 2068; x_wconf 88' lang='lat' dir='ltr'>(C)</span> 
     </span>
    </p>
   </div>
   <div class='ocr_carea' id='block_1_8' title="bbox 155 2106 1965 2539">
    <p class='ocr_par' dir='ltr' id='par_1_8' title="bbox 155 2106 1965 2539">
     <span class='ocr_line' id='line_1_25' title="bbox 266 2106 1965 2164; baseline 0.001 -15"><span class='ocrx_word' id='word_1_185' title='bbox 266 2110 297 2149; x_wconf 94' lang='lat' dir='ltr'>I.</span> <span class='ocrx_word' id='word_1_186' title='bbox 329 2106 366 2149; x_wconf 85' lang='lat' dir='ltr'>ll.</span> <span class='ocrx_word' id='word_1_187' title='bbox 400 2108 523 2158; x_wconf 86' lang='lat' dir='ltr'>Quod</span> <span class='ocrx_word' id='word_1_188' title='bbox 555 2115 640 2149; x_wconf 89' lang='lat' dir='ltr'>erat</span> <span class='ocrx_word' id='word_1_189' title='bbox 671 2110 900 2162; x_wconf 86' lang='lat' dir='ltr'>optandum</span> <span class='ocrx_word' id='word_1_190' title='bbox 929 2111 1131 2159; x_wconf 75' lang='lat' dir='ltr'>maxime,</span> <span class='ocrx_word' id='word_1_191' title='bbox 1161 2110 1340 2157; x_wconf 89' lang='lat' dir='ltr'>iudices,</span> <span class='ocrx_word' id='word_1_192' title='bbox 1373 2116 1413 2150; x_wconf 90' lang='lat' dir='ltr'>et</span> <span class='ocrx_word' id='word_1_193' title='bbox 1444 2109 1558 2164; x_wconf 90' lang='lat' dir='ltr'>quod</span> <span class='ocrx_word' id='word_1_194' title='bbox 1577 2123 1708 2149; x_wconf 92' lang='lat' dir='ltr'>unum</span> <span class='ocrx_word' id='word_1_195' title='bbox 1728 2109 1780 2150; x_wconf 92' lang='lat' dir='ltr'>ad</span> <span class='ocrx_word' id='word_1_196' title='bbox 1810 2110 1965 2155; x_wconf 67' lang='lat' dir='ltr'>invi-45</span> 
     </span>
     <span class='ocr_line' id='line_1_26' title="bbox 156 2171 1914 2226; baseline -0.002 -12"><span class='ocrx_word' id='word_1_197' title='bbox 156 2174 265 2214; x_wconf 90' lang='lat' dir='ltr'>diam</span> <span class='ocrx_word' id='word_1_198' title='bbox 294 2172 421 2213; x_wconf 85' lang='lat' dir='ltr'>vestri</span> <span class='ocrx_word' id='word_1_199' title='bbox 451 2171 607 2211; x_wconf 92' lang='lat' dir='ltr'>ordinis</span> <span class='ocrx_word' id='word_1_200' title='bbox 637 2171 932 2226; x_wconf 89' lang='lat' dir='ltr'>infamiamque</span> <span class='ocrx_word' id='word_1_201' title='bbox 954 2173 1200 2213; x_wconf 88' lang='lat' dir='ltr'>iudiciorum</span> <span class='ocrx_word' id='word_1_202' title='bbox 1222 2171 1448 2212; x_wconf 90' lang='lat' dir='ltr'>sedandam</span> <span class='ocrx_word' id='word_1_203' title='bbox 1469 2172 1648 2212; x_wconf 71' lang='lat' dir='ltr'>maxime</span> <span class='ocrx_word' id='word_1_204' title='bbox 1668 2172 1914 2224; x_wconf 88' lang='lat' dir='ltr'>pertinebat,</span> 
     </span>
     <span class='ocr_line' id='line_1_27' title="bbox 155 2233 1914 2288; baseline -0.002 -12"><span class='ocrx_word' id='word_1_205' title='bbox 155 2235 198 2276; x_wconf 89' lang='lat' dir='ltr'>id</span> <span class='ocrx_word' id='word_1_206' title='bbox 227 2248 312 2275; x_wconf 92' lang='lat' dir='ltr'>non</span> <span class='ocrx_word' id='word_1_207' title='bbox 341 2233 525 2273; x_wconf 90' lang='lat' dir='ltr'>humano</span> <span class='ocrx_word' id='word_1_208' title='bbox 557 2234 753 2282; x_wconf 91' lang='lat' dir='ltr'>consilio,</span> <span class='ocrx_word' id='word_1_209' title='bbox 784 2234 857 2274; x_wconf 90' lang='lat' dir='ltr'>sed</span> <span class='ocrx_word' id='word_1_210' title='bbox 887 2249 1018 2288; x_wconf 92' lang='lat' dir='ltr'>prope</span> <span class='ocrx_word' id='word_1_211' title='bbox 1050 2236 1244 2275; x_wconf 79' lang='lat' dir='ltr'>divinitus</span> <span class='ocrx_word' id='word_1_212' title='bbox 1276 2234 1418 2274; x_wconf 92' lang='lat' dir='ltr'>datum</span> <span class='ocrx_word' id='word_1_213' title='bbox 1445 2240 1571 2288; x_wconf 91' lang='lat' dir='ltr'>atque</span> <span class='ocrx_word' id='word_1_214' title='bbox 1593 2234 1777 2273; x_wconf 90' lang='lat' dir='ltr'>oblatum</span> <span class='ocrx_word' id='word_1_215' title='bbox 1796 2234 1914 2274; x_wconf 89' lang='lat' dir='ltr'>vobis</span> 
     </span>
     <span class='ocr_line' id='line_1_28' title="bbox 156 2296 1915 2351; baseline -0.002 -13"><span class='ocrx_word' id='word_1_216' title='bbox 156 2310 317 2338; x_wconf 92' lang='lat' dir='ltr'>summo</span> <span class='ocrx_word' id='word_1_217' title='bbox 347 2296 407 2336; x_wconf 88' lang='lat' dir='ltr'>rei</span> <span class='ocrx_word' id='word_1_218' title='bbox 435 2296 626 2350; x_wconf 90' lang='lat' dir='ltr'>publicae</span> <span class='ocrx_word' id='word_1_219' title='bbox 656 2302 843 2351; x_wconf 89' lang='lat' dir='ltr'>tempore</span> <span class='ocrx_word' id='word_1_220' title='bbox 874 2298 1049 2338; x_wconf 83' lang='lat' dir='ltr'>videtur.</span> <span class='ocrx_word' id='word_1_221' title='bbox 1108 2298 1357 2338; x_wconf 70' lang='lat' dir='ltr'>Inveteravit</span> <span class='ocrx_word' id='word_1_222' title='bbox 1388 2296 1498 2336; x_wconf 91' lang='lat' dir='ltr'>enim</span> <span class='ocrx_word' id='word_1_223' title='bbox 1536 2296 1618 2336; x_wconf 91' lang='lat' dir='ltr'>iam</span> <span class='ocrx_word' id='word_1_224' title='bbox 1649 2296 1790 2349; x_wconf 91' lang='lat' dir='ltr'>opinio</span> <span class='ocrx_word' id='word_1_225' title='bbox 1821 2309 1915 2349; x_wconf 91' lang='lat' dir='ltr'>per-</span> 
     </span>
     <span class='ocr_line' id='line_1_29' title="bbox 156 2358 1916 2414; baseline 0 -16"><span class='ocrx_word' id='word_1_226' title='bbox 156 2358 314 2398; x_wconf 88' lang='lat' dir='ltr'>niciosa</span> <span class='ocrx_word' id='word_1_227' title='bbox 353 2359 413 2398; x_wconf 89' lang='lat' dir='ltr'>rei</span> <span class='ocrx_word' id='word_1_228' title='bbox 448 2359 639 2412; x_wconf 90' lang='lat' dir='ltr'>publicae</span> <span class='ocrx_word' id='word_1_229' title='bbox 680 2360 882 2414; x_wconf 80' lang='lat' dir='ltr'>vobisque</span> <span class='ocrx_word' id='word_1_230' title='bbox 923 2360 1178 2414; x_wconf 90' lang='lat' dir='ltr'>periculosa,</span> <span class='ocrx_word' id='word_1_231' title='bbox 1225 2373 1332 2413; x_wconf 89' lang='lat' dir='ltr'>quae</span> <span class='ocrx_word' id='word_1_232' title='bbox 1365 2373 1451 2399; x_wconf 91' lang='lat' dir='ltr'>non</span> <span class='ocrx_word' id='word_1_233' title='bbox 1480 2359 1606 2399; x_wconf 91' lang='lat' dir='ltr'>modo</span> <span class='ocrx_word' id='word_1_234' title='bbox 1636 2360 1808 2406; x_wconf 85' lang='lat' dir='ltr'>Romae,</span> <span class='ocrx_word' id='word_1_235' title='bbox 1851 2358 1916 2398; x_wconf 84' lang='lat' dir='ltr'>sed</span> 
     </span>
     <span class='ocr_line' id='line_1_30' title="bbox 156 2420 1962 2476; baseline 0.001 -16"><span class='ocrx_word' id='word_1_236' title='bbox 156 2422 274 2461; x_wconf 82' lang='lat' dir='ltr'>etiam</span> <span class='ocrx_word' id='word_1_237' title='bbox 309 2420 421 2475; x_wconf 91' lang='lat' dir='ltr'>apud</span> <span class='ocrx_word' id='word_1_238' title='bbox 463 2427 625 2462; x_wconf 85' lang='lat' dir='ltr'>exteras</span> <span class='ocrx_word' id='word_1_239' title='bbox 661 2423 850 2462; x_wconf 88' lang='lat' dir='ltr'>nationes</span> <span class='ocrx_word' id='word_1_240' title='bbox 887 2424 1071 2462; x_wconf 90' lang='lat' dir='ltr'>omnium</span> <span class='ocrx_word' id='word_1_241' title='bbox 1102 2435 1292 2463; x_wconf 91' lang='lat' dir='ltr'>sermone</span> <span class='ocrx_word' id='word_1_242' title='bbox 1321 2422 1603 2476; x_wconf 89' lang='lat' dir='ltr'>percrebruit,</span> <span class='ocrx_word' id='word_1_243' title='bbox 1638 2421 1705 2462; x_wconf 86' lang='lat' dir='ltr'>his</span> <span class='ocrx_word' id='word_1_244' title='bbox 1734 2421 1912 2470; x_wconf 90' lang='lat' dir='ltr'>iudiciis,</span> <span class='ocrx_word' id='word_1_245' title='bbox 1925 2437 1962 2467; x_wconf 77' lang='lat'>20</span> 
     </span>
     <span class='ocr_line' id='line_1_31' title="bbox 157 2484 1913 2539; baseline 0 -16"><span class='ocrx_word' id='word_1_246' title='bbox 157 2496 265 2537; x_wconf 89' lang='lat' dir='ltr'>quae</span> <span class='ocrx_word' id='word_1_247' title='bbox 293 2497 406 2523; x_wconf 86' lang='lat' dir='ltr'>nunc</span> <span class='ocrx_word' id='word_1_248' title='bbox 435 2489 550 2532; x_wconf 89' lang='lat' dir='ltr'>sunt,</span> <span class='ocrx_word' id='word_1_249' title='bbox 590 2485 861 2537; x_wconf 89' lang='lat' dir='ltr'>pecuniosum</span> <span class='ocrx_word' id='word_1_250' title='bbox 904 2485 1139 2532; x_wconf 91' lang='lat' dir='ltr'>hominem,</span> <span class='ocrx_word' id='word_1_251' title='bbox 1181 2485 1369 2539; x_wconf 86' lang='lat' dir='ltr'>quamvis</span> <span class='ocrx_word' id='word_1_252' title='bbox 1409 2485 1462 2524; x_wconf 91' lang='lat' dir='ltr'>sit</span> <span class='ocrx_word' id='word_1_253' title='bbox 1489 2496 1666 2532; x_wconf 91' lang='lat' dir='ltr'>nocens,</span> <span class='ocrx_word' id='word_1_254' title='bbox 1703 2484 1913 2524; x_wconf 88' lang='lat' dir='ltr'>neminem</span> 
     </span>
    </p>
   </div>
   <div class='ocr_carea' id='block_1_9' title="bbox 155 2624 1913 3363">
    <p class='ocr_par' dir='ltr' id='par_1_9' title="bbox 155 2624 1913 3363">
     <span class='ocr_line' id='line_1_32' title="bbox 240 2624 1913 2668; baseline 0 -10"><span class='ocrx_word' id='word_1_255' title='bbox 240 2627 272 2658; x_wconf 71' lang='lat'>2.</span> <span class='ocrx_word' id='word_1_256' title='bbox 297 2626 483 2666; x_wconf 80' lang='lat' dir='ltr'>reciperare</span> <span class='ocrx_word' id='word_1_257' title='bbox 506 2624 544 2662; x_wconf 60' lang='lat'>23</span> <span class='ocrx_word' id='word_1_258' title='bbox 573 2627 718 2667; x_wconf 79' lang='lat' dir='ltr'>recipere</span> <span class='ocrx_word' id='word_1_259' title='bbox 741 2627 842 2668; x_wconf 72' lang='lat' dir='ltr'>Lg29.</span> <span class='ocrx_word' id='word_1_260' title='bbox 871 2645 906 2649; x_wconf 80' lang='lat'>—</span> <span class='ocrx_word' id='word_1_261' title='bbox 932 2628 963 2659; x_wconf 82' lang='lat'>5.</span> <span class='ocrx_word' id='word_1_262' title='bbox 991 2628 1255 2668; x_wconf 73' lang='lat' dir='ltr'>diliyentiamque</span> <span class='ocrx_word' id='word_1_263' title='bbox 1279 2627 1339 2659; x_wconf 89' lang='lat' dir='ltr'>Ld.</span> <span class='ocrx_word' id='word_1_264' title='bbox 1369 2645 1403 2650; x_wconf 89' lang='grc'><strong>-</strong></span> <span class='ocrx_word' id='word_1_265' title='bbox 1431 2627 1462 2658; x_wconf 82' lang='lat'>7.</span> <span class='ocrx_word' id='word_1_266' title='bbox 1487 2626 1681 2667; x_wconf 66' lang='lat' dir='ltr'>singillatim</span> <span class='ocrx_word' id='word_1_267' title='bbox 1704 2627 1772 2658; x_wconf 73' lang='lat'>(322</span> <span class='ocrx_word' id='word_1_268' title='bbox 1799 2626 1913 2667; x_wconf 71' lang='lat' dir='ltr'>sinqu-</span> 
     </span>
     <span class='ocr_line' id='line_1_33' title="bbox 155 2674 1909 2717; baseline -0.001 -9"><span class='ocrx_word' id='word_1_269' title='bbox 155 2676 249 2708; x_wconf 73' lang='lat' dir='ltr'>latim</span> <span class='ocrx_word' id='word_1_270' title='bbox 272 2676 310 2708; x_wconf 91' lang='lat' dir='ltr'>O.</span> <span class='ocrx_word' id='word_1_271' title='bbox 347 2675 390 2708; x_wconf 88' lang='lat' dir='ltr'>cf.</span> <span class='ocrx_word' id='word_1_272' title='bbox 416 2676 461 2708; x_wconf 90' lang='lat' dir='ltr'>ad</span> <span class='ocrx_word' id='word_1_273' title='bbox 484 2676 514 2717; x_wconf 67' lang='lat' dir='ltr'>g.</span> <span class='ocrx_word' id='word_1_274' title='bbox 539 2677 592 2708; x_wconf 81' lang='lat'>50.</span> <span class='ocrx_word' id='word_1_275' title='bbox 621 2694 656 2699; x_wconf 92' lang='lat'>—-</span> <span class='ocrx_word' id='word_1_276' title='bbox 682 2677 712 2708; x_wconf 85' lang='lat'>9.</span> <span class='ocrx_word' id='word_1_277' title='bbox 740 2677 873 2717; x_wconf 74' lang='lat' dir='ltr'>diliyere</span> <span class='ocrx_word' id='word_1_278' title='bbox 896 2678 954 2708; x_wconf 73' lang='lat'>(32.</span> <span class='ocrx_word' id='word_1_279' title='bbox 983 2695 1018 2700; x_wconf 92' lang='lat'>—-</span> <span class='ocrx_word' id='word_1_280' title='bbox 1049 2677 1100 2709; x_wconf 87' lang='grc'><strong>43.</strong></span> <span class='ocrx_word' id='word_1_281' title='bbox 1125 2677 1217 2709; x_wconf 76' lang='lat' dir='ltr'>uobis</span> <span class='ocrx_word' id='word_1_282' title='bbox 1240 2678 1298 2709; x_wconf 94' lang='grc'><strong>64.</strong></span> <span class='ocrx_word' id='word_1_283' title='bbox 1326 2695 1362 2699; x_wconf 83' lang='grc'><strong>-</strong></span> <span class='ocrx_word' id='word_1_284' title='bbox 1387 2680 1498 2708; x_wconf 77' lang='lat' dir='ltr'>nostro</span> <span class='ocrx_word' id='word_1_285' title='bbox 1522 2676 1562 2707; x_wconf 85' lang='grc'><strong>64</strong></span> <span class='ocrx_word' id='word_1_286' title='bbox 1582 2677 1696 2716; x_wconf 67' lang='lat' dir='ltr'>ngg.</span> <span class='ocrx_word' id='word_1_287' title='bbox 1721 2674 1845 2717; x_wconf 88' lang='lat' dir='ltr'>pleriq.</span> <span class='ocrx_word' id='word_1_288' title='bbox 1874 2693 1909 2699; x_wconf 88' lang='lat'><em>-</em></span> 
     </span>
     <span class='ocr_line' id='line_1_34' title="bbox 156 2723 1909 2768; baseline -0.001 -10"><span class='ocrx_word' id='word_1_289' title='bbox 156 2727 208 2758; x_wconf 86' lang='grc'><strong>46.</strong></span> <span class='ocrx_word' id='word_1_290' title='bbox 233 2725 332 2757; x_wconf 80' lang='lat' dir='ltr'>vestri</span> <span class='ocrx_word' id='word_1_291' title='bbox 356 2726 397 2757; x_wconf 71' lang='lat' dir='ltr'>Gt</span> <span class='ocrx_word' id='word_1_292' title='bbox 417 2725 562 2766; x_wconf 57' lang='lat' dir='ltr'>eLgta:</span> <span class='ocrx_word' id='word_1_293' title='bbox 587 2727 691 2758; x_wconf 45' lang='lat' dir='ltr'>&#39;nostri</span> <span class='ocrx_word' id='word_1_294' title='bbox 713 2725 734 2758; x_wconf 81' lang='grc' dir='ltr'><em>λ</em></span> <span class='ocrx_word' id='word_1_295' title='bbox 757 2726 776 2758; x_wconf 86' lang='grc'><strong>8</strong></span> <span class='ocrx_word' id='word_1_296' title='bbox 794 2728 875 2767; x_wconf 77' lang='lat' dir='ltr'>ng.</span> <span class='ocrx_word' id='word_1_297' title='bbox 897 2744 932 2749; x_wconf 90' lang='lat'>—</span> <span class='ocrx_word' id='word_1_298' title='bbox 959 2727 1010 2758; x_wconf 75' lang='grc'><strong>47.</strong></span> <span class='ocrx_word' id='word_1_299' title='bbox 1035 2727 1124 2758; x_wconf 82' lang='lat' dir='ltr'>vobis</span> <span class='ocrx_word' id='word_1_300' title='bbox 1148 2727 1194 2759; x_wconf 63' lang='lat' dir='ltr'>Ga</span> <span class='ocrx_word' id='word_1_301' title='bbox 1206 2728 1278 2768; x_wconf 79' lang='lat' dir='ltr'>ng</span> <span class='ocrx_word' id='word_1_302' title='bbox 1293 2727 1334 2758; x_wconf 66' lang='lat'>29</span> <span class='ocrx_word' id='word_1_303' title='bbox 1347 2726 1387 2759; x_wconf 76' lang='lat'>42</span> <span class='ocrx_word' id='word_1_304' title='bbox 1401 2725 1465 2758; x_wconf 83' lang='lat'>45:</span> <span class='ocrx_word' id='word_1_305' title='bbox 1490 2725 1580 2757; x_wconf 75' lang='lat' dir='ltr'>nobis</span> <span class='ocrx_word' id='word_1_306' title='bbox 1604 2726 1644 2757; x_wconf 89' lang='grc'><strong>64</strong></span> <span class='ocrx_word' id='word_1_307' title='bbox 1676 2725 1694 2756; x_wconf 91' lang='lat'>6</span> <span class='ocrx_word' id='word_1_308' title='bbox 1711 2725 1791 2765; x_wconf 81' lang='lat' dir='ltr'>ng.</span> <span class='ocrx_word' id='word_1_309' title='bbox 1812 2723 1854 2756; x_wconf 90' lang='lat' dir='ltr'>al.</span> <span class='ocrx_word' id='word_1_310' title='bbox 1874 2743 1909 2748; x_wconf 96' lang='lat'><strong>—</strong></span> 
     </span>
     <span class='ocr_line' id='line_1_35' title="bbox 157 2774 1913 2817; baseline 0 -11"><span class='ocrx_word' id='word_1_311' title='bbox 157 2776 209 2807; x_wconf 88' lang='grc'><strong>48.</strong></span> <span class='ocrx_word' id='word_1_312' title='bbox 235 2775 305 2806; x_wconf 82' lang='lat' dir='ltr'>iam</span> <span class='ocrx_word' id='word_1_313' title='bbox 327 2775 414 2807; x_wconf 76' lang='lat' dir='ltr'>enim</span> <span class='ocrx_word' id='word_1_314' title='bbox 437 2776 496 2807; x_wconf 82' lang='lat' dir='ltr'>Gl.</span> <span class='ocrx_word' id='word_1_315' title='bbox 532 2775 716 2817; x_wconf 62' lang='lat' dir='ltr'>vulgatam</span> <span class='ocrx_word' id='word_1_316' title='bbox 740 2778 857 2808; x_wconf 85' lang='lat' dir='ltr'>tuetur</span> <span class='ocrx_word' id='word_1_317' title='bbox 880 2777 983 2808; x_wconf 89' lang='lat' dir='ltr'>etiam</span> <span class='ocrx_word' id='word_1_318' title='bbox 1007 2775 1120 2808; x_wconf 89' lang='lat' dir='ltr'>Schol.</span> <span class='ocrx_word' id='word_1_319' title='bbox 1147 2776 1191 2808; x_wconf 81' lang='lat' dir='ltr'>ad</span> <span class='ocrx_word' id='word_1_320' title='bbox 1215 2777 1246 2817; x_wconf 66' lang='lat' dir='ltr'>g.</span> <span class='ocrx_word' id='word_1_321' title='bbox 1271 2777 1301 2808; x_wconf 64' lang='grc' dir='ltr'>ἓ.</span> <span class='ocrx_word' id='word_1_322' title='bbox 1327 2785 1361 2817; x_wconf 93' lang='lat' dir='ltr'>p.</span> <span class='ocrx_word' id='word_1_323' title='bbox 1388 2776 1461 2808; x_wconf 76' lang='lat'>387.</span> <span class='ocrx_word' id='word_1_324' title='bbox 1490 2775 1545 2807; x_wconf 89' lang='lat' dir='ltr'>ed.</span> <span class='ocrx_word' id='word_1_325' title='bbox 1572 2776 1627 2807; x_wconf 87' lang='lat' dir='ltr'>Or.</span> <span class='ocrx_word' id='word_1_326' title='bbox 1656 2793 1692 2798; x_wconf 84' lang='lat'>-</span> <span class='ocrx_word' id='word_1_327' title='bbox 1729 2775 1780 2806; x_wconf 87' lang='grc'><strong>49.</strong></span> <span class='ocrx_word' id='word_1_328' title='bbox 1804 2774 1913 2806; x_wconf 78' lang='lat' dir='ltr'>vobis-</span> 
     </span>
     <span class='ocr_line' id='line_1_36' title="bbox 156 2823 1910 2868; baseline 0.001 -13"><span class='ocrx_word' id='word_1_329' title='bbox 156 2833 218 2864; x_wconf 83' lang='lat' dir='ltr'>que</span> <span class='ocrx_word' id='word_1_330' title='bbox 248 2824 295 2855; x_wconf 71' lang='grc'>62</span> <span class='ocrx_word' id='word_1_331' title='bbox 308 2823 358 2855; x_wconf 93' lang='lat' dir='ltr'>Ld</span> <span class='ocrx_word' id='word_1_332' title='bbox 384 2825 463 2865; x_wconf 84' lang='lat' dir='ltr'>ng.</span> <span class='ocrx_word' id='word_1_333' title='bbox 489 2824 541 2857; x_wconf 73' lang='lat'>42.</span> <span class='ocrx_word' id='word_1_334' title='bbox 568 2825 620 2858; x_wconf 88' lang='lat'>48.</span> <span class='ocrx_word' id='word_1_335' title='bbox 647 2825 711 2857; x_wconf 91' lang='lat' dir='ltr'>al.:</span> <span class='ocrx_word' id='word_1_336' title='bbox 747 2825 900 2865; x_wconf 76' lang='lat' dir='ltr'>nobisque</span> <span class='ocrx_word' id='word_1_337' title='bbox 923 2827 964 2857; x_wconf 86' lang='grc'><strong>64</strong></span> <span class='ocrx_word' id='word_1_338' title='bbox 984 2827 1038 2865; x_wconf 75' lang='grc' dir='ltr'>ςὸ</span> <span class='ocrx_word' id='word_1_339' title='bbox 1061 2826 1079 2857; x_wconf 84' lang='lat'><strong>7</strong></span> <span class='ocrx_word' id='word_1_340' title='bbox 1097 2827 1178 2867; x_wconf 84' lang='lat' dir='ltr'>ng.</span> <span class='ocrx_word' id='word_1_341' title='bbox 1216 2827 1253 2858; x_wconf 91' lang='lat' dir='ltr'>In</span> <span class='ocrx_word' id='word_1_342' title='bbox 1285 2827 1327 2857; x_wconf 90' lang='grc'><strong>64</strong></span> <span class='ocrx_word' id='word_1_343' title='bbox 1346 2827 1364 2857; x_wconf 76' lang='grc' dir='ltr'>Ξ</span> <span class='ocrx_word' id='word_1_344' title='bbox 1395 2826 1603 2868; x_wconf 88' lang='lat' dir='ltr'>pronomina</span> <span class='ocrx_word' id='word_1_345' title='bbox 1625 2834 1684 2857; x_wconf 82' lang='lat' dir='ltr'>nos</span> <span class='ocrx_word' id='word_1_346' title='bbox 1706 2826 1741 2857; x_wconf 89' lang='lat' dir='ltr'>et</span> <span class='ocrx_word' id='word_1_347' title='bbox 1762 2833 1819 2856; x_wconf 76' lang='lat' dir='ltr'>vos</span> <span class='ocrx_word' id='word_1_348' title='bbox 1841 2826 1910 2857; x_wconf 87' lang='lat' dir='ltr'>cet.</span> 
     </span>
     <span class='ocr_line' id='line_1_37' title="bbox 155 2873 1913 2917; baseline 0 -11"><span class='ocrx_word' id='word_1_349' title='bbox 155 2873 288 2914; x_wconf 88' lang='lat' dir='ltr'>ubique</span> <span class='ocrx_word' id='word_1_350' title='bbox 319 2873 591 2913; x_wconf 86' lang='lat' dir='ltr'>confunduntur,</span> <span class='ocrx_word' id='word_1_351' title='bbox 628 2877 663 2907; x_wconf 86' lang='lat' dir='ltr'>et</span> <span class='ocrx_word' id='word_1_352' title='bbox 692 2884 797 2916; x_wconf 87' lang='lat' dir='ltr'>saepe</span> <span class='ocrx_word' id='word_1_353' title='bbox 827 2876 883 2906; x_wconf 71' lang='lat' dir='ltr'>vix</span> <span class='ocrx_word' id='word_1_354' title='bbox 911 2874 1107 2914; x_wconf 88' lang='lat' dir='ltr'>discernas,</span> <span class='ocrx_word' id='word_1_355' title='bbox 1143 2876 1256 2917; x_wconf 88' lang='lat' dir='ltr'>prima</span> <span class='ocrx_word' id='word_1_356' title='bbox 1279 2874 1391 2907; x_wconf 85' lang='lat' dir='ltr'>littera</span> <span class='ocrx_word' id='word_1_357' title='bbox 1414 2885 1437 2907; x_wconf 79' lang='grc' dir='ltr'><strong>η</strong></span> <span class='ocrx_word' id='word_1_358' title='bbox 1460 2876 1503 2907; x_wconf 89' lang='lat' dir='ltr'>sit</span> <span class='ocrx_word' id='word_1_359' title='bbox 1526 2884 1571 2907; x_wconf 91' lang='lat' dir='ltr'>an</span> <span class='ocrx_word' id='word_1_360' title='bbox 1593 2885 1626 2907; x_wconf 87' lang='lat' dir='ltr'>u.</span> <span class='ocrx_word' id='word_1_361' title='bbox 1655 2892 1691 2897; x_wconf 96' lang='lat'>-</span> <span class='ocrx_word' id='word_1_362' title='bbox 1715 2875 1838 2906; x_wconf 83' lang='lat' dir='ltr'>Romae</span> <span class='ocrx_word' id='word_1_363' title='bbox 1858 2875 1913 2906; x_wconf 79' lang='lat' dir='ltr'>sed</span> 
     </span>
     <span class='ocr_line' id='line_1_38' title="bbox 157 2922 1912 2964; baseline 0 -9"><span class='ocrx_word' id='word_1_364' title='bbox 157 2922 266 2964; x_wconf 79' lang='lat' dir='ltr'>etiam]</span> <span class='ocrx_word' id='word_1_365' title='bbox 301 2923 395 2955; x_wconf 89' lang='lat' dir='ltr'>Haec</span> <span class='ocrx_word' id='word_1_366' title='bbox 424 2933 479 2955; x_wconf 72' lang='lat' dir='ltr'>w.</span> <span class='ocrx_word' id='word_1_367' title='bbox 513 2925 548 2956; x_wconf 90' lang='lat' dir='ltr'>in</span> <span class='ocrx_word' id='word_1_368' title='bbox 576 2925 718 2957; x_wconf 65' lang='lat' dir='ltr'>G112Ld</span> <span class='ocrx_word' id='word_1_369' title='bbox 743 2926 802 2957; x_wconf 80' lang='lat' dir='ltr'>Ox.</span> <span class='ocrx_word' id='word_1_370' title='bbox 827 2930 862 2964; x_wconf 80' lang='grc' dir='ltr'><em>ψ</em></span> <span class='ocrx_word' id='word_1_371' title='bbox 891 2923 1035 2964; x_wconf 86' lang='lat' dir='ltr'>aliisque</span> <span class='ocrx_word' id='word_1_372' title='bbox 1067 2924 1151 2957; x_wconf 87' lang='lat' dir='ltr'>dett.</span> <span class='ocrx_word' id='word_1_373' title='bbox 1178 2934 1267 2963; x_wconf 88' lang='lat' dir='ltr'>om.;</span> <span class='ocrx_word' id='word_1_374' title='bbox 1304 2926 1338 2957; x_wconf 93' lang='lat' dir='ltr'>in</span> <span class='ocrx_word' id='word_1_375' title='bbox 1371 2924 1445 2957; x_wconf 87' lang='lat' dir='ltr'>aliis</span> <span class='ocrx_word' id='word_1_376' title='bbox 1469 2925 1554 2957; x_wconf 88' lang='lat' dir='ltr'>dett.</span> <span class='ocrx_word' id='word_1_377' title='bbox 1580 2925 1715 2957; x_wconf 81' lang='lat' dir='ltr'>tantum</span> <span class='ocrx_word' id='word_1_378' title='bbox 1737 2924 1791 2955; x_wconf 82' lang='lat' dir='ltr'>sed</span> <span class='ocrx_word' id='word_1_379' title='bbox 1813 2924 1912 2955; x_wconf 79' lang='lat' dir='ltr'>etiam</span> 
     </span>
     <span class='ocr_line' id='line_1_39' title="bbox 157 2972 1909 3016; baseline -0.001 -10"><span class='ocrx_word' id='word_1_380' title='bbox 157 2973 282 3006; x_wconf 87' lang='lat' dir='ltr'>deesse</span> <span class='ocrx_word' id='word_1_381' title='bbox 306 2972 468 3012; x_wconf 78' lang='lat' dir='ltr'>tradItur,</span> <span class='ocrx_word' id='word_1_382' title='bbox 495 2973 538 3005; x_wconf 90' lang='lat' dir='ltr'>de</span> <span class='ocrx_word' id='word_1_383' title='bbox 563 2982 632 3014; x_wconf 91' lang='lat' dir='ltr'>quo</span> <span class='ocrx_word' id='word_1_384' title='bbox 656 2974 897 3006; x_wconf 90' lang='lat' dir='ltr'>dubitandum.</span> <span class='ocrx_word' id='word_1_385' title='bbox 934 2973 1116 3014; x_wconf 70' lang='lat' dir='ltr'>Vulgatam</span> <span class='ocrx_word' id='word_1_386' title='bbox 1138 2976 1260 3007; x_wconf 86' lang='lat' dir='ltr'>Romae</span> <span class='ocrx_word' id='word_1_387' title='bbox 1281 2976 1335 3007; x_wconf 80' lang='lat' dir='ltr'>sed</span> <span class='ocrx_word' id='word_1_388' title='bbox 1356 2978 1386 3007; x_wconf 79' lang='lat' dir='ltr'>et</span> <span class='ocrx_word' id='word_1_389' title='bbox 1408 2975 1542 3016; x_wconf 91' lang='lat' dir='ltr'>primus</span> <span class='ocrx_word' id='word_1_390' title='bbox 1567 2973 1663 3006; x_wconf 87' lang='lat' dir='ltr'>dedit</span> <span class='ocrx_word' id='word_1_391' title='bbox 1685 2975 1793 3014; x_wconf 83' lang='lat' dir='ltr'>Naug.</span> <span class='ocrx_word' id='word_1_392' title='bbox 1813 2974 1909 3013; x_wconf 78' lang='grc'><strong>4549,</strong></span> 
     </span>
     <span class='ocr_line' id='line_1_40' title="bbox 157 3022 1910 3066; baseline -0.001 -11"><span class='ocrx_word' id='word_1_393' title='bbox 157 3022 221 3055; x_wconf 89' lang='lat' dir='ltr'>sed</span> <span class='ocrx_word' id='word_1_394' title='bbox 242 3023 435 3060; x_wconf 88' lang='lat' dir='ltr'>incertum,</span> <span class='ocrx_word' id='word_1_395' title='bbox 460 3022 553 3054; x_wconf 90' lang='lat' dir='ltr'>unde</span> <span class='ocrx_word' id='word_1_396' title='bbox 577 3025 782 3065; x_wconf 82' lang='lat' dir='ltr'>sumpserit;</span> <span class='ocrx_word' id='word_1_397' title='bbox 809 3032 874 3055; x_wconf 92' lang='lat' dir='ltr'>nos</span> <span class='ocrx_word' id='word_1_398' title='bbox 898 3025 1042 3055; x_wconf 90' lang='lat' dir='ltr'>auctore</span> <span class='ocrx_word' id='word_1_399' title='bbox 1067 3023 1200 3056; x_wconf 88' lang='lat' dir='ltr'>Halmio</span> <span class='ocrx_word' id='word_1_400' title='bbox 1224 3025 1323 3056; x_wconf 81' lang='lat' dir='ltr'>etiam</span> <span class='ocrx_word' id='word_1_401' title='bbox 1344 3033 1408 3065; x_wconf 91' lang='lat' dir='ltr'>pro</span> <span class='ocrx_word' id='word_1_402' title='bbox 1433 3028 1462 3056; x_wconf 77' lang='lat' dir='ltr'>et</span> <span class='ocrx_word' id='word_1_403' title='bbox 1476 3025 1690 3066; x_wconf 90' lang='lat' dir='ltr'>scripsimus.</span> <span class='ocrx_word' id='word_1_404' title='bbox 1728 3022 1910 3063; x_wconf 84' lang='lat' dir='ltr'>(Equidem</span> 
     </span>
     <span class='ocr_line' id='line_1_41' title="bbox 157 3070 1911 3115; baseline 0 -12"><span class='ocrx_word' id='word_1_405' title='bbox 157 3073 270 3104; x_wconf 85' lang='lat' dir='ltr'>statuo</span> <span class='ocrx_word' id='word_1_406' title='bbox 293 3070 454 3103; x_wconf 90' lang='lat' dir='ltr'>lacunam</span> <span class='ocrx_word' id='word_1_407' title='bbox 476 3075 664 3113; x_wconf 86' lang='lat' dir='ltr'>propterea</span> <span class='ocrx_word' id='word_1_408' title='bbox 688 3075 845 3105; x_wconf 82' lang='lat' dir='ltr'>exortam</span> <span class='ocrx_word' id='word_1_409' title='bbox 870 3080 963 3111; x_wconf 90' lang='lat' dir='ltr'>esse,</span> <span class='ocrx_word' id='word_1_410' title='bbox 994 3072 1088 3114; x_wconf 87' lang='lat' dir='ltr'>quod</span> <span class='ocrx_word' id='word_1_411' title='bbox 1111 3072 1271 3106; x_wconf 87' lang='lat' dir='ltr'>librarius</span> <span class='ocrx_word' id='word_1_412' title='bbox 1295 3074 1494 3115; x_wconf 83' lang='lat' dir='ltr'>archetypi,</span> <span class='ocrx_word' id='word_1_413' title='bbox 1531 3082 1614 3106; x_wconf 94' lang='lat' dir='ltr'>cum</span> <span class='ocrx_word' id='word_1_414' title='bbox 1637 3081 1747 3105; x_wconf 91' lang='lat' dir='ltr'>unum</span> <span class='ocrx_word' id='word_1_415' title='bbox 1769 3071 1911 3113; x_wconf 87' lang='lat' dir='ltr'>aliquod</span> 
     </span>
     <span class='ocr_line' id='line_1_42' title="bbox 156 3120 1907 3165; baseline 0.001 -13"><span class='ocrx_word' id='word_1_416' title='bbox 156 3120 369 3153; x_wconf 70' lang='lat' dir='ltr'>vocabulum</span> <span class='ocrx_word' id='word_1_417' title='bbox 396 3122 477 3162; x_wconf 88' lang='lat' dir='ltr'>post</span> <span class='ocrx_word' id='word_1_418' title='bbox 505 3121 613 3153; x_wconf 77' lang='lat' dir='ltr'>breve</span> <span class='ocrx_word' id='word_1_419' title='bbox 643 3122 863 3154; x_wconf 83' lang='lat' dir='ltr'>intervallum</span> <span class='ocrx_word' id='word_1_420' title='bbox 892 3123 1055 3165; x_wconf 79' lang='lat' dir='ltr'>iteratum</span> <span class='ocrx_word' id='word_1_421' title='bbox 1086 3125 1198 3162; x_wconf 89' lang='lat' dir='ltr'>esset,</span> <span class='ocrx_word' id='word_1_422' title='bbox 1232 3133 1252 3155; x_wconf 91' lang='lat' dir='ltr'>a</span> <span class='ocrx_word' id='word_1_423' title='bbox 1274 3124 1391 3165; x_wconf 90' lang='lat' dir='ltr'>priore</span> <span class='ocrx_word' id='word_1_424' title='bbox 1416 3123 1461 3155; x_wconf 86' lang='lat' dir='ltr'>ad</span> <span class='ocrx_word' id='word_1_425' title='bbox 1482 3124 1656 3165; x_wconf 90' lang='lat' dir='ltr'>posterius</span> <span class='ocrx_word' id='word_1_426' title='bbox 1680 3121 1907 3154; x_wconf 87' lang='lat' dir='ltr'>aberraverit.</span> 
     </span>
     <span class='ocr_line' id='line_1_43' title="bbox 157 3171 1906 3213; baseline 0.001 -11"><span class='ocrx_word' id='word_1_427' title='bbox 157 3171 297 3202; x_wconf 87' lang='lat' dir='ltr'>Poterat</span> <span class='ocrx_word' id='word_1_428' title='bbox 319 3172 437 3202; x_wconf 86' lang='lat' dir='ltr'>autem</span> <span class='ocrx_word' id='word_1_429' title='bbox 457 3171 527 3202; x_wconf 89' lang='lat' dir='ltr'>Cic.</span> <span class='ocrx_word' id='word_1_430' title='bbox 546 3172 596 3203; x_wconf 87' lang='lat' dir='ltr'>sic</span> <span class='ocrx_word' id='word_1_431' title='bbox 618 3172 824 3213; x_wconf 85' lang='lat' dir='ltr'>scripsisse:</span> <span class='ocrx_word' id='word_1_432' title='bbox 852 3181 935 3212; x_wconf 79' lang='lat' dir='ltr'>quae</span> <span class='ocrx_word' id='word_1_433' title='bbox 958 3181 1022 3203; x_wconf 75' lang='lat' dir='ltr'>non</span> <span class='ocrx_word' id='word_1_434' title='bbox 1043 3173 1138 3205; x_wconf 88' lang='lat' dir='ltr'>modo</span> <span class='ocrx_word' id='word_1_435' title='bbox 1161 3174 1251 3213; x_wconf 84' lang='lat' dir='ltr'>apud</span> <span class='ocrx_word' id='word_1_436' title='bbox 1272 3174 1375 3205; x_wconf 88' lang='lat' dir='ltr'>socios</span> <span class='ocrx_word' id='word_1_437' title='bbox 1396 3173 1451 3205; x_wconf 86' lang='lat' dir='ltr'>sed</span> <span class='ocrx_word' id='word_1_438' title='bbox 1465 3173 1566 3205; x_wconf 81' lang='lat' dir='ltr'>etiam</span> <span class='ocrx_word' id='word_1_439' title='bbox 1589 3173 1678 3213; x_wconf 81' lang='lat' dir='ltr'>apud</span> <span class='ocrx_word' id='word_1_440' title='bbox 1701 3174 1767 3204; x_wconf 90' lang='lat' dir='ltr'>cet.</span> <span class='ocrx_word' id='word_1_441' title='bbox 1799 3172 1906 3204; x_wconf 64' lang='lat' dir='ltr'>Hm«.</span> 
     </span>
     <span class='ocr_line' id='line_1_44' title="bbox 156 3219 1907 3264; baseline 0.001 -12"><span class='ocrx_word' id='word_1_442' title='bbox 156 3219 295 3252; x_wconf 84' lang='lat' dir='ltr'>Malim:</span> <span class='ocrx_word' id='word_1_443' title='bbox 320 3229 385 3252; x_wconf 79' lang='lat' dir='ltr'>non</span> <span class='ocrx_word' id='word_1_444' title='bbox 406 3221 501 3252; x_wconf 85' lang='lat' dir='ltr'>modo</span> <span class='ocrx_word' id='word_1_445' title='bbox 525 3222 614 3261; x_wconf 80' lang='lat' dir='ltr'>apud</span> <span class='ocrx_word' id='word_1_446' title='bbox 632 3223 793 3262; x_wconf 80' lang='lat' dir='ltr'>populum</span> <span class='ocrx_word' id='word_1_447' title='bbox 817 3223 1016 3261; x_wconf 81' lang='lat' dir='ltr'>Romanum,</span> <span class='ocrx_word' id='word_1_448' title='bbox 1040 3223 1095 3254; x_wconf 84' lang='lat' dir='ltr'>sed</span> <span class='ocrx_word' id='word_1_449' title='bbox 1117 3223 1216 3254; x_wconf 82' lang='lat' dir='ltr'>etiam</span> <span class='ocrx_word' id='word_1_450' title='bbox 1239 3224 1329 3263; x_wconf 81' lang='lat' dir='ltr'>apud</span> <span class='ocrx_word' id='word_1_451' title='bbox 1352 3224 1418 3255; x_wconf 90' lang='lat' dir='ltr'>cet.</span> <span class='ocrx_word' id='word_1_452' title='bbox 1451 3222 1501 3255; x_wconf 83' lang='lat' dir='ltr'>Cf.</span> <span class='ocrx_word' id='word_1_453' title='bbox 1527 3231 1562 3264; x_wconf 91' lang='lat' dir='ltr'>p.</span> <span class='ocrx_word' id='word_1_454' title='bbox 1589 3223 1663 3254; x_wconf 61' lang='grc' dir='ltr'>ΗΟ.</span> <span class='ocrx_word' id='word_1_455' title='bbox 1688 3231 1721 3254; x_wconf 83' lang='lat' dir='ltr'>v,</span> <span class='ocrx_word' id='word_1_456' title='bbox 1746 3222 1777 3254; x_wconf 83' lang='lat'>9.</span> <span class='ocrx_word' id='word_1_457' title='bbox 1802 3223 1907 3263; x_wconf 73' lang='grc' dir='ltr'><strong>ΒΑιΤ.)</strong></span> 
     </span>
     <span class='ocr_line' id='line_1_45' title="bbox 160 3269 1910 3314; baseline 0.002 -13"><span class='ocrx_word' id='word_1_458' title='bbox 160 3287 197 3291; x_wconf 96' lang='grc'><strong>-</strong></span> <span class='ocrx_word' id='word_1_459' title='bbox 231 3270 285 3301; x_wconf 76' lang='grc'>20.</span> <span class='ocrx_word' id='word_1_460' title='bbox 312 3270 519 3310; x_wconf 75' lang='lat' dir='ltr'>percrebruit</span> <span class='ocrx_word' id='word_1_461' title='bbox 547 3269 647 3302; x_wconf 63' lang='lat' dir='ltr'>em:</span> <span class='ocrx_word' id='word_1_462' title='bbox 669 3271 856 3311; x_wconf 73' lang='lat' dir='ltr'>percrebuit</span> <span class='ocrx_word' id='word_1_463' title='bbox 885 3272 925 3302; x_wconf 89' lang='grc'><strong>64</strong></span> <span class='ocrx_word' id='word_1_464' title='bbox 945 3271 1016 3303; x_wconf 91' lang='lat' dir='ltr'>SO.</span> <span class='ocrx_word' id='word_1_465' title='bbox 1042 3271 1084 3304; x_wconf 85' lang='lat' dir='ltr'>cf.</span> <span class='ocrx_word' id='word_1_466' title='bbox 1109 3272 1155 3304; x_wconf 92' lang='lat' dir='ltr'>ad</span> <span class='ocrx_word' id='word_1_467' title='bbox 1177 3273 1288 3305; x_wconf 80' lang='lat' dir='ltr'>Divin.</span> <span class='ocrx_word' id='word_1_468' title='bbox 1315 3272 1346 3314; x_wconf 67' lang='grc' dir='ltr'>ἓ.</span> <span class='ocrx_word' id='word_1_469' title='bbox 1371 3273 1424 3305; x_wconf 68' lang='lat'>42.</span> <span class='ocrx_word' id='word_1_470' title='bbox 1450 3289 1485 3295; x_wconf 96' lang='lat'><strong>—</strong></span> <span class='ocrx_word' id='word_1_471' title='bbox 1511 3273 1565 3305; x_wconf 72' lang='lat'>24.</span> <span class='ocrx_word' id='word_1_472' title='bbox 1590 3275 1664 3304; x_wconf 80' lang='lat' dir='ltr'>sunt</span> <span class='ocrx_word' id='word_1_473' title='bbox 1687 3272 1728 3304; x_wconf 87' lang='grc'><strong>64</strong></span> <span class='ocrx_word' id='word_1_474' title='bbox 1745 3272 1821 3312; x_wconf 74' lang='grc' dir='ltr'>2ςε</span> <span class='ocrx_word' id='word_1_475' title='bbox 1846 3273 1910 3305; x_wconf 77' lang='lat' dir='ltr'>sint</span> 
     </span>
     <span class='ocr_line' id='line_1_46' title="bbox 159 3318 1218 3363; baseline 0.003 -12"><span class='ocrx_word' id='word_1_476' title='bbox 159 3318 220 3351; x_wconf 89' lang='lat' dir='ltr'>dtt.</span> <span class='ocrx_word' id='word_1_477' title='bbox 245 3320 283 3352; x_wconf 94' lang='lat' dir='ltr'>O.</span> <span class='ocrx_word' id='word_1_478' title='bbox 309 3320 383 3362; x_wconf 89' lang='lat' dir='ltr'>(Vv.</span> <span class='ocrx_word' id='word_1_479' title='bbox 408 3329 492 3361; x_wconf 81' lang='lat' dir='ltr'>quae</span> <span class='ocrx_word' id='word_1_480' title='bbox 511 3330 599 3354; x_wconf 81' lang='lat' dir='ltr'>nunc</span> <span class='ocrx_word' id='word_1_481' title='bbox 619 3326 695 3355; x_wconf 73' lang='lat' dir='ltr'>sunt</span> <span class='ocrx_word' id='word_1_482' title='bbox 716 3330 786 3354; x_wconf 92' lang='lat' dir='ltr'>om.</span> <span class='ocrx_word' id='word_1_483' title='bbox 812 3322 852 3362; x_wconf 88' lang='lat' dir='ltr'>S,</span> <span class='ocrx_word' id='word_1_484' title='bbox 878 3321 955 3354; x_wconf 84' lang='lat' dir='ltr'>fort.</span> <span class='ocrx_word' id='word_1_485' title='bbox 980 3323 1088 3354; x_wconf 87' lang='lat' dir='ltr'>reete.</span> <span class='ocrx_word' id='word_1_486' title='bbox 1113 3322 1218 3363; x_wconf 67' lang='lat' dir='ltr'>Bau.)</span> 
     </span>
    </p>
   </div>
  </div>
 </body>
</html>
