2143 3713
204 215 284 258 7⁵28
746 214 946 256 ORATIO
977 215 1080 255 PRO
1112 215 1157 255 L.
1186 215 1404 256 MURENA

203 332 414 376 fecissem,
444 328 608 381 parcius
639 326 690 367 de
722 327 812 366 eius
842 326 964 366 laude
996 326 1198 366 dicerem:
1229 340 1339 366 nunc
1367 326 1470 366 nihil
1501 326 1552 366 de
1574 339 1637 367 me
1660 327 1771 374 dico,
1803 328 1875 368 sed
1897 328 1947 369 de

205 394 277 440 iis,
309 391 382 445 qui
411 391 455 430 in
485 388 664 429 dicendo
697 389 833 441 magni
866 393 963 428 sunt
992 393 1062 428 aut
1091 387 1271 427 fuerunt.

313 453 424 492 XIV.
455 449 520 489 30.
551 451 667 504 Duae
698 455 795 490 sunt
824 455 953 497 artes,
985 463 1093 503 quae
1123 454 1298 501 possunt
1327 450 1463 490 locare
1493 449 1682 491 homines
1713 450 1756 490 in
1785 450 1951 504 amplis-

207 517 310 557 simo
353 513 482 567 gradu
522 512 754 565 dignitatis:
794 526 877 552 una
917 511 1197 564 imperatoris,
1236 512 1365 552 altera
1405 512 1578 553 oratoris
1616 511 1737 552 boni:
1784 512 1834 551 ab
1872 512 1951 552 hoc

174 579 317 618 5enim
363 575 476 629 pacis
518 580 760 614 ornamenta
804 575 1053 621 retinentur,
1104 574 1153 612 ab
1197 573 1268 612 illo
1314 573 1412 613 belli
1454 575 1638 628 pericula
1683 574 1951 626 repelluntur.

208 642 376 681 Ceterae
408 644 544 678 tamen
568 637 741 676 virtutes
762 637 878 689 ipsae
900 650 974 689 per
995 649 1038 675 se
1059 635 1233 674 multum
1255 635 1415 683 valent,
1444 637 1621 683 iustitia,
1652 634 1775 682 fides,
1806 635 1952 689 pudor,

208 700 502 754 temperantia3
544 698 693 752 quibus
724 704 785 745 te,
827 698 965 745 Servi,
1007 697 1212 737 excellere
1250 709 1393 737 omnes
1433 699 1690 751 intelligunt,
1729 697 1801 737 sed
1842 711 1951 737 nunc

207 764 257 803 de
288 762 433 803 studiis
464 761 516 800 ad
544 760 747 800 honorem
778 761 1012 813 dispositis,
1044 772 1127 798 uon
1159 758 1209 797 de
1231 758 1355 798 insita
1376 760 1576 813 cuiusque
1598 761 1748 800 virtute
1771 760 1952 812 disputo.

208 824 357 865 Omnia
394 823 472 862 ista
511 824 631 863 nohis
671 823 807 862 studia
845 822 896 861 dc
937 822 1126 861 manibus
1172 820 1460 868 excutiuntur,
1499 822 1619 862 simul
1659 827 1786 875 atque
1824 822 1952 875 aliqui

160 898 194 926 10
210 892 344 927 motus
374 899 508 925 novus
539 885 734 924 bellicum
768 897 915 923 canere
954 883 1104 935 coepit.
1176 882 1363 929 Etenim,
1403 889 1447 923 ut
1476 885 1533 924 ait
1561 885 1802 937 ingeniosus
1833 888 1953 937 pocta

209 956 249 989 et
278 953 423 988 auctor
452 946 571 987 valde
602 946 760 992 bonus,
801 945 972 998 proeliis
1003 945 1273 997 promulgatis
1305 946 1468 997 pellitur
1497 961 1514 986 e
1543 948 1667 986 medio
1705 960 1789 985 non
1820 946 1953 985 solum

209 1012 287 1051 ista
327 1014 462 1049 vestra
501 1008 677 1047 verbosa
715 1008 923 1047 simulatio
962 1007 1228 1060 prudentiae,
1274 1007 1345 1047 sed
1388 1009 1510 1048 etiam
1550 1009 1641 1061 ipsa
1675 1009 1746 1048 illa
1786 1008 1954 1047 domina

209 1086 365 1118 rerum,
397 1071 617 1122 sapientia:
646 1070 686 1108 rri
715 1070 867 1122 (seritur
896 1082 980 1109 res:
1017 1070 1216 1121 spernitur
1245 1076 1405 1117 orator,
1436 1085 1517 1109 non
1549 1071 1683 1109 solum
1714 1070 1882 1109 odiosus
1912 1069 1953 1108 in

209 1133 385 1174 dicendo
418 1145 464 1172 ac
494 1132 677 1186 loquax,
708 1145 849 1172 verum
881 1132 1002 1172 etiam
1034 1132 1173 1171 bonus:
1204 1132 1390 1172 horridus
1420 1134 1529 1173 miles
1557 1138 1740 1172 amatur.-
1776 1137 1956 1173 vestrum

162 1209 306 1238 ¹uivere
346 1194 529 1235 studium
571 1198 702 1234 totum
739 1195 857 1234 iacet.
923 1195 1010 1235 Non
1049 1208 1098 1234 ex·
1136 1195 1222 1234 iure
1262 1208 1423 1234 manum
1451 1201 1694 1241 consertum,
1738 1196 1802 1234 sed
1835 1195 1957 1246 ferro,

210 1257 365 1311 inquit,
405 1268 486 1296 rem
522 1262 710 1308 repetunt.
774 1256 895 1304 Quod
927 1258 960 1296 si
993 1257 1047 1296 ita
1078 1262 1159 1303 est,
1195 1257 1337 1305 cedat,
1369 1257 1540 1310 opinor,
1574 1254 1783 1311 [Sulpici‚]
1825 1257 1956 1297 forum

211 1319 376 1365 castris,
407 1319 537 1358 otium
567 1318 761 1366 militiae,
794 1319 913 1358 stilus
944 1318 1105 1371 gladio,
1137 1320 1280 1359 umbra
1310 1320 1408 1359 soli:
1440 1320 1493 1359 sit
1514 1319 1694 1373 denique
1723 1320 1765 1358 in
1795 1319 1957 1359 civitate

212 1396 261 1422 ea
288 1382 421 1435 prima
449 1395 539 1428 res,
570 1385 742 1433 propter
763 1395 884 1435 quam
906 1382 996 1434 ipsa
1016 1387 1078 1420 est
1098 1381 1241 1420 civitas
1263 1382 1447 1421 omnium
1468 1382 1671 1435 princeps.
1711 1378 1778 1421 31.
1805 1382 1956 1421 Verum

212 1444 314 1483 haec
346 1443 446 1483 Cato
476 1443 648 1483 nimium
681 1456 757 1482 nos
788 1444 938 1483 nostris
969 1444 1105 1482 verbis
1137 1456 1284 1495 magna
1313 1443 1448 1483 facere
1471 1444 1728 1484 demonstrat
1748 1449 1789 1483 et
1808 1444 1957 1484 oblitos

161 1522 196 1549 υιο
212 1519 326 1552 csse,
370 1505 527 1545 bellum
566 1505 667 1545 illud
709 1518 830 1544 omne
870 1505 1195 1545 Mithridaticum
1235 1520 1326 1546 cum
1367 1506 1618 1545 mulierculis
1658 1520 1748 1546 csse
1784 1512 1956 1558 gestum.

213 1566 336 1616 Quod
376 1580 452 1619 ego
492 1567 616 1620 longe
654 1580 772 1607 secus
817 1567 1028 1614 existimo,
1070 1566 1253 1613 iudices,
1299 1567 1433 1620 (leque
1477 1581 1525 1607 eo
1566 1581 1698 1620 pauca
1739 1568 1957 1615 disseram3

212 1643 349 1683 neque
381 1629 490 1669 enim
522 1643 644 1669 causa
673 1630 715 1669 in
743 1629 824 1669 hoc
855 1630 1103 1669 continetur.

323 1695 426 1733 Nam
466 1692 500 1732 si
544 1691 684 1732 omnia
722 1692 855 1739 bella,
905 1704 1011 1744 quae
1052 1705 1145 1731 cum
1185 1692 1349 1732 Graecis
1388 1692 1610 1745 gessimus,
1660 1692 1959 1732 contemnenda

214 1761 326 1804 sunt,
367 1754 606 1794 derideatur
642 1755 692 1793 de
732 1767 828 1807 rege
867 1754 1025 1807 Pyrrho
1070 1754 1302 1807 triumphus
1342 1755 1407 1794 Μ’.
1444 1755 1572 1801 Curii,
1612 1754 1662 1794 de
1692 1754 1882 1807 Philippo
1914 1756 1959 1794 T.

165 1833 200 1861 25
214 1815 456 1865 Flaminini,
488 1817 539 1856 de
568 1817 725 1856 Aetolis
754 1817 808 1856 M.
838 1816 991 1863 Fulvii,
1024 1815 1073 1856 de
1105 1829 1200 1869 rege
1232 1817 1355 1856 Perse
1388 1818 1430 1856 L.
1456 1816 1599 1864 Pauli,
1632 1817 1682 1857 de
1703 1816 1961 1870 Pseudophi—

214 1880 328 1934 lippo
361 1879 411 1928 Q.
441 1879 623 1927 Metelli,
665 1878 714 1918 de
748 1878 970 1919 Corinthiis
1006 1879 1051 1918 L.
1083 1879 1289 1918 Mummii:
1333 1880 1397 1918 sin
1434 1879 1536 1919 haec
1574 1879 1683 1918 bella
1721 1879 1960 1932 gravissima

212 1942 491 1995 victoriaeque
524 1955 667 1981 eorum
697 1942 901 1982 bellorum
933 1942 1185 1994 gratissimae
1215 1941 1406 1989 fuerunt,
1438 1955 1509 1980 cur
1538 1942 1743 1983 Asiaticae
1773 1942 1961 1981 nationes

214 2010 338 2058 atque
368 2004 437 2043 ille
469 2017 492 2043 a
522 2008 561 2044 te
592 2004 724 2044 hostis
756 2004 1057 2043 contemnitur?
1102 2004 1228 2056 Atqui
1252 2017 1302 2043 ex
1322 2009 1505 2043 veterum
1527 2017 1663 2043 rerum
1684 2004 1961 2044 monumentis

214 2067 279 2106 vel
310 2066 535 2106 maximum
566 2066 721 2105 bellum
752 2066 953 2119 populum
983 2067 1213 2105 Romanum
1246 2080 1337 2106 cum
1368 2066 1570 2106 Antiocho
1612 2066 1788 2119 ge'ssisse
1818 2066 1959 2105 video:

164 2144 200 2172 30
215 2129 331 2169 cuius
363 2128 460 2168 belli
491 2129 617 2169 victor
648 2129 692 2167 L.
726 2129 864 2181 Scipio
894 2128 1164 2182 aequiparata
1195 2142 1286 2168 cum
1318 2128 1462 2169 Publio
1492 2128 1615 2168 fratre
1647 2129 1797 2181 gloria,
1839 2142 1960 2181 quam

301 2334 330 2364 ,1,
353 2341 455 2373 parce
479 2342 513 2369 χ.
543 2350 577 2354 -
604 2332 642 2362 (le
666 2340 714 2362 me
736 2331 816 2361 'nihil
838 2340 877 2368 v,
910 2331 989 2362 nihil
1012 2332 1050 2362 cle
1072 2340 1108 2363 re
1132 2332 1156 2363 1⁴]
1171 2333 1208 2363 C.
1234 2351 1275 2354 *—-
1300 2333 1408 2363 (liram
1433 2335 1469 2363 (¹1.
1498 2350 1531 2354 -«
1560 2333 1590 2364 ῑὶ.
1616 2334 1679 2364 sint
1702 2335 1739 2366 G.
1769 2351 1804 2356 —-
1826 2338 1962 2374 possunt

216 2383 238 2414 Ε
254 2385 276 2413 G
294 2392 330 2413 v:
352 2385 481 2422 possent
504 2382 554 2419 M,
582 2381 706 2419 possint
729 2390 764 2417 χ.
790 2399 832 2402 »Α
856 2381 886 2412 7.
914 2382 1095 2421 ἰηίσίίίῃαηι
1119 2384 1142 2413 G
1157 2391 1188 2413 v.
1210 2400 1243 2403 —
1272 2384 1302 2413 8.
1330 2383 1371 2413 ab
1394 2384 1515 2414 honore
1538 2385 1564 2414 ll
1579 2385 1724 2423 STxV,
1750 2385 1782 2417 M
1805 2394 1882 2426 sup.
1901 2384 1958 2418 lin.

278 2432 454 2471 dispessitis
477 2433 521 2468 G3
547 2431 696 2470 depositis
719 2431 787 2462 EM
800 2440 841 2469 ν,
868 2432 886 2462 6
910 2433 1013 2470 ()xx.,
1043 2435 1115 2464 Par.
1143 2432 1172 2464 [1.
1199 2434 1235 2470 8,
1263 2433 1357 2472 quod
1382 2433 1550 2465 mendum
1574 2443 1614 2465 ex
1639 2434 1785 2467 lectione
1809 2437 1963 2476 adpositis

214 2483 328 2513 ortum
364 2482 519 2521 videtur,
553 2490 658 2522 quam
687 2490 809 2512 verani
838 2490 918 2512 cum
950 2482 1070 2514 Lamb.
1098 2482 1223 2514 haheo.
1258 2501 1291 2505 —
1326 2484 1519 2521 cuiusquam
1543 2487 1578 2514 tl.
1612 2503 1653 2507 ν-
1674 2486 1713 2516 ’9,
1741 2485 1861 2525 aliquis
1882 2487 1914 2518 M
1927 2496 1958 2525 v,

217 2534 294 2572 Lag.
322 2533 340 2562 ⁴.)
365 2531 427 2563 soli
452 2541 493 2563 cx
518 2532 619 2563 notis.
640 2549 673 2553 —
702 2532 752 2563 w.
779 2540 881 2562 nouos
903 2531 928 2563 E
943 2535 966 2563 G
981 2543 1004 2570 χ
1029 2535 1104 2565 Par.
1125 2533 1154 2565 fi.
1174 2534 1205 2565 8.
1225 2534 1261 2568 Ως
1284 2542 1344 2572 per
1367 2533 1519 2564 tubicines
1542 2543 1581 2572 v,
1607 2544 1708 2566 nouos
1726 2544 1788 2574 per
1810 2535 1962 2567 tubicines

217 2584 289 2614 Par.
317 2582 347 2613 9.
376 2600 409 2603 -
439 2583 489 2613 Μ.
513 2582 617 2622 procl.
639 2591 747 2621 prom.
775 2590 843 2613 om.
870 2592 905 2619 χ.
929 2601 963 2606 —-
985 2584 1117 2622 pellitur
1142 2585 1190 2622 M,
1217 2584 1295 2615 cod.
1322 2583 1459 2622 1.ε11111).,
1487 2586 1561 2615 Par.
1589 2585 1626 2622 9,
1653 2584 1777 2616 Gellius
1800 2585 1874 2622 XX,
1900 2586 1958 2616 ⁶20:

214 2633 380 2672 repellitur
403 2633 482 2673 Lag.
509 2634 547 2671 9,
573 2632 710 2663 bellatur
733 2634 777 2670 G,
803 2633 927 2664 tollitur
952 2635 974 2665 1⁴]
989 2644 1027 2671 v,
1053 2634 1071 2665 :3
1089 2636 1204 2671 Parin,
1231 2632 1303 2665 rell.
1330 2634 1432 2674 Lagg.
1462 2653 1495 2656 -ψ
1523 2635 1573 2666 12.
1602 2638 1713 2665 nostra
1737 2644 1768 2665 v.
1787 2653 1829 2657 —-
1853 2636 1904 2667 43.
1929 2637 1962 2667 vi

215 2683 341 2723 ,τμη-11111·
362 2691 432 2713 res:
456 2683 621 2722 spernitur
645 2681 747 2713 codd.
774 2681 888 2713 Gellii:
917 2684 946 2713 vi
968 2684 1096 2723 geritur
1118 2694 1168 2715 res
1192 2684 1358 2723 repellitur
1381 2694 1417 2720 v,
1447 2685 1574 2715 videtur
1596 2686 1706 2724 respui
1727 2686 1893 2724 spernitur
1916 2687 1959 2724 M,

214 2733 342 2764 videtur
364 2733 529 2772 respuitur
552 2734 595 2770 G,
621 2732 749 2763 videtur
772 2733 916 2771 resperni
940 2734 963 2764 1⁴]
979 2735 1002 2765 C
1018 2736 1074 2771 ὃχ
1102 2734 1148 2773 (ut
1165 2735 1189 2765 F.
1201 2736 1223 2765 G
1241 2735 1264 2764 (ἶ
1279 2734 1353 2771 Ξχ,
1381 2732 1511 2764 hahent
1535 2734 1637 2764 ctiam
1663 2733 1818 2775 plerique
1844 2737 1958 2775 Lugg,

217 2783 273 2822 qui
300 2790 422 2813 omnes
446 2782 480 2813 h.
508 2781 528 2812 1.
556 2782 709 2822 corrupti
734 2782 837 2821 sunt).
870 2799 903 2802 —
942 2782 993 2814 11.
1020 2783 1280 2814 bonus—-iueet
1309 2791 1378 2814 om.
1406 2784 1442 2814 G.
1479 2800 1513 2804 —
1546 2783 1645 2813 bonus
1673 2787 1702 2814 ct
1730 2785 1820 2816 horr.
1854 2795 1888 2823 χ,
1925 2804 1958 2808 —-

215 2831 351 2863 tior-rictu
375 2833 409 2863 1..
438 2849 474 2854 —
502 2832 553 2863 45.
579 2840 715 2863 manum
739 2834 762 2861 G
778 2832 818 2870 L,
847 2833 924 2872 Lag.
952 2833 1011 2864 65:
1037 2842 1139 2864 'manu
1162 2833 1186 2863 E
1200 2834 1231 2865 M
1246 2842 1283 2870 v,
1310 2834 1412 2872 Lagg.
1439 2831 1532 2870 rell,
1559 2832 1595 2863 O.
1617 2851 1650 2855 —-
1669 2835 1722 2864 secl
1743 2834 1832 2874 ferro
1856 2835 1957 2867 codd.

216 2880 374 2912 Tulliani:
401 2882 455 2912 secl
478 2882 581 2921 magis
603 2881 691 2922 ferro
715 2881 792 2912 cod.
820 2882 939 2913 Frauc.
966 2882 1077 2915 solus:
1103 2884 1158 2913 sest
1179 2892 1274 2923 maye
1295 2883 1384 2923 ferro
1408 2881 1486 2913 edd.
1513 2883 1592 2922 post
1609 2883 1754 2923 liei-vag.
1775 2883 1961 2924 pleraeque

218 2941 259 2962 ex
284 2930 408 2969 Gellio,
436 2932 461 2963 Ο
484 2940 581 2971 maye
603 2931 738 2963 uncinis
764 2930 909 2963 inclusit.
929 2951 970 2954 ῳ
987 2932 1038 2964 46.
1065 2933 1189 2972 Sulpici
1212 2941 1281 2964 om.
1309 2934 1345 2963 G.
1368 2948 1402 2953 —
1423 2932 1473 2962 48.
1501 2931 1560 2972 res]
1585 2941 1641 2963 ars
1663 2933 1732 2971 SL,
1759 2934 1834 2964 sort.
1853 2935 1958 2965 recte.

222 3001 253 3003 —
283 2982 334 3012 119.
360 2982 418 3012 hoc
441 2982 510 3012 Tv.
540 2999 574 3002 —a
601 2990 658 3012 uos
680 2982 796 3012 uestris
818 2983 855 3012 G.
885 2997 919 3003 —
946 2983 999 3013 ⁶20.
1025 2983 1212 3013 vulneribus
1235 2992 1270 3020 χ.
1299 3001 1333 3004 -
1360 2982 1411 3013 2¹.
1438 2982 1585 3013 deserum
1609 2984 1646 3013 ti.
1664 3000 1706 3003 —
1728 2982 1780 3014 24.
1805 2982 1877 3023 Mt]
1905 2992 1958 3014 an.

218 3031 305 3068 mei,
333 3031 407 3062 CT.
438 3048 471 3051 —
501 3031 554 3062 25.
579 3031 707 3071 flamini
731 3032 772 3069 G,
802 3032 943 3071 flaminii
966 3032 990 3063 E
1007 3033 1072 3064 MC
1089 3033 1188 3063 lIST
1202 3034 1225 3063 L
1238 3042 1271 3063 v.
1305 3050 1347 3054 ——
1375 3031 1459 3071 fului
1483 3034 1519 3061 G.
1558 3050 1590 3053 μ
1622 3032 1715 3063 Pauli
1738 3032 1824 3063 mei:
1857 3033 1962 3064 Paulli

219 3081 292 3111 LO.
320 3098 361 3101 —
387 3080 438 3111 26.
464 3080 618 3111 chor-ineis
641 3082 678 3111 G.
704 3098 746 3102 —
775 3080 824 3110 sin
848 3081 894 3112 M:
926 3082 953 3111 si
977 3082 1035 3112 Ev
1059 3083 1093 3113 et
1116 3083 1134 3113 5
1160 3083 1262 3119 Oxx.;
1295 3082 1348 3113 secl
1371 3083 1407 3112 G.
1443 3098 1475 3101 —
1509 3081 1561 3112 ⁶27.
1588 3081 1793 3121 qratissimae
1816 3082 1894 3121 Lag.
1922 3083 1960 3114 13

220 3131 253 3159 et
275 3139 315 3166 χ,
342 3129 425 3160 item
449 3130 484 3161 P.
510 3130 680 3162 Victorius
704 3130 736 3161 in
761 3130 921 3171 exemplo
946 3131 1001 3162 ed.
1028 3133 1260 3170 Manutianac,
1288 3131 1381 3171 quod
1399 3132 1451 3162 cst
1467 3132 1499 3162 in
1516 3130 1724 3163 bibliotheca
1742 3132 1958 3164 Monacensi:

218 3179 432 3218 ,qravissimae
455 3179 556 3211 codd.
574 3179 660 3218 rell..
680 3181 717 3218 L,
736 3180 815 3211 edd.
835 3182 931 3218 vett.;
957 3181 1157 3213 clarissimae
1179 3182 1268 3213 coni.
1290 3180 1449 3212 Klotzius.
1463 3199 1497 3203 ——
1522 3183 1575 3214 ⁶28.
1593 3181 1700 3222 Atqui]
1724 3184 1758 3212 at
1780 3182 1835 3219 qui
1852 3183 1889 3221 G,
1908 3186 1962 3213 at-

220 3237 280 3266 que
303 3229 364 3259 EC
380 3230 462 3268 Τψ.
491 3247 524 3252 —
556 3231 609 3261 ⁶29.
634 3230 685 3261 vel
715 3231 899 3261 marimum
914 3248 962 3253 --
978 3232 1109 3271 (sessis-se
1132 3232 1231 3263 ass'ert
1254 3231 1359 3263 Prisc.
1386 3230 1459 3262 Vol.
1486 3232 1509 3262 1.
1536 3240 1569 3271 p.
1597 3231 1657 3262 623
1678 3231 1748 3267 Κ1·.,
1774 3230 1832 3270 qui
1856 3230 1962 3263 habet

220 3286 293 3307 cum
316 3287 390 3318 7·ch
412 3279 576 3310 Antiocho.
612 3296 645 3300 —
676 3280 834 3318 populum
858 3289 927 3311 om.
955 3281 990 3312 E.
1028 3298 1060 3301 —
1095 3280 1198 3321 Itone]
1231 3289 1271 3311 .r.
1298 3281 1334 3311 E.
1370 3297 1403 3301 —
1438 3281 1490 3312 30.
1523 3281 1744 3320 aequiparata
1774 3280 1961 3319 Madvigius

223 3327 293 3369 (Op.
310 3327 348 3358 ΙΙ.
364 3335 398 3368 p.
414 3328 505 3368 374):
531 3329 558 3360 si
571 3338 637 3370 qua
646 3330 765 3369 pertha
781 3331 826 3368 G,
845 3330 870 3360 si
887 3339 952 3369 qua
961 3334 1063 3370 parta
1076 3330 1177 3363 codd.
1195 3329 1287 3368 rell.;
1310 3330 1438 3370 partita
1451 3331 1486 3370 L,
1502 3334 1603 3370 parta
1616 3330 1699 3363 O.-
1710 3330 1819 3362 Publio
1833 3339 1901 3363 orn.
1919 3331 1956 3363 C.
