2143 3713
524 200 620 241 CAP.
641 197 876 241 VI—vm.
906 196 981 250 §§·
1011 195 1205 239 13-18.
1238 196 1415 252 [11—1v.
1446 197 1584 253 3—8.]
1836 196 1917 238 467

175 311 430 353 iracundiam
469 311 595 352 fidem
632 322 769 363 neque
806 314 974 362 propter
1013 307 1295 350 infidelitatem
1334 309 1532 350 honorem
1563 310 1715 350 habere
1746 310 1917 351 debetis.

176 371 241 414 46.
275 371 344 427 [6.]
378 374 513 422 Quid?
544 375 576 413 si
607 373 799 413 maiorem
831 371 954 411 etiam
984 371 1197 411 hominum
1218 371 1601 411 honestissimorum
1633 373 1789 424 copiam
1821 374 1920 412 affe-

174 450 280 483 ram,
311 450 417 490 quae
447 436 568 476 huius
585 434 725 474 virtuti
755 438 878 487 atque
909 433 1173 473 innocentiae
1195 434 1427 473 testimonio
1452 434 1581 486 possit
1602 447 1705 480 esse,
1729 440 1918 474 tamenne

174 499 266 552 plus
307 499 516 538 Gallorum
554 495 772 537 consensio
809 495 963 535 valebit
1002 509 1125 548 quam
1161 507 1343 534 summae
1381 496 1637 535 auctoritatis
1676 496 1919 536 hominum?

177 562 278 601 Cum
307 560 462 600 Galliae
488 558 682 598 Fonteius
708 562 941 609 praeesset,
973 559 1105 604 scitis,
1138 557 1316 604 iudices,
1349 558 1548 596 maximos
1578 559 1718 611 populi
1749 559 1951 598 Romani-’3

175 623 381 662 exercitus
418 621 461 660 in
500 619 658 659 duabus
697 618 907 671 Hispaniis
938 619 1272 671 clarissimosque
1303 619 1571 671 imperatores
1600 618 1741 659 fuisse.
1787 619 1920 667 Quam

175 685 292 725 multi
330 684 487 737 equites
524 681 722 728 Romani,
764 695 886 734 quain
928 682 1044 720 inulti
1082 681 1232 720 tribuni
1264 681 1462 728 militum,
1504 681 1648 734 quales
1681 687 1720 721 et
1750 687 1853 734 quot
1883 686 1923 720 et

175 748 365 801 quotiens
396 744 517 797 legati
549 742 600 782 ad
632 742 729 782 eosl
776 743 997 783 Exercitus
1028 748 1240 797 praeterea
1267 742 1339 781 Cn.
1362 743 1533 795 Pompei
1565 744 1766 783 maximus
1798 748 1921 795 atque

175 808 457 849 ornatissimus
486 805 684 845 hiemavit
712 805 755 844 in
787 804 920 844 Gallia
940 806 994 844 M.
1015 805 1187 844 Fonteio
1211 804 1451 857 imperante.
1499 805 1658 845 Satisne
1679 805 1797 844 vobis
1820 804 1924 843 mul-

174 876 257 918 tos,
298 870 396 909 satis
436 867 609 907 idoneos
649 872 774 906 testes
813 872 852 906 et
892 868 1081 907 conscios
1112 866 1275 906 videtur
1304 866 1394 919 ipsa
1424 866 1590 906 fortuna
1621 880 1712 906 esse
1742 866 1971 906 voluissem

173 945 313 972 earum
342 943 498 976 rerum,
529 942 636 982 quae
667 930 721 968 M.
744 930 915 969 Fonteio
946 934 1135 982 praetore
1167 934 1410 981 gererentur
1439 930 1480 968 in
1503 928 1668 968 Gallia?
1716 928 1849 976 Quem
1872 940 1924 966 ex

172 998 284 1034 tanto
312 991 528 1033 hominum
559 1004 733 1030 numero
765 997 913 1031 testem
944 992 985 1030 in
1015 991 1091 1030 hac
1119 1003 1242 1030 causa
1263 989 1492 1043 producere
1514 992 1715 1043 potestis?
1747 990 1841 1044 quis
1863 994 1925 1029 est

171 1069 223 1096 ex
253 1068 301 1095 eo
329 1066 524 1101 numero,
557 1053 629 1106 qui
659 1054 777 1093 vobis
808 1059 954 1093 auctor
982 1052 1168 1106 placeat?
1208 1065 1257 1091 eo
1288 1065 1364 1091 nos
1396 1052 1476 1091 iain
1506 1052 1718 1094 laudatore
1750 1058 1790 1093 et
1818 1057 1923 1092 teste

170 1123 346 1158 utemur.
406 1113 471 1155 47.
505 1113 857 1169 [7.]1)ubitahitis
899 1116 1020 1155 etiam
1062 1114 1237 1161 diutius,
1280 1114 1459 1161 iudices,
1506 1115 1606 1168 quin
1636 1115 1762 1162 illud,
1809 1113 1923 1168 quod

169 1179 285 1220 initio
315 1178 434 1220 vobis
464 1178 683 1232 proposui,
727 1177 988 1217 verissimum
1019 1177 1092 1224 sit,
1123 1176 1237 1216 aliud
1268 1190 1342 1229 per
1370 1176 1450 1216 hoc
1482 1177 1680 1217 iudicium
1711 1177 1814 1217 nihil
1843 1177 1923 1229 agi,
1938 1181 1973 1210 ⁴5

169 1242 250 1282 nisi
278 1246 325 1282 ut
350 1242 406 1281 Μ.
437 1240 608 1280 Fonteio
639 1253 837 1293 oppresso
868 1240 1117 1280 testimoniis
1149 1253 1316 1287 eorum,
1358 1240 1510 1293 quibus
1541 1240 1671 1280 multa
1700 1241 1760 1280 rei
1788 1239 1923 1293 publi-

171 1316 241 1343 cae
271 1316 398 1343 causa
425 1302 682 1343 invitissimis
712 1302 914 1355 imperata
944 1307 1059 1349 sunt,
1100 1302 1311 1354 segniores
1349 1302 1521 1354 posthac
1552 1303 1604 1342 ad
1634 1302 1922 1355 imperandum

170 1365 298 1405 ceteri
327 1365 431 1413 sint,
460 1378 555 1404 cum
585 1363 762 1404 videatis
796 1377 868 1404 eos
890 1377 1154 1418 oppugnare,
1184 1364 1335 1417 quibus
1425 1364 1569 1418 populi
1590 1365 1763 1405 Romani
1794 1365 1923 1418 impe-

169 1428 276 1468 rium
305 1427 514 1468 incolume
545 1439 636 1467 esse
666 1439 750 1466 non
780 1427 946 1480 possit?

280 1490 388 1530 VIII.
422 1486 522 1542 [IV.]
565 1488 781 1529 Obiectum
822 1493 885 1529 est
914 1488 1059 1537 etiam,
1100 1495 1319 1543 quaestum
1349 1490 1403 1529 M.
1434 1489 1651 1529 Fonteium
1683 1503 1735 1530 ex
1764 1490 1921 1530 viarum
1935 1493 1972 1524 20

169 1552 397 1594 munitione
426 1551 600 1598 fecisse,
630 1555 675 1591 ut
705 1556 774 1591 aut
804 1564 856 1590 ne
887 1557 1053 1604 cogeret
1073 1552 1257 1599 munire,
1289 1556 1361 1591 aut
1391 1552 1432 1592 id
1455 1552 1565 1605 quod
1586 1553 1791 1593 munitum
1814 1557 1924 1592 esset

169 1629 222 1656 ne
251 1615 516 1669 improbaret.
572 1613 614 1653 Si
645 1618 686 1653 et
716 1614 847 1653 coacti
879 1619 974 1653 sunt
1004 1615 1162 1653 munire
1194 1628 1338 1654 omnes
1370 1619 1410 1654 et
1439 1615 1661 1655 multorum
1692 1628 1818 1668 opera
1846 1615 1923 1654 im-

169 1678 340 1732 probata
369 1681 487 1723 sunt,
518 1681 627 1716 certe
656 1680 882 1729 utrumque
912 1675 1062 1715 falsum
1095 1681 1178 1724 est,
1210 1681 1249 1715 et
1279 1677 1331 1716 ob
1353 1676 1612 1716 vacationem
1642 1677 1821 1730 pretium
1852 1676 1924 1716 da·-

171 1745 282 1787 tum,
313 1752 405 1779 cum
434 1739 628 1779 immunis
659 1752 781 1779 nemo
812 1739 957 1786 fuerit,
999 1744 1039 1779 et
1069 1740 1120 1779 ob
1152 1738 1458 1792 probationem,
1491 1752 1583 1778 cum
1614 1739 1743 1779 multa
1771 1740 1923 1792 impro-

171 1801 268 1841 bata
307 1801 400 1841 sint.
468 1797 534 1840 218.
568 1798 637 1854 [8.]
672 1801 816 1849 Quid?
861 1801 894 1841 si
933 1800 1012 1841 hoc
1060 1802 1213 1841 crimen
1253 1801 1417 1853 optimis
1455 1801 1690 1841 nominibus
1730 1800 1922 1854 delegare
1936 1806 1972 1835 25

172 1876 416 1916 possumus,
457 1867 499 1902 et
526 1862 602 1910 ita,
641 1876 726 1902 non
755 1868 801 1902 ut
831 1863 994 1916 culpam
1024 1863 1068 1902 in
1097 1864 1200 1903 alios
1233 1863 1546 1911 transferamus,
1582 1863 1655 1904 sed
1685 1863 1745 1903 uti
1775 1863 1923 1903 docea-

173 1938 263 1965 mus
294 1938 367 1965 eos
397 1924 465 1964 isti
495 1925 715 1964 munitioni
746 1925 997 1978 praefuisse,
1030 1926 1101 1979 qui
1132 1925 1252 1964 facile
1279 1924 1461 1964 officium
1493 1938 1613 1965 suum
1644 1931 1684 1965 et
1712 1930 1922 1979 praestare

174 1992 215 2027 et
253 1988 428 2040 probare
466 1991 663 2039 possunt:
705 1991 894 2027 tamenne
925 2000 999 2027 vos
1033 1988 1170 2027 omnia
1202 1987 1244 2026 in
1274 1988 1327 2026 M.
1360 1988 1576 2027 Fonteium
1606 1987 1720 2027 iratis
1750 1987 1922 2027 testibus

172 2047 266 2088 freti
298 2048 552 2089 conferetis?
586 2049 686 2088 Cum
719 2049 946 2089 maioribus
977 2050 1037 2089 rei
1067 2050 1257 2103 publicae
1288 2049 1465 2102 negotiis
1495 2050 1548 2089 M.
1566 2050 1763 2089 Fonteius
1794 2049 1923 2102 impe-

173 2110 350 2159 diretur,
382 2116 420 2151 et
450 2124 543 2151 cum
574 2111 624 2151 ad
655 2125 741 2151 rem
771 2111 977 2164 publicam
1007 2111 1237 2164 pertineret
1264 2112 1372 2151 viam
1401 2111 1623 2151 Domitiam
1655 2112 1829 2159 muniri,
1865 2112 1924 2151 le-
1937 2116 1973 2145 30

173 2173 276 2226 gatis
315 2173 422 2222 suis,
466 2173 671 2227 primariis
710 2174 832 2221 viris,
881 2174 924 2214 C.
954 2174 1092 2214 Annio
1135 2173 1320 2214 Bellieno
1359 2179 1398 2213 et
1438 2173 1480 2213 C.
1511 2174 1681 2214 Fonteio
1711 2173 1923 2227 negotium

257 2372 290 2404 2.
315 2373 457 2413 afferam
479 2373 624 2414 scripsi:
651 2373 781 2414 adserta
802 2373 843 2411 V,
869 2374 967 2414 affert
989 2373 1030 2412 S,
1055 2374 1158 2414 affero
1183 2372 1262 2405 edd.
1286 2391 1319 2395 —-
1346 2372 1377 2404 3.
1404 2373 1657 2413 qui--possint
1673 2374 1706 2405 S.
1727 2391 1761 2396 —-
1790 2373 1821 2406 4.
1839 2383 1926 2406 sum-

171 2429 245 2453 mae
267 2422 476 2454 auctoritatis
497 2422 541 2453 V:
567 2431 697 2454 summa
719 2424 901 2455 auctoritas
923 2425 944 2455 S
958 2424 994 2455 L.
1021 2441 1055 2445 —
1081 2423 1247 2455 hominum
1271 2424 1445 2455 Faernus:
1472 2424 1616 2454 omnium
1639 2423 1700 2454 VS
1714 2424 1749 2455 L.
1769 2441 1804 2445 —
1831 2423 1861 2455 6.
1879 2424 1926 2455 hi-

171 2471 284 2511 spanis
305 2470 346 2502 V.
373 2488 408 2493 —-
434 2471 465 2503 7.
490 2472 586 2503 ‘mulli
610 2473 670 2504 TR.
694 2473 764 2504 Mil.
790 2473 830 2504 V.
859 2491 894 2496 -—
921 2473 1027 2513 qualis
1049 2473 1089 2504 V.
1118 2491 1149 2496 —
1191 2473 1221 2504 8.
1249 2474 1394 2512 quotiens
1416 2474 1444 2504 V
1460 2474 1499 2504 S:
1534 2474 1657 2513 quoties
1679 2474 1716 2505 O.
1745 2492 1780 2496 —
1807 2475 1851 2505 ad
1873 2483 1927 2506 eos

172 2520 346 2553 exercilus.
369 2521 522 2554 Preterea
544 2522 601 2554 Cn.
626 2522 796 2562 Pompeius
818 2523 850 2554 S.
871 2540 906 2544 —-
934 2523 985 2554 40.
1011 2523 1185 2554 conscissos
1200 2523 1239 2554 V.
1260 2540 1294 2545 -
1323 2524 1375 2555 Μ.
1401 2532 1530 2563 ecquem
1554 2525 1588 2554 et
1612 2523 1739 2555 deinde
1763 2525 1871 2564 ecquis
1887 2525 1922 2555 L.

173 2569 283 2610 (quem
296 2571 490 2610 --polestis
510 2580 700 2613 perperam
723 2580 787 2612 pro
812 2572 937 2613 spuriis
953 2571 1074 2604 habuit
1091 2572 1297 2611 Schutzius.)
1317 2591 1351 2595 —
1380 2574 1431 2604 117.
1449 2574 1590 2604 seniores
1608 2573 1644 2603 V.
1665 2590 1699 2594 —-
1720 2573 1771 2604 48.
1789 2573 1927 2604 videatis

172 2620 223 2651 V:
247 2620 381 2652 videant
403 2622 424 2653 S
438 2622 475 2654 Ο.
496 2639 531 2644 -
558 2631 750 2663 oppugnare
766 2622 794 2652 V
811 2623 925 2653 Garat.
944 2624 1050 2654 teste:
1078 2623 1264 2663 oppuynari
1281 2623 1301 2653 S
1315 2623 1351 2654 O.
1374 2640 1408 2645 —
1437 2622 1551 2661 quibus
1567 2623 1611 2653 V:
1639 2621 1753 2661 quibus
1768 2623 1927 2661 oppressis

173 2670 240 2703 SO.
259 2670 484 2703 «Tenendum
501 2673 553 2703 est
566 2672 714 2710 videatiS,
732 2680 814 2703 mox
829 2680 892 2712 pro
909 2672 1094 2712 oppugnari
1111 2671 1337 2703 scribendum
1353 2681 1564 2712 oppugnat-<33
1584 2671 1709 2703 deinde
1728 2674 1845 2702 autem
1861 2679 1925 2712 pro

171 2720 341 2760 oppressis,
365 2719 426 2752 ubi
442 2730 526 2753 sane
543 2721 753 2755 vocabulum
771 2720 907 2759 excidit,
934 2720 1025 2752 aliud
1043 2721 1295 2762 reponendum,
1322 2721 1386 2752 sed
1408 2720 1510 2762 plane
1528 2721 1688 2752 contrarii
1708 2728 1849 2752 sensus:
1873 2720 1926 2750 υἰ-

172 2769 314 2802 ctoribus
327 2769 489 2810 arbitror,
507 2773 546 2803 ut
561 2773 631 2803 tota
650 2770 814 2812 periodus
832 2771 881 2802 sic
901 2770 1086 2810 procedat:
1113 2770 1549 2802 Dubitabilis-allud-nihil
1565 2771 1637 2810 ayt,
1657 2771 1717 2801 nisi
1732 2770 1926 2810 ul—seqnio-

171 2827 224 2850 res
239 2818 284 2850 ad
305 2818 536 2859 imperandum
558 2821 655 2853 ceteri
676 2821 757 2860 sint,
783 2829 857 2851 cum
872 2820 1010 2851 videatis
1026 2829 1078 2851 eos
1094 2829 1302 2860 oppufflzare,
1328 2820 1443 2858 quibus
1457 2820 1632 2851 victoribus
1646 2820 1679 2851 P.
1699 2820 1736 2850 [ι’.
1755 2819 1926 2858 imperium

173 2869 332 2902 incolume
354 2879 418 2902 esse
438 2879 505 2902 non
525 2872 658 2910 possit.»
683 2872 842 2903 Nmssuniz.
877 2871 1003 2902 Contra
1027 2869 1193 2902 Orellius:
1222 2871 1400 2902 «Nimium
1423 2872 1592 2911 quantum
1616 2866 1712 2900 κατὰ
1736 2866 1802 2900 τὸν
1825 2867 1926 2910 λογι-

173 2914 243 2950 κὸν
271 2915 391 2951 τόπον
414 2922 541 2961 peccat
570 2922 609 2952 N.
636 2921 855 2956 coniectura.
887 2928 952 2951 nec
985 2919 1124 2951 defendi
1154 2919 1260 2951 debet
1284 2929 1325 2951 ex
1356 2920 1450 2951 initio
1474 2920 1576 2951 huius
1600 2919 1732 2960 capitis.
1769 2917 1926 2949 Fortibus

176 2966 341 3008 ducibus,
367 2968 478 3010 qualis
501 2969 613 3002 fuerat
636 2970 809 3007 Fonteius,
835 2979 898 3011 per
922 2978 1027 3009 quein
1052 2978 1082 3000 0.
1100 2970 1132 3001 2.
1158 2968 1272 3000 coloni
1296 2970 1400 3000 etiam
1422 2969 1670 3001 Narbonenses
1694 2977 1731 3000 se
1754 2967 1929 2999 incolumes

177 3017 418 3050 existimabant
440 3027 535 3058 esse,
562 3018 706 3059 talibus,
732 3020 892 3059 inquam,
919 3020 1095 3060 oppressis
1118 3019 1304 3060 imperium
1328 3019 1442 3059 ipsum
1466 3020 1500 3050 P.
1519 3020 1555 3050 R.
1574 3018 1747 3050 incolume
1764 3026 1841 3049 esse
1859 3025 1927 3048 non

177 3067 323 3106 poterat.
358 3068 556 3101 Victoribus
581 3068 682 3101 Gallis
704 3069 786 3101 illud
814 3068 986 3101 incolume
1012 3078 1080 3100 non
1104 3069 1194 3106 sore,
1232 3067 1331 3107 quid,
1369 3076 1515 3107 quaeso,
1553 3067 1721 3099 attinebat
1752 3066 1925 3097 dicerem

178 3114 353 3149 Lacunam
376 3118 480 3150 statui
504 3127 584 3150 cum
607 3119 849 3157 Mommsenio,
877 3119 931 3150 cui
956 3118 1043 3149 haec
1067 3117 1139 3149 sere
1155 3117 1318 3148 videntur
1334 3116 1477 3148 deesse:
1504 3126 1578 3149 cum
1599 3116 1735 3148 videalis
1757 3125 1808 3147 eos
1824 3125 1929 3156 oppu-

178 3173 300 3205 9nare,
324 3167 440 3205 quibus
461 3168 625 3208 imperata
646 3168 710 3199 sint
729 3177 787 3207 ea,
811 3169 880 3199 sine
895 3168 1009 3208 quibus
1027 3167 1141 3207 populi
1156 3168 1192 3198 R.
1212 3166 1385 3206 imperium
1406 3167 1566 3198 incolume
1588 3175 1652 3199 esse
1673 3174 1735 3196 non
1756 3165 1869 3204 possit.
1890 3183 1925 3188 -—

181 3213 233 3245 ⁴9.
257 3214 432 3249 incolumes
453 3218 494 3249 V.
522 3234 557 3240 —
583 3217 637 3249 24.
662 3218 845 3250 municione
867 3218 907 3249 V.
936 3235 972 3239 —
997 3218 1051 3248 ⁶23.
1076 3220 1121 3248 est
1143 3216 1183 3257 el]
1209 3220 1287 3247 essct
1310 3216 1348 3253 V,
1375 3219 1452 3247 essct
1475 3220 1504 3248 et
1527 3218 1560 3248 S.
1589 3235 1623 3238 —
1645 3216 1812 3255 praelium
1834 3215 1873 3247 V.
1890 3233 1925 3237 —

180 3261 234 3294 24.
258 3267 289 3296 et
310 3267 575 3306 opprobationem
595 3267 637 3299 V.
664 3285 700 3290 —
725 3268 778 3300 25.
803 3271 877 3300 sunl
900 3268 931 3300 S.
957 3284 992 3289 —
1019 3267 1180 3307 denegare
1203 3268 1235 3297 S.
1262 3284 1297 3288 —
1322 3266 1376 3297 ⁶27.
1400 3266 1500 3306 facite
1521 3266 1559 3298 V.
1591 3283 1625 3288 —
1651 3265 1703 3296 ⁶28.
1728 3264 1808 3295 irati
1829 3265 1870 3296 V.
1891 3283 1926 3287 —

181 3310 234 3344 30.
258 3312 348 3347 viam
370 3315 520 3350 domiliat
540 3317 581 3350 V.
602 3335 637 3341 -—
661 3318 786 3350 muniri
807 3318 1023 3351 Hotomanus
1048 3318 1082 3349 et
1105 3317 1276 3348 Faernus:
1302 3316 1431 3349 munire
1452 3317 1525 3348 VS.
1549 3333 1584 3339 —
1611 3316 1663 3348 31.
1688 3315 1842 3347 Bellieno
1865 3316 1904 3348 V.
