2143 3713
686 198 782 240 οη.
812 197 1000 239 L-Lu.
1038 197 1113 252 §§.
1144 195 1391 238 439-443.
1829 197 1910 239 583

167 315 352 355 oratione
381 314 566 367 asperius
595 312 703 352 dicta
731 310 963 358 recitasset,
996 324 1078 364 quo
1109 311 1235 350 animi
1266 309 1430 349 illorum
1452 310 1633 352 iudicum
1654 313 1697 353 in
1720 313 1909 355 Crassum

165 377 506 424 incenderentur,
549 375 807 428 aliquantum
846 384 936 412 esse
975 377 1202 412 commotus
1243 371 1406 411 dicitur.
1467 368 1558 412 141.
1589 374 1733 428 Itaque
1774 377 1816 416 in
1846 391 1910 418 re-

165 438 406 492 spondendo
446 439 622 492 primum
661 433 856 486 exposuit
887 434 1101 487 utriusque
1133 433 1334 473 rationem
1365 435 1585 486 temporis,
1620 441 1665 476 ut
1695 438 1826 477 oratio
1859 453 1911 479 ex

165 514 208 540 re
240 505 280 541 et
309 513 431 541 causa
459 499 599 540 habita
628 495 856 542 videretur,
890 495 1063 543 deinde,
1098 501 1143 535 ut
1162 494 1393 547 intelligere
1421 501 1564 547 posset
1583 498 1754 545 Brutus,
1787 513 1910 552 quem

164 562 374 602 hominem
406 567 446 602 et
474 573 556 600 non
588 557 721 598 solum
752 570 835 610 qua
865 557 1126 611 eloquentia,
1156 570 1297 597 verum
1329 556 1452 596 etiam
1484 571 1566 610 quo
1595 558 1738 612 lepore
1763 566 1801 600 et
1822 561 1943 613 qui-5

165 624 240 664 bus
274 622 432 663 facetiis
476 619 707 676 praeditum
747 619 1005 667 lacessisset,
1051 624 1133 659 tres
1175 619 1264 671 ipse
1304 618 1501 658 excitavit
1539 621 1779 661 recitatores
1819 635 1912 661 cum

165 685 339 738 singulis
368 684 541 735 libellis,
572 694 677 735 quos
707 681 761 721 M.
793 682 965 729 Brutus,
1002 687 1120 735 pater
1147 680 1261 720 illius
1293 681 1567 730 accusatoris,
1599 682 1650 722 de
1682 683 1770 723 iure
1803 684 1914 724 civili

164 745 341 799 reliquit.
390 748 541 788 Eorum
571 742 687 784 initia
718 756 810 783 cum
840 744 1133 791 recitarentur,
1171 756 1240 790 ea,
1284 755 1390 796 quae
1430 742 1548 783 vobis
1588 750 1688 785 nota
1720 759 1809 785 esse
1851 759 1915 785 ar-

163 808 312 856 bitror,
358 809 508 848 «Forte
549 806 686 847 evenit
738 810 784 845 ut
823 806 906 845 ruri
947 807 990 846 in
1030 804 1263 846 Privernati
1294 817 1477 845 essemus
1509 818 1584 859 ego
1617 811 1658 847 et
1686 807 1836 846 Brutus
1865 808 1914 846 fi-

164 870 291 917 lius»,
310 869 492 910 fundum
521 869 802 910 Privernatem
834 868 1066 921 flagitabat:
1104 868 1176 907 «In
1197 867 1357 906 Albano
1389 880 1552 908 eramus
1585 882 1661 921 ego
1694 873 1736 908 et
1765 869 1913 910 Brutus
1931 881 1965 910 1¹0

162 932 323 979 filius»,
370 931 573 972 Albanum
612 930 833 984 poscebat:
890 944 906 965 α
922 930 967 969 In
1009 930 1167 970 Tiburti
1206 929 1312 969 forte
1355 943 1447 969 cum
1488 931 1716 971 assedimus
1759 943 1835 983 ego
1876 937 1916 971 et

162 996 310 1033 Brutus
338 990 501 1041 filius»,
547 993 758 1033 Tiburtem
788 992 962 1032 fundum
992 992 1259 1046 requirebat:
1305 992 1474 1032 Brutum
1505 997 1664 1040 autem,
1703 992 1914 1033 hominem

161 1055 412 1107 sapientem,
455 1055 566 1108 quod
606 1053 680 1093 filii
721 1055 950 1107 nequitiam
991 1054 1174 1102 videret,
1216 1067 1322 1108 quae
1364 1053 1535 1107 praedia
1565 1054 1602 1093 ei
1632 1054 1915 1107 relinqueret,

161 1115 374 1156 testificari
413 1117 594 1158 voluisse
634 1115 810 1155 dicebat.
871 1115 994 1164 Quod
1035 1117 1069 1156 si
1109 1117 1320 1169 potuisset
1349 1115 1524 1156 honeste
1556 1117 1757 1164 scribere,
1799 1130 1842 1157 se
1873 1118 1914 1157 in

159 1178 318 1219 balneis
348 1192 442 1219 cum
471 1180 514 1220 id
544 1179 686 1219 aetatis
716 1176 802 1218 filio
832 1178 986 1226 fuisse,
1018 1192 1103 1218 non
1134 1179 1419 1231 praeterisset:
1452 1192 1521 1218 eas
1553 1192 1596 1219 se
1627 1183 1765 1218 tamen
1794 1179 1845 1218 ab
1867 1192 1915 1219 eo
1931 1191 1966 1220 ⁴5

159 1240 329 1280 balneas
359 1254 444 1281 non
476 1255 528 1282 ex
558 1241 674 1281 libris
705 1241 856 1293 patris,
888 1241 961 1281 sed
993 1254 1046 1280 ex
1076 1240 1223 1281 tabulis
1256 1246 1294 1280 et
1325 1253 1376 1280 ex
1402 1253 1530 1280 censu
1551 1253 1764 1294 quaerere.
1799 1241 1915 1281 Cras-

160 1316 230 1343 sus
261 1307 346 1343 tum
377 1303 435 1344 ita
464 1305 635 1343 Brutum
666 1303 777 1342 ultus
810 1307 891 1350 est,
922 1308 968 1342 ut
997 1303 1116 1343 illum
1146 1302 1402 1342 recitationis
1425 1316 1524 1343 suae
1549 1303 1793 1356 poeniteret.
1827 1303 1915 1342 Mo-

159 1365 260 1405 leste
301 1365 411 1406 enim
452 1365 625 1406 fortasse
668 1365 819 1405 tulerat
849 1379 893 1405 se
925 1365 968 1405 in
998 1365 1049 1405 iis
1081 1364 1339 1405 orationibus
1370 1366 1692 1418 reprehensum,
1732 1378 1833 1418 quas
1865 1365 1914 1405 de

158 1441 201 1468 re
243 1428 407 1481 publica
450 1428 685 1475 habuisset,
731 1427 774 1466 in
815 1427 967 1481 quibus
1011 1427 1185 1467 forsitan
1224 1428 1355 1480 magis
1394 1428 1629 1482 requiratur
1669 1427 1914 1467 constantia.

160 1486 253 1528 442.
286 1489 374 1542 Ego
406 1496 544 1531 autem
575 1490 648 1530 illa
677 1490 850 1530 recitata
879 1502 970 1530 esse
1000 1503 1085 1529 non
1115 1489 1288 1529 moleste
1318 1488 1421 1529 fero.
1465 1491 1609 1544 Neque
1631 1490 1742 1529 enim
1763 1490 1813 1529 ab
1843 1490 1914 1530 illo
1931 1501 1966 1531 20

158 1558 364 1605 tempore,
396 1552 510 1606 quod
541 1558 628 1592 tum
660 1557 768 1599 erat,
799 1565 936 1606 neque
968 1552 1018 1592 ab
1047 1565 1103 1600 ea,
1116 1565 1263 1599 causa,
1296 1565 1402 1605 quae
1424 1557 1510 1593 tum
1531 1553 1750 1605 agebatur,
1780 1552 1916 1594 aliena

157 1614 345 1654 suerunt:
376 1627 512 1668 neque
544 1614 645 1654 mihi
676 1613 903 1668 quidquam
936 1614 1075 1654 oneris
1106 1614 1291 1667 suscepi,
1323 1627 1414 1654 cum
1444 1615 1514 1654 illa
1534 1614 1642 1662 dixi,
1674 1628 1757 1668 quo
1778 1615 1914 1655 minus

157 1675 333 1716 honeste
362 1675 470 1716 hanc
501 1689 669 1717 causam
701 1681 742 1716 et
771 1676 901 1716 libere
931 1689 1100 1729 possem
1130 1675 1366 1716 defendere.
1417 1676 1540 1725 Quod
1570 1677 1606 1717 si
1635 1677 1759 1717 velim
1789 1675 1915 1717 confi-

161 1739 238 1778 teri
268 1751 334 1778 me
367 1751 533 1778 causam
562 1738 610 1777 A.
634 1738 812 1778 Cluentii
843 1752 952 1778 nunc
983 1752 1208 1792 cognosse,
1239 1744 1361 1780 antea
1388 1738 1517 1780 fuisse
1547 1740 1591 1779 in
1621 1739 1693 1780 illa
1720 1739 1914 1793 populari
1982 1786 1993 1801 ι

159 1799 382 1852 opinione,
413 1800 508 1853 quis
539 1799 705 1840 tandem
736 1800 776 1839 id
796 1801 930 1853 possit
949 1800 1284 1855 reprehendere?
1314 1801 1579 1854 praesertim,
1609 1801 1789 1849 iudices,
1821 1815 1913 1841 cum
1928 1814 1964 1844 25

158 1875 182 1902 a
225 1861 344 1902 vohis
386 1875 556 1915 quoque
596 1862 697 1915 ipsis
736 1861 817 1902 hoc
856 1863 1067 1916 impetrari
1102 1863 1155 1902 sit
1184 1863 1504 1917 aequissimum,
1544 1863 1656 1917 quod
1687 1876 1763 1916 ego
1794 1868 1835 1903 et
1863 1863 1914 1903 ab

158 1923 277 1964 initio
317 1924 450 1978 petivi
491 1929 531 1964 et
570 1937 681 1964 nunc
710 1929 833 1978 peto,
873 1930 938 1973 ut,
979 1925 1013 1965 si
1045 1938 1169 1978 quam
1199 1924 1281 1965 huc
1311 1925 1543 1979 graviorem
1574 1925 1625 1965 de
1654 1925 1725 1965 illo
1754 1925 1912 1966 iudicio

158 1985 400 2039 opinionem
440 1985 656 2033 attulistis,
698 1985 804 2026 hanc
845 1999 968 2027 causa
998 1992 1216 2040 perspecta
1245 1992 1370 2041 atque
1401 1988 1515 2028 omni
1544 1988 1717 2029 veritate
1747 1987 1914 2041 cognita

158 2047 394 2100 deponatis.

268 2109 354 2149 LII.
380 2106 474 2149 2143.
504 2110 645 2158 Nunc,
677 2110 874 2164 quoniam
895 2111 946 2152 ad
969 2112 1129 2159 omnia,
1161 2125 1267 2165 quae
1298 2112 1371 2152 abs
1402 2117 1442 2152 te
1465 2113 1574 2153 dicta
1594 2118 1712 2162 sunt,
1745 2114 1790 2154 T.
1813 2113 1912 2162 Atti,
1925 2125 1962 2155 30

156 2172 207 2212 de
238 2171 462 2225 Oppianici
493 2171 756 2212 damnatione
795 2173 1014 2226 respondi,
1055 2171 1275 2214 confiteare
1306 2188 1476 2215 necesse
1508 2180 1570 2215 est
1598 2181 1639 2215 te
1671 2176 1912 2230 opinionem

156 2233 333 2274 multum
371 2232 595 2282 fefellisse,
638 2234 752 2288 quod
793 2235 1066 2284 existimaris,
1105 2249 1171 2276 me
1203 2250 1368 2277 causam
1396 2238 1444 2277 A.
1477 2237 1658 2278 Cluentii
1689 2252 1774 2279 non
1801 2238 1911 2279 facto

156 2296 270 2344 eius,
312 2295 385 2336 sed
424 2296 516 2349 lege
554 2295 834 2337 defensurum.
883 2299 987 2338 Nam
1015 2297 1096 2339 hoc
1126 2312 1328 2352 persaepe
1361 2298 1526 2347 dixisti,
1565 2300 1640 2340 tibi
1670 2301 1729 2340 sic
1758 2315 1912 2342 renun-

156 2357 274 2405 tiari,
307 2369 372 2396 me
402 2356 556 2398 habere
586 2359 630 2398 in
659 2358 797 2398 animo
830 2372 998 2399 causam
1027 2360 1134 2400 hanc
1163 2361 1373 2414 praesidio
1395 2362 1499 2415 legis
1521 2361 1755 2403 defendere.
1795 2364 1910 2404 Itane

155 2421 249 2461 est?
295 2419 346 2459 ab
391 2420 534 2460 amicis
575 2421 859 2475 imprudentes
890 2422 1085 2463 videlicet
1113 2423 1350 2477 prodimur,
1397 2428 1437 2464 et
1467 2429 1530 2464 est
1558 2425 1701 2464 nescio
1733 2425 1828 2478 quis
1859 2425 1959 2467 de35

153 2482 230 2530 iis,
275 2494 380 2535 quos
421 2482 575 2522 amicos
614 2483 736 2523 nobis
772 2483 1040 2532 arbitramur,
1086 2485 1159 2539 qui
1189 2491 1332 2526 nostra
1363 2486 1538 2527 consilia
1567 2486 1619 2526 ad
1649 2486 1909 2528 adversarios

154 2544 323 2585 deferat.
381 2543 582 2593 Quisnam
622 2544 702 2585 hoc
741 2545 814 2585 tibi
854 2546 1135 2587 renuntiavit?
1182 2547 1276 2602 quis
1314 2553 1398 2588 tam
1429 2548 1646 2602 improbus
1677 2548 1785 2589 fuit?
1831 2549 1907 2590 Cui

239 2668 270 2699 t.
294 2666 451 2698 iudicium
473 2667 510 2698 T.
531 2684 565 2689 —
591 2667 622 2699 2.
648 2667 683 2699 in
706 2676 774 2699 om.
794 2668 864 2700 ST.
884 2686 919 2690 —
947 2668 978 2700 3.
1000 2670 1109 2709 posuit
1126 2670 1161 2701 T.
1183 2688 1218 2693 —
1244 2670 1277 2704 4.
1303 2670 1342 2712 et]
1367 2680 1409 2703 ea:
1433 2672 1474 2709 T}
1501 2674 1529 2704 et
1551 2680 1594 2703 ea:
1610 2672 1680 2704 SL.
1709 2672 1759 2704 Cf.
1779 2672 1810 2714 g.
1829 2673 1905 2706 439.

155 2734 190 2738 -
218 2716 249 2748 6.
273 2716 339 2756 ipse
361 2716 438 2748 ST:
463 2719 493 2748 et
514 2717 582 2757 ipse
604 2718 669 2749 ΒΑ
684 2716 791 2751 [80.
820 2735 853 2740 -
881 2718 911 2749 9.
935 2718 1120 2751 Privernati
1146 2720 1390 2760 Quintilianus,
1416 2722 1615 2754 Priscianus
1642 2722 1722 2762 (VII.
1742 2723 1799 2761 1¹2,
1826 2723 1905 2763 60.)‚

153 2767 196 2798 O:
220 2767 410 2799 Privernate
431 2765 584 2801 QIALQ.
619 2785 653 2789 —-
687 2776 786 2800 essem
816 2769 849 2800 S.
878 2785 912 2789 —
947 2768 998 2799 Μ.
1025 2768 1353 2812 Albanum--filius
1384 2779 1453 2802 om.
1481 2772 1558 2803 SM.
1586 2788 1621 2793 —
1657 2771 1784 2803 Tiburte
1806 2770 1840 2806 8.
1868 2789 1903 2795 —

152 2825 210 2857 eqo
233 2819 263 2848 et
283 2816 405 2848 Brutus
425 2816 512 2857 filius
534 2825 604 2849 om.
631 2817 704 2850 ΡΑ.
734 2836 768 2841 -
799 2817 851 2850 44.
877 2818 1043 2859 testificari
1065 2827 1097 2851 se
1120 2819 1236 2852 STM.
1264 2837 1300 2842 —-
1331 2820 1469 2852 voluisse
1493 2819 1619 2852 dicebat
1642 2821 1662 2851 S
1677 2820 1757 2851 TL:
1784 2820 1909 2853 dicebat

150 2865 287 2898 voluisse
301 2864 412 2900 ΑΣΞΟ.
432 2884 467 2888 -
494 2867 545 2899 45.
565 2869 787 2907 praeteriisset
810 2869 874 2900 AL
888 2867 921 2902 ἓ.
941 2886 976 2891 -
1002 2876 1035 2900 se
1051 2877 1120 2901 om.
1138 2869 1159 2900 S
1174 2869 1210 2901 T.
1225 2885 1261 2892 -
1288 2869 1341 2901 1¹6.
1367 2870 1423 2901 sed
1446 2878 1515 2901 om.
1534 2870 1570 2901 T.
1591 2887 1626 2891 —
1652 2878 1695 2901 ea:
1717 2871 1796 2901 ante
1812 2879 1908 2902 censu

153 2923 222 2947 om.
240 2915 274 2947 S.
295 2933 330 2938 —
356 2915 409 2948 48.
434 2916 483 2947 his
505 2916 650 2949 STFA.
670 2935 705 2940 -
731 2918 784 2950 20.
810 2927 874 2950 esse
897 2925 966 2949 om.
986 2917 1103 2949 FMA.
1125 2935 1159 2940 —
1186 2918 1238 2950 22.
1263 2918 1355 2959 fuere
1378 2919 1447 2950 ST.
1474 2918 1526 2951 Cf.
1546 2919 1743 2960 Zumptium
1759 2918 1803 2950 ad
1819 2919 1907 2951 Ver-

153 2964 218 2996 rin.
242 2973 276 3006 p.
300 2964 374 2996 402.
402 2983 437 2988 —
473 2965 532 2997 illa
564 2964 737 3000 Halmius:
774 2968 822 2999 ita
845 2967 922 3004 ST;
959 2966 1023 2997 ista
1046 2967 1109 2998 ΒΑ
1125 2965 1233 3000 Lsso.
1274 2986 1308 2991 —
1339 2967 1393 3000 24.
1419 2976 1573 3009 cognosce
1596 2969 1683 3005 TM3
1717 2977 1907 3010 coqrzoscere

154 3012 262 3048 FAss.
288 3031 323 3036 —
360 3014 430 3056 illa]
455 3023 494 3047 ea
517 3015 591 3048 ST.
615 3032 650 3039 —
679 3017 837 3057 populari
859 3016 1008 3056 opinione
1031 3016 1111 3047 ST:
1138 3017 1288 3057 opinione
1305 3017 1465 3058 populari
1487 3018 1590 3050 RAL
1605 3017 1678 3052 80.
1706 3035 1740 3040 —
1767 3018 1820 3050 26.
1845 3019 1908 3051 im-

151 3066 282 3103 petrare
304 3062 340 3098 ἓ.
361 3082 397 3088 -
421 3065 474 3097 27.
499 3065 572 3107 huc]
595 3066 670 3099 huic
692 3068 771 3107 ST,
796 3067 861 3100 sed
884 3067 905 3097 S
928 3065 1040 3097 lit-tera
1063 3065 1075 3096 i
1098 3068 1281 3107 expuncta.
1309 3067 1359 3099 Cf.
1378 3066 1409 3107 S.
1428 3067 1460 3099 6.
1481 3085 1517 3090 —
1541 3067 1594 3100 28.
1620 3068 1681 3099 hac
1704 3069 1737 3100 S.
1758 3085 1794 3091 —
1819 3073 1906 3102 attu-

154 3112 266 3144 lissetis
288 3113 358 3145 ST.
386 3131 419 3136 —
447 3114 499 3146 30.
527 3115 559 3147 T.
586 3124 654 3147 om.
681 3117 751 3149 ST.
779 3134 814 3139 —
840 3116 892 3148 34.
919 3115 1104 3156 confitearis
1126 3116 1196 3147 ST.
1225 3134 1259 3139 —
1285 3115 1338 3148 33.
1363 3117 1451 3149 Nam
1472 3117 1531 3150 hoc
1547 3118 1682 3158 --ipsa
1704 3119 1906 3151 renuntiavit

156 3160 379 3199 Quintilianus
394 3163 435 3196 V.
453 3163 512 3204 43,
537 3163 590 3197 47.
621 3182 655 3187 —
684 3167 755 3198 dari
779 3164 974 3205 Quintiliani
998 3163 1136 3196 codices
1160 3165 1291 3206 optimi.
1320 3183 1354 3188 —
1381 3165 1434 3198 35.
1458 3167 1676 3207 imprudentes
1696 3167 1841 3199 videlicet
1863 3168 1901 3207 S,

156 3209 396 3248 Quintilianus:
427 3213 573 3246 videlicet
599 3214 680 3254 (om.
705 3215 933 3256 imprudentes)
959 3215 1005 3251 T;
1036 3214 1181 3247 videlicet
1202 3216 1421 3255 imprudentes
1441 3215 1628 3251 RALQO.
1658 3234 1691 3238 —
1726 3215 1780 3248 36.
1804 3216 1832 3248 is
1853 3217 1900 3254 M;

154 3259 202 3289 his
224 3259 369 3293 STFA.
397 3280 432 3285 -
457 3262 558 3304 nobis]
582 3267 710 3296 nostros
733 3265 799 3297 ST.
828 3282 863 3287 —
889 3264 1117 3297 adversarium
1141 3263 1380 3303 Quintilianus.
1400 3284 1435 3289 -
1461 3266 1514 3299 37.
1538 3266 1596 3299 hoc
1618 3265 1675 3298 tibi
1697 3265 1773 3306 ST,
1799 3265 1902 3305 Quin-

155 3306 307 3341 tilianus:
331 3310 389 3343 tibi
408 3312 467 3345 hoc
488 3311 626 3348 RALQ
640 3313 677 3346 Ο.
