2106 3724
622 743 675 783 M.
714 740 935 782 TULLII
974 740 1325 782 CICERONIS

222 896 657 957 ΟΒΑΤΙΟ
723 896 943 955 PRO
1015 897 1087 953 P.
1157 894 1744 964 QU1NOT10.

814 1071 1138 1109 RECOGNOVIT

479 1196 575 1237 10.
609 1196 1010 1237 GEORGFUS
1054 1195 1486 1238 ulammaus-

666 1486 926 1528 NOTARUM
956 1486 1298 1529 EXPLICATIO.

113 1592 137 1626 P
158 1609 195 1620 =
218 1591 465 1635 Palimpsestus
488 1593 709 1625 Taurinensis
734 1601 789 1634 ap.
815 1594 964 1633 Peyron.
991 1592 1051 1634 (M.
1080 1592 1173 1624 Tullii
1200 1591 1364 1624 Ciceronis
1387 1591 1574 1623 orationum
1593 1601 1629 1632 p.
1655 1590 1801 1630 Scauro,
1822 1599 1859 1631 p.

223 1644 324 1675 Tullio
347 1647 376 1675 et
398 1644 431 1674 in
447 1643 592 1675 Clodium
614 1643 803 1683 haymenta
825 1643 948 1673 inedita
972 1642 1052 1682 cet.)
1078 1652 1111 1683 p.
1130 1641 1192 1674 2¹4
1209 1650 1288 1682 sqq.
1308 1642 1491 1673 continens
1508 1640 1616 1673 verba
1641 1641 1695 1682 gg.
1714 1640 1860 1673 50—53:

220 1695 274 1725 sed
303 1693 460 1725 bonorum
481 1696 640 1733 emptores
663 1697 698 1724 ut
720 1710 738 1715 —
755 1710 773 1715 -
787 1711 805 1715 -
829 1693 966 1724 dedisses
988 1696 1052 1723 tute
1076 1692 1216 1732 collegis,
1253 1690 1305 1732 gg.
1333 1692 1496 1723 66—70:
1529 1695 1649 1723 sentem
1671 1691 1740 1722 sine
1760 1699 1864 1722 causa

218 1745 329 1785 facere
350 1746 483 1775 conetur
506 1763 524 1768 -
540 1761 557 1767 -
573 1761 591 1767 -
613 1752 683 1775 rem
706 1744 989 1774 commemorando
1012 1751 1136 1774 renova
1162 1768 1168 1773 .
1191 1767 1197 1773 .
1218 1765 1226 1773 .
1247 1766 1254 1773 .
1292 1741 1344 1783 gg.
1364 1742 1523 1774 92—93:
1554 1742 1662 1774 minas
1684 1749 1767 1782 quas
1788 1743 1865 1773 ante

219 1793 430 1826 horrebamus
453 1811 470 1816 -
486 1811 503 1816 -
519 1811 537 1816 -
561 1793 619 1824 sibi
643 1793 691 1824 ait
714 1793 868 1833 officium.

113 1844 197 1876 M:
220 1843 304 1876 Cod.
338 1843 513 1875 Mediceus
543 1843 595 1885 ⁴8.-
629 1841 712 1883 plut.
738 1843 880 1873 XLVIII.
907 1842 965 1881 qui
997 1842 1123 1874 dicitur
1150 1841 1373 1874 petrarchae.
1422 1840 1575 1873 Contulit
1604 1841 1665 1873 Tu.
1698 1841 1864 1873 Mommsen

223 1892 276 1933 gg.
302 1892 451 1924 30—31.
478 1892 630 1923 60—62.
657 1892 709 1923 80.
736 1891 830 1922 med.
852 1907 886 1912 —
915 1892 955 1922 85
980 1892 1038 1923 fin.

114 1941 140 1972 B
164 1952 201 1970 =
224 1941 309 1973 Cod.
334 1942 521 1973 Bernensis
544 1940 619 1973 ΞΜ.
660 1940 734 1971 Vid.
762 1939 886 1971 Kelleri
910 1941 1076 1973 Semestr.
1103 1950 1136 1982 p.
1154 1941 1229 1973 206.

117 1993 144 2022 G
166 2001 202 2018 Ξ
226 1990 310 2022 Cod.
337 1991 550 2023 Genevensis
575 2000 607 2023 n.
634 1991 708 2022 lOl.
735 1991 811 2021 Sec.
836 1990 906 2021 XV.
947 1990 1097 2022 Contulit
1118 1991 1147 2022 J.
1173 1993 1297 2023 Anssnr.

117 2049 136 2072 a
159 2039 182 2072 b
207 2049 226 2072 c
249 2040 271 2072 d
296 2049 314 2072 e
340 2040 393 2081 fg
416 2041 438 2072 h
462 2041 471 2072 i
494 2041 516 2072 k
539 2040 548 2072 l
573 2049 608 2072 m
633 2050 654 2072 n
676 2053 713 2070 ε
738 2039 885 2072 Codices
921 2041 1133 2073 parisienses
1169 2050 1188 2072 a
1222 2040 1359 2073 Kellero
1394 2040 1542 2073 excussi.
1588 2041 1666 2073 Vid.
1695 2041 1862 2074 Semestr.

223 2099 257 2131 p.
283 2091 345 2122 200
370 2099 447 2131 sqq.

165 2149 202 2167 -τ
224 2139 371 2171 Codices
398 2140 521 2172 Kelleri
545 2149 680 2173 omnes.

227 2188 337 2221 Editio
362 2189 491 2221 Veneta
517 2198 548 2221 a.
576 2189 670 2221 4472.

225 2238 335 2270 Editio
358 2239 569 2271 Ascensiana
593 2239 705 2280 prima
729 2247 759 2270 a.
786 2239 881 2271 4514.

223 2288 332 2320 Editio
355 2288 578 2320 Lambiniana
603 2298 633 2320 a.
661 2289 754 2320 4566.

225 2338 393 2380 Repetitio
417 2337 640 2370 Lambiniana
665 2348 695 2370 a.
723 2337 818 2371 4584.

115 2139 145 2219 <⁷³

163 2396 201 2414 ΙΙ
166 2349 203 2366 ll
162 2297 199 2316 Η
165 2249 202 2265 ΙΙ
167 2200 204 2215 ll

223 2389 333 2421 Editio
357 2388 524 2421 Orelliana
549 2389 644 2430 prior
667 2397 697 2421 a.
725 2389 819 2420 4826.

144 2446 193 2471 ar.
217 2439 238 2470 2
261 2445 297 2462 =
321 2439 432 2472 Curae
456 2438 635 2471 secundae
660 2440 762 2479 Gasp.
790 2439 963 2470 Garatonii
985 2437 1149 2470 ineditae.

201 2495 376 2536 Integram
398 2496 605 2528 varietatem
620 2494 841 2527 exhibuimus
866 2494 1027 2527 codicum
1045 2496 1068 2527 P
1085 2495 1117 2527 M
1134 2503 1152 2526 e
1169 2495 1210 2534 k,
1236 2493 1428 2527 editionum
1450 2496 1478 2528 A
1494 2496 1519 2528 L
1535 2494 1558 2530 8
1575 2496 1612 2528 Ο.

114 2238 143 2469 morat-¹>

225 2641 257 2682 Ι.
288 2637 327 2682 ll.
359 2641 476 2690 Quae
506 2653 573 2681 res
603 2640 647 2680 in
677 2639 844 2680 civitate
877 2639 982 2679 duae
1012 2639 1238 2692 plurimum
1268 2644 1467 2692 possunt,
1508 2652 1580 2679 eae
1611 2643 1755 2679 contra
1783 2653 1862 2680 nos

117 2703 262 2745 amhae
291 2704 452 2744 faciunt
481 2703 524 2743 in
553 2703 634 2743 hoc
663 2707 871 2756 tempore,
903 2715 1064 2742 summa
1094 2703 1225 2756 gratia
1250 2707 1291 2742 et
1321 2701 1577 2755 eloquentia,
1601 2715 1778 2756 quarum
1804 2703 1863 2742 al-

118 2771 270 2816 teram,
302 2766 346 2807 C.
375 2766 538 2820 Aquili,
576 2779 746 2813 vereor,
786 2765 958 2805 alteram
987 2770 1144 2804 metuo.
1202 2764 1457 2818 Eloquentia
1488 2763 1537 2812 Q.
1568 2764 1781 2805 Hortensii
1810 2779 1863 2805 ne

117 2842 183 2869 me
212 2829 257 2869 in
287 2828 465 2869 dicendo
495 2828 716 2882 impediat,
747 2827 941 2867 nonnihil
972 2840 1264 2867 commoveor:
1296 2827 1427 2880 gratia
1458 2827 1555 2866 Sex.
1576 2827 1721 2867 Naevii
1747 2841 1799 2867 ne
1818 2829 1861 2868 P.

120 2890 318 2940 Quinctio
359 2896 527 2939 noceat,
572 2891 615 2931 id
655 2904 753 2931 vero
793 2903 877 2930 non
919 2890 1187 2929 mediocriter
1215 2890 1480 2942 pertimesco.
1538 2887 1577 2930 2.
1607 2890 1752 2942 Neque
1781 2889 1862 2929 hoc
1895 2902 1913 2930 5

116 2957 232 2995 tanto
264 2967 390 3009 opere
420 2954 679 3009 querendum
708 2953 942 2999 videretur,
971 2952 1074 2992 haec
1106 2965 1267 2992 summa
1296 2952 1340 2991 in
1366 2951 1449 2991 illis
1472 2964 1586 2999 esse,
1618 2952 1719 2991 siin
1740 2952 1861 2992 nobis

183 3097 215 3129 ⁴.
240 3097 333 3137 Quae
354 3096 438 3129 duae
450 3104 502 3128 res
516 3096 550 3127 in
565 3095 695 3127 civitate
710 3094 743 3126 k.
764 3111 801 3117 -
819 3102 877 3125 eae
893 3092 974 3134 (hee)
989 3093 1157 3134 Bdfgim
1176 3095 1210 3125 et
1226 3092 1297 3127 Lss:
1317 3093 1378 3124 hae
1393 3093 1461 3125 AO.
1481 3110 1517 3116 —
1536 3092 1568 3125 3.
1585 3092 1694 3133 Aquili
1709 3094 1734 3125 P
1751 3092 1793 3133 (S.
1809 3093 1861 3125 53.

120 3146 155 3177 et
177 3145 208 3186 ἓ.
227 3145 306 3187 68.),
330 3146 415 3179 item
438 3147 466 3177 G
488 3147 523 3177 et
537 3146 565 3177 A
587 3144 737 3185 ubique:
762 3143 883 3184 Aquilli
899 3142 986 3176 Leo.
1013 3143 1064 3175 Cf.
1082 3142 1227 3175 Orellius
1246 3142 1290 3174 ad
1307 3143 1378 3175 Cic.
1398 3143 1494 3174 Brut.
1518 3151 1553 3184 p.
1570 3142 1644 3174 273.
1666 3143 1700 3173 et
1715 3142 1760 3173 ad
1777 3143 1861 3184 Top.

118 3203 154 3236 p.
172 3194 248 3227 393.
278 3195 413 3237 Duplici
428 3197 547 3228 tamen
566 3195 578 3227 l
598 3193 782 3227 exhibetur
797 3194 863 3225 hoc
880 3201 1010 3224 nomen
1027 3193 1061 3224 in
1077 3193 1185 3225 Fastis
1201 3191 1400 3234 Capitolinis
1417 3200 1514 3224 cons.
1534 3200 1564 3223 a.
1582 3190 1672 3230 494„
1697 3192 1863 3234 triumph.

120 3253 152 3278 a.
176 3244 251 3278 495.
277 3248 312 3278 et
334 3246 409 3279 627.
437 3263 473 3269 —-
504 3245 535 3278 4.
559 3245 595 3276 in
618 3253 686 3276 om.
712 3245 737 3276 B
755 3245 781 3275 G
797 3243 820 3275 b
837 3252 856 3275 c
873 3242 895 3273 d
912 3242 997 3282 fgh
1012 3243 1022 3274 i
1038 3241 1048 3274 l
1065 3251 1101 3274 m
1125 3244 1160 3274 et
1183 3242 1243 3276 Lss.
1270 3260 1306 3266 -
1330 3244 1362 3275 5.
1386 3242 1536 3282 Quinctio
1559 3242 1584 3273 P
1606 3240 1647 3282 (ἓ.
1665 3241 1718 3273 53.
1737 3242 1789 3273 67.
1809 3243 1862 3274 68.

120 3293 187 3335 93.)
211 3296 247 3327 et
265 3294 332 3329 Le:
360 3295 491 3337 Quintio
505 3295 561 3327 AO
584 3293 726 3335 ubique.
753 3293 803 3325 Cf.
829 3291 986 3324 Niebuhr
999 3292 1051 3323 Kl.
1076 3292 1238 3333 Schriften
1259 3293 1299 3323 11.
1323 3301 1358 3333 p.
1376 3292 1451 3323 209.
1480 3308 1516 3313 —
1540 3290 1599 3322 hoc
1621 3293 1789 3330 tantopere
1810 3293 1863 3324 BG

122 3342 410 3380 abcdefhlm
432 3346 468 3380 et
489 3343 600 3385 ΑΒΕ,
629 3344 688 3376 hoc
711 3346 801 3376 tanto
823 3346 966 3383 tempore
986 3342 1080 3382 cin,
1105 3342 1164 3374 hoc
1186 3345 1328 3382 tempore
1350 3341 1419 3383 gk.
1450 3340 1555 3383 (tanto
1578 3349 1675 3382 opere
1696 3342 1721 3373 P
1744 3341 1776 3383 ἓ.
1799 3342 1868 3382 69.)

177 3404 287 3438 cicero
310 3405 345 3440 Τ.
364 3406 402 3442 11.
1566 3400 1586 3444 Ἰ
