2143 3713
472 263 562 304 Lm.
592 261 660 303 1v.
701 259 796 302 cn.
826 260 1156 302 xuv-va.
1197 258 1270 314 §§.
1301 258 1521 301 96-4022.
1783 255 1857 299 364

242 375 365 415 XLV.
401 373 466 414 99.
506 373 653 414 Audite
684 372 804 412 etiam
835 372 1084 425 singularem
1116 372 1223 419 eius,
1266 370 1446 419 iudices,
1477 372 1762 425 cupiditatem,
1793 384 1865 411 au-

132 438 310 485 daciam,
349 437 566 477 amentiam
603 436 645 474 in
675 435 721 474 iis
759 434 1002 486 praesertim
1039 435 1163 474 sacris
1193 433 1452 487 polluendis,
1494 447 1599 486 quae
1629 447 1711 473 non
1742 434 1864 473 modo

135 499 321 539 manibus
351 499 513 550 attingi,
553 496 624 536 sed
654 509 705 535 ne
744 496 992 548 cogitatione
1029 495 1196 549 quidem
1227 495 1368 534 violari
1397 495 1458 534 fas
1488 494 1578 535 fuit.
1637 496 1864 536 Sacrarium

136 561 294 601 Cereris
324 566 386 601 est
415 559 522 612 apud
545 558 783 598 Catinenses
815 558 958 597 eadem
989 558 1202 610 religione,
1234 570 1315 610 qua
1336 557 1504 603 Romae,
1535 569 1619 610 qua
1647 557 1689 596 in
1720 557 1866 597 ceteris

133 623 253 669 locis,
300 635 380 675 qua
409 634 534 675 prope
566 620 607 659 in
648 625 734 659 toto
766 620 863 659 orbe
895 626 1104 660 terrarum.
1163 619 1209 657 In
1240 632 1289 658 eo
1321 619 1500 658 sacrario
1531 619 1673 659 intimo
1703 620 1896 671 signum5

133 684 209 723 fuit
241 684 398 724 Cereris
429 683 730 735 perantiquum,
763 682 872 734 qnod
903 683 979 721 viri
1011 694 1093 721 non
1125 681 1247 721 modo
1278 681 1394 720 cuius
1419 680 1528 721 modi
1559 685 1680 728 esset,
1711 681 1783 720 sed
1815 695 1865 721 ne

133 760 222 786 esse
255 746 421 800 quidem
452 745 646 784 sciebant.
691 744 836 783 Aditus
869 745 975 784 enim
1006 745 1047 783 in
1078 743 1117 782 id
1150 744 1370 782 sacrarium
1402 756 1485 782 non
1516 749 1577 782 est
1604 743 1721 783 viris:
1754 756 1868 782 sacra

134 823 207 863 per
237 808 427 848 mulieres
458 819 504 846 ac
536 807 714 859 virgines
747 808 893 847 confici
926 807 1073 846 solent.
1132 806 1221 845 Hoc
1261 806 1423 858 signum
1461 811 1584 845 noctu
1615 805 1719 844 clam
1749 805 1868 844 istius

131 872 236 912 servi
266 883 316 910 ex
344 869 416 908 illo
447 869 758 921 religiosissimo
790 874 912 922 atque
936 868 1224 922 antiquissimo
1247 869 1335 907 loco
1358 868 1626 907 sustulerunt.
1667 867 1867 906 Postridie

130 931 361 973 sacerdotes
394 930 551 970 Cereris
582 936 705 984 atque
736 931 845 971 illius
875 931 959 970 fani
990 931 1216 976 antistitae,
1249 931 1424 969 maiores
1456 935 1566 975 natu,
1597 929 1793 982 probatae
1823 941 1869 968 ac
1884 935 1921 963 10

129 994 285 1034 nobiles
315 993 520 1040 mulieres,
552 1007 637 1032 rem
668 993 718 1032 ad
751 994 1011 1046 magistratus
1041 1006 1137 1032 suos
1170 992 1373 1031 deferunt.
1430 991 1631 1031 Omnibus
1662 990 1868 1037 acerbum,

128 1056 362 1108 indignum,
404 1056 637 1095 luctuosum
678 1055 859 1109 denique
902 1055 1128 1095 videbatur.
1196 1051 1280 1093 100.
1318 1056 1421 1093 Tum
1452 1055 1529 1093 iste
1559 1057 1769 1106 permotus
1799 1052 1870 1092 illa

126 1117 339 1159 atrocitate
379 1118 555 1171 negotii,
593 1124 642 1157 ut
683 1118 732 1157 ab
776 1132 819 1157 se
863 1117 1032 1157 sceleris
1073 1116 1183 1156 illius
1228 1117 1410 1169 suspicio
1450 1117 1757 1162 demoveretur,
1801 1115 1871 1154 dat

124 1179 279 1231 hospiti
309 1193 384 1219 suo
415 1180 577 1219 cuidam
608 1180 839 1232 negotium,
877 1184 921 1218 ut
949 1178 1130 1231 aliquem
1171 1180 1393 1232 reperiret,
1439 1192 1561 1232 quem
1591 1178 1693 1219 illud
1722 1178 1870 1218 fecisse

125 1240 402 1289 insimularet,
443 1241 641 1295 daretque
681 1254 870 1294 operam,
912 1245 958 1280 ut
996 1241 1029 1280 is
1067 1254 1116 1280 eo
1156 1242 1324 1281 crimine
1367 1241 1648 1288 damnaretur,
1689 1254 1741 1280 ne
1780 1239 1922 1292 ipse⁴5

126 1307 233 1343 esset
262 1302 305 1342 in
337 1303 518 1343 crimine.
578 1305 658 1343 Res
697 1317 782 1343 non
820 1303 1157 1355 procrastinatur.
1216 1304 1317 1343 Nam
1355 1317 1444 1343 cum
1484 1303 1563 1343 iste
1595 1302 1736 1342 Catina
1774 1313 1872 1353 pro-

122 1365 253 1405 fectus
285 1371 418 1414 esset,
460 1366 567 1406 servi
599 1365 816 1406 cuiusdam
846 1378 999 1405 nomen
1029 1364 1223 1405 defertur.
1281 1365 1320 1405 Is
1350 1370 1586 1406 accusatur:
1630 1364 1715 1404 ficti
1745 1367 1870 1403 testes

123 1428 167 1467 in
214 1440 307 1467 eum
353 1428 523 1468 dantur:
573 1442 659 1468 rem
700 1433 872 1468 cunctus
917 1431 1084 1467 senatus
1127 1427 1407 1468 Catinensium
1453 1427 1614 1480 legibus
1653 1425 1870 1467 iudicabat.

124 1488 366 1530 Sacerdotes
396 1496 618 1531 vocantur:
650 1504 702 1530 ex
731 1490 781 1530 iis
813 1490 1026 1543 quaeritur
1054 1495 1212 1529 secreto
1242 1490 1283 1529 in
1316 1490 1440 1537 curia,
1472 1489 1571 1543 quid
1602 1502 1693 1529 esse
1718 1488 1871 1528 factum

123 1552 431 1600 arbitrarentur,
463 1566 585 1607 quem
619 1552 670 1593 ad
701 1552 867 1593 modum
900 1553 1062 1604 signum
1093 1557 1201 1592 esset
1231 1553 1426 1592 ablatum.
1476 1551 1748 1606 Respondent
1776 1550 1871 1591 illae
1885 1557 1921 1587 20

122 1615 327 1668 praetoris
360 1614 402 1653 in
435 1628 483 1654 eo
515 1616 606 1655 loco
640 1628 781 1655 servos
813 1628 904 1654 esse
935 1615 1057 1654 visos.
1116 1614 1218 1661 Res,
1251 1628 1356 1668 quae
1390 1620 1499 1654 esset
1527 1616 1607 1654 iam
1637 1619 1760 1653 antea
1788 1626 1872 1652 non

123 1678 310 1723 obscura,
343 1678 601 1717 sacerdotum
633 1678 867 1717 testimonio
899 1677 1116 1729 perspicua
1147 1690 1237 1717 esse
1269 1678 1416 1731 coepit.
1458 1678 1543 1717 Itur
1563 1678 1606 1717 in
1627 1676 1871 1716 consilium:

124 1752 265 1779 servus
297 1739 367 1778 ille
397 1739 597 1779 innocens
630 1739 819 1779 omnibus
852 1740 1066 1779 sententiis
1097 1740 1336 1786 absolvitur,
1369 1753 1450 1793 quo
1479 1740 1642 1780 facilius
1668 1752 1741 1779 vos
1761 1738 1872 1777 hunc

124 1800 316 1841 omnibus
338 1802 550 1841 sententiis
573 1802 848 1841 condemnare
871 1801 1050 1854 possitis.
1095 1798 1188 1841 slOl.
1213 1802 1322 1849 Quid
1345 1803 1453 1841 enim
1474 1802 1675 1855 postulas,
1696 1801 1871 1841 Verres?

127 1863 227 1917 quid
258 1866 428 1916 speras?
461 1864 560 1916 quid
593 1866 834 1916 exspectas?
866 1877 988 1916 quem
1020 1864 1092 1903 tibi
1123 1870 1194 1903 aut
1225 1865 1347 1904 deum
1378 1870 1449 1904 aut
1475 1865 1684 1904 hominem
1715 1863 1872 1904 auxilio
1885 1869 1921 1900 25

125 1925 309 1965 futurum
340 1928 492 1977 putas?
550 1926 665 1965 Eone
697 1931 739 1964 tu
772 1939 911 1965 servos
951 1924 1000 1964 ad
1033 1926 1295 1978 spoliandum
1324 1926 1466 1966 fanum
1496 1927 1716 1967 immittere
1746 1939 1871 1966 ausus

126 2002 183 2035 es,
217 2000 298 2040 quo
332 1988 482 2027 liberos
514 1988 625 2027 adire
656 2002 707 2027 ne
734 1988 877 2027 orandi
899 1987 1068 2040 quidem
1090 2001 1212 2028 causa
1232 1988 1292 2028 sas
1315 1990 1429 2028 erat?
1459 1990 1562 2029 iisne
1584 1989 1707 2028 rebus
1728 2001 1871 2028 manus

126 2051 273 2089 afferre
307 2063 391 2089 non
423 2050 635 2097 dubitasti,
667 2064 688 2090 a
721 2050 868 2103 quibus
900 2050 1021 2088 etiam
1052 2050 1193 2089 oculos
1225 2050 1414 2090 cohibere
1445 2058 1483 2091 te
1513 2052 1755 2105 religionum
1784 2051 1873 2090 iura

125 2112 353 2165 cogebant?
385 2112 565 2152 Tametsi
596 2126 647 2152 ne
679 2112 807 2152 oculis
840 2112 1008 2164 quidem
1040 2118 1178 2165 captus
1208 2114 1250 2152 in
1278 2113 1384 2152 hanc
1414 2113 1600 2153 fraudem
1630 2119 1711 2154 tam
1742 2112 1873 2153 scele-

122 2179 250 2214 ratam
291 2187 338 2213 ac
378 2180 459 2213 tam
503 2173 702 2213 nefariam
745 2172 954 2213 decidisti:
998 2187 1091 2213 nam
1126 2174 1168 2212 id
1207 2175 1456 2228 concupisti,
1499 2176 1609 2229 quod
1647 2183 1920 2229 numquam3o

121 2236 308 2283 videras;
341 2235 406 2283 id,
437 2237 617 2289 inquam,
649 2235 858 2282 adamasti,
891 2236 1001 2289 quod
1032 2242 1153 2276 antea
1183 2250 1268 2276 non
1298 2238 1562 2291 adspexeras.
1619 2237 1796 2277 Auribus
1826 2242 1871 2278 tu

122 2303 275 2338 tantam
297 2297 560 2351 cupiditatem
581 2298 813 2351 concepisti,
844 2303 888 2337 ut
908 2311 996 2338 eam
1018 2311 1101 2338 non
1122 2304 1269 2346 metus,
1300 2313 1384 2339 non
1404 2300 1565 2353 religio,
1596 2313 1679 2340 non
1701 2298 1871 2340 deorum

120 2361 205 2409 vis,
244 2374 327 2401 non
357 2360 572 2400 hominum
617 2360 861 2400 existimatio
893 2361 1134 2401 contineret.
1194 2358 1287 2401 102.
1327 2363 1379 2402 At
1409 2376 1462 2403 ex
1489 2363 1601 2403 bono
1631 2362 1717 2404 viro
1748 2361 1869 2403 credo

206 2527 238 2559 2.
263 2527 298 2558 in
319 2526 360 2557 iis
381 2527 424 2558 L:
450 2526 484 2557 in
507 2526 555 2557 his
578 2527 615 2562 Β,
642 2527 722 2557 cett.
745 2544 778 2548 -
798 2525 828 2557 3.
855 2527 984 2566 quidem
1006 2535 1076 2558 om.
1095 2528 1198 2568 Lagg.
1224 2536 1358 2560 omnes.
1380 2547 1415 2551 -
1434 2530 1465 2560 5.
1491 2532 1556 2561 toto
1580 2530 1613 2560 in
1636 2529 1716 2569 ng.
1738 2546 1774 2551 —-
1790 2529 1870 2562 urbo

121 2579 147 2610 R
170 2586 222 2619 pr.
247 2585 295 2608 m.
324 2594 359 2599 -
383 2576 508 2607 intumo
532 2576 632 2615 Lg29.
654 2593 689 2598 —
707 2575 770 2615 fuit
792 2576 923 2616 signnm
946 2576 1029 2608 dett.
1056 2577 1092 2609 Ο.
1113 2595 1148 2600 -
1167 2578 1197 2610 6.
1221 2579 1431 2618 perantiqum
1454 2580 1492 2617 Β,
1518 2589 1536 2610 υ
1560 2579 1808 2620 superscripta.
1830 2597 1866 2602 -

119 2637 177 2660 nec
205 2636 269 2660 esse
294 2627 332 2659 E.
361 2644 396 2649 —
423 2626 452 2657 9.
486 2626 553 2657 loco
585 2625 632 2657 R3
656 2626 702 2657 E:
736 2625 816 2665 fano
847 2626 931 2657 dett.
957 2626 991 2657 Ο.
1023 2644 1058 2649 —-
1084 2628 1137 2659 40.
1163 2628 1330 2660 antistitae
1353 2629 1414 2669 Lgl
1445 2628 1484 2660 45
1508 2628 1560 2661 48.
1595 2627 1677 2659 Gell.
1702 2628 1787 2659 XIII.
1814 2629 1866 2660 49.

120 2679 224 2710 Prisc.
250 2678 274 2708 1.
300 2685 335 2718 p.
362 2676 434 2708 483.
463 2676 596 2707 Charis.
623 2684 657 2716 p.
683 2675 736 2706 56.
763 2675 881 2706 Lind.:
914 2676 1091 2708 antistatae
1114 2678 1139 2708 R
1162 2675 1202 2713 λς
1228 2678 1360 2709 antistes
1382 2679 1407 2709 E
1432 2679 1472 2710 Gt
1502 2679 1541 2715 ⁴23
1568 2679 1678 2709 antist.
1705 2678 1774 2717 (sic)
1801 2677 1866 2715 Ld;

120 2726 280 2758 antistites
307 2724 380 2757 rell.
408 2726 509 2765 Lagg.
539 2743 573 2748 —
600 2726 652 2756 44.
683 2725 895 2765 ῃῑαρὶεἰναίοε
918 2726 954 2756 Β,
984 2743 1018 2747 -
1045 2726 1095 2757 42.
1122 2727 1174 2758 ille
1196 2728 1297 2768 Lga9.
1327 2746 1362 2750 —
1389 2728 1441 2760 43.
1472 2728 1557 2759 illius
1588 2728 1634 2760 Β3
1658 2727 1678 2759 λ
1702 2728 1743 2759 Ε;
1778 2728 1871 2759 istius

120 2776 204 2808 dett.
232 2776 269 2806 O.
298 2793 332 2797 —-
358 2775 491 2814 suspitio
521 2776 558 2806 Β.
594 2792 629 2796 -
662 2775 783 2806 demov.
817 2776 860 2811 E,
887 2775 976 2815 [ις-’29
1008 2777 1040 2806 et
1064 2777 1089 2807 Β
1114 2785 1159 2808 m.
1187 2786 1240 2817 p.:
1278 2778 1396 2809 dimov.
1428 2779 1453 2809 Β
1485 2787 1575 2810 corr.
1600 2776 1621 2809 λ
1644 2779 1709 2815 G3;
1747 2787 1867 2809 remon.

120 2826 203 2857 dett.
233 2843 268 2847 —
295 2823 345 2856 44.
377 2824 558 2863 repperiret
588 2825 624 2855 R.
654 2843 689 2847 —
716 2825 795 2855 illud
825 2824 888 2858 Β3.
924 2825 966 2856 E:
1003 2834 1043 2856 ea
1067 2825 1149 2857 dett.
1176 2827 1212 2858 O.
1242 2845 1276 2849 —
1304 2829 1356 2859 45.
1390 2828 1604 2859 instimularet
1630 2829 1656 2859 Β
1679 2837 1729 2869 pr.
1756 2836 1802 2859 m.
1831 2845 1865 2851 —

120 2876 170 2907 46.
198 2875 319 2907 Catina
342 2874 388 2905 R3
406 2875 443 2911 E,
469 2873 487 2904 3
505 2875 599 2905 Parr.
626 2873 722 2905 Lall.:
750 2875 901 2906 Catinam
920 2874 1002 2905 dett.
1025 2891 1059 2896 —
1081 2875 1131 2906 48.
1158 2876 1281 2907 iudicat
1298 2876 1381 2908 dett.
1403 2877 1440 2908 O.
1462 2895 1496 2899 —
1517 2877 1567 2908 49.
1588 2877 1627 2908 iis
1642 2877 1684 2908 R:
1709 2877 1757 2907 his
1773 2877 1809 2908 Ο.
1832 2894 1866 2899 -—

119 2924 196 2963 quid
219 2933 350 2955 esse--
366 2923 511 2954 ablatum
535 2922 580 2954 Β3
605 2922 625 2953 λ
648 2924 689 2954 Ε;
722 2924 799 2963 quid
823 2926 898 2954 esset
921 2923 959 2962 f.,
986 2925 1169 2963 quemnam.
1196 2925 1267 2956 arb.
1293 2934 1318 2956 s.
1345 2934 1410 2957 esse
1431 2925 1495 2957 abl.
1521 2926 1603 2957 dett.
1631 2926 1667 2957 O.
1697 2944 1731 2948 —
1757 2926 1809 2957 24.
1835 2927 1867 2957 in

117 2973 172 3005 illo
197 2974 264 3005 loco
288 2975 389 3013 Lagg.
412 2990 447 2994 -
473 2972 540 3003 iam
565 2981 634 3003 om.
661 2973 745 3004 dett.
769 2991 802 2995 —
822 2973 874 3004 23.
901 2982 986 3003 omn.
1013 2977 1090 3004 sent.
1119 2974 1269 3006 innocens
1291 2973 1311 3005 λ
1336 2975 1394 3006 G3.
1415 2992 1450 2996 —
1470 2974 1522 3007 24.
1544 2976 1673 3015 possitis
1696 2978 1719 3008 R
1738 2978 1762 3008 E
1780 2978 1865 3017 Lg5:

116 3024 248 3063 possetis
274 3022 347 3054 rell.
379 3023 415 3053 O.
445 3040 479 3044 -
514 3022 567 3053 ⁶25.
601 3023 678 3061 quid
707 3026 874 3062 exspectas
897 3023 921 3053 E
945 3023 1034 3062 ng
1075 3023 1126 3062 (ct.
1161 3023 1191 3064 g.
1219 3025 1276 3055 117:
1315 3025 1399 3064 Quid
1427 3024 1538 3056 sedes?
1573 3026 1650 3064 quid
1679 3026 1869 3065 exspectas?

120 3073 173 3103 111.
200 3071 230 3112 ἓ.
257 3072 329 3104 494.
365 3071 448 3111 Quid
471 3071 577 3108 sedes,
603 3072 680 3110 quid
703 3076 889 3111 exspectas,
916 3072 993 3110 quid
1017 3072 1182 3112 defendis?
1204 3075 1243 3105 11.
1263 3074 1293 3114 g.
1314 3074 1417 3113 440.):
1444 3076 1521 3114 quid
1543 3079 1665 3115 spectas
1687 3076 1751 3113 R33
1778 3085 1869 3116 spec-

119 3124 169 3152 tas
193 3129 262 3152 om.
288 3122 365 3161 quid
388 3121 405 3152 7
431 3121 531 3160 Lagg.
559 3119 642 3151 dett.
670 3120 725 3161 [de
750 3121 876 3162 quibus
901 3120 981 3153 falsa
1006 3122 1113 3153 refert
1128 3124 1178 3165 Ζ.]
1204 3123 1364 3156 Similiter
1386 3125 1563 3156 turbatum
1581 3128 1633 3157 est
1648 3126 1687 3156 V.
1707 3126 1738 3166 S.
1758 3127 1808 3158 40.
1830 3144 1865 3148 -

120 3170 214 3201 deum
229 3174 390 3210 --putas
412 3169 458 3202 Β3
484 3170 508 3201 Ε
534 3170 638 3209 (deum
661 3174 719 3201 aut
741 3171 899 3203 hominem
924 3180 966 3201 ex
989 3169 1009 3201 λ
1033 3171 1203 3213 affertur):
1241 3175 1374 3205 deorum
1397 3179 1456 3206 aut
1477 3175 1644 3206 hominum
1666 3185 1747 3206 aar.
1768 3180 1870 3215 putas

119 3219 180 3258 fut.
206 3218 290 3251 dett.
315 3221 352 3252 Ο.
382 3237 418 3243 -—
443 3219 496 3250 ⁶26.
522 3219 683 3251 inmittere
706 3221 743 3252 R.
764 3237 800 3243 —
826 3221 879 3252 Ξῖ.
906 3220 981 3262 quo]
1006 3230 1042 3252 co
1066 3222 1091 3253 R
1114 3231 1148 3263 p.
1174 3232 1235 3262 m.‚
1261 3223 1301 3255 cii
1327 3233 1416 3256 corr.
1439 3243 1472 3248 -
1496 3226 1636 3257 ornandi
1658 3227 1683 3257 R
1707 3226 1807 3265 Lg29.
1828 3244 1864 3248 —

120 3267 210 3308 iisne]
242 3268 329 3300 hisne
360 3270 385 3301 Β
411 3268 453 3300 al.
480 3269 517 3300 Ο.
545 3286 582 3291 -
609 3269 660 3301 28.
695 3271 826 3310 adferre
855 3272 892 3302 Β.
921 3288 955 3292 —
983 3270 1034 3302 3-4.
1066 3280 1244 3311 aspexeras
1272 3275 1310 3305 Β.
1339 3293 1374 3297 -
1400 3275 1452 3307 33.
1483 3285 1525 3307 ea:
1553 3276 1869 3308 bono--audieras

121 3316 148 3348 R
170 3313 191 3346 λ
214 3317 260 3348 Ga
282 3317 363 3349 Ld.:
389 3327 432 3351 ea>
452 3318 524 3351 viro
549 3317 632 3350 bono
655 3319 810 3352 audieras
832 3321 928 3352 credo
952 3319 1035 3353 dett.
1062 3321 1087 3352 Ο
1117 3322 1190 3361 (sed
1214 3324 1309 3355 credo
1332 3325 1409 3356 aud.
1434 3325 1555 3366 Lg29);
1589 3324 1684 3356 credo
1698 3341 1747 3347 ——
1763 3334 1802 3358 ne
1824 3334 1866 3359 ex

120 3365 192 3397 viro
215 3373 283 3398 om.
310 3367 368 3401 Gt.
1250 3365 1258 3372 '
