2127 3708
241 238 293 280 34
617 237 815 279 ORATIO
845 237 948 279 PRO
981 238 1096 279 SEX.
1126 238 1321 280 ROSCIO
1352 239 1592 280 AMERINO

243 365 336 391 cum
380 349 565 390 omnium
602 350 806 390 nobilium
847 351 1024 403 dignitas
1055 356 1096 391 et
1126 352 1235 391 salus
1266 352 1307 391 in
1339 352 1559 391 discrimen
1591 352 1770 400 veniret,
1815 357 1979 405 praeter

242 419 401 453 ceteros
432 412 474 451 in
503 424 551 451 ea
571 411 784 452 vicinitate
807 425 894 452 eam
917 418 1074 464 partem
1097 427 1347 467 causamque
1371 428 1514 466 opera,
1546 414 1703 461 studio,
1735 416 1978 455 auctoritate

242 474 448 515 defendit:
494 473 646 513 etenim
676 480 834 513 rectum
864 475 1036 526 putabat
1065 488 1140 527 pro
1173 488 1314 514 eorum
1344 476 1561 515 honestate
1585 490 1626 515 se
1648 489 1854 529 pugnare,
1886 490 1981 529 pro-

240 542 333 589 pter
353 549 459 590 quos
480 536 569 589 ipse
590 536 911 575 honestissimus
935 536 1043 575 inter
1063 550 1160 575 suos
1179 538 1483 576 numerabatur.
1514 540 1789 591 Posteaquam
1809 539 1983 578 victoria

211 599 468 638 5c0nstituta
499 604 560 638 est
590 599 640 638 ab
671 598 879 650 armisque
910 598 1180 645 recessimus,
1213 613 1304 637 cum
1328 600 1893 651 proscriberenturhomines
1924 606 1985 640 at-

243 674 323 715 que
361 675 413 700 ex
451 661 563 699 omni
603 660 774 712 regione
814 666 1060 711 caperentur
1091 660 1138 706 ii,
1185 661 1256 713 qui
1299 662 1523 700 adversarii
1553 662 1680 702 fuisse
1712 663 1984 714 putabantur,

242 729 330 764 erat
358 724 428 763 ille
458 724 611 762 Romae
640 722 838 775 frequens
869 727 994 774 atque
1026 721 1069 760 iu
1100 722 1190 761 foro
1223 727 1263 761 et
1293 722 1335 760 in
1368 736 1437 762 ore
1466 724 1651 763 omnium
1683 724 1870 777 quotidie
1894 736 1984 763 ver-

242 786 430 832 sabatur,
475 784 605 837 magis
635 788 681 823 ut
711 784 918 822 exsultare
948 783 1122 823 victoria
1154 784 1383 823 nobilitatis
1415 785 1623 825 videretur
1662 799 1785 839 quam
1826 786 1985 832 timere,

242 861 294 888 ne
326 848 427 901 quid
458 861 511 887 ex
541 859 589 885 ea
620 846 864 885 calamitatis
895 845 972 884 sibi
995 846 1214 885 accideret.
1265 842 1328 884 fsi7.
1356 846 1484 886 Erant
1504 848 1542 886 ei
1563 852 1722 887 veteres
1745 848 1985 887 inimicitiae

195 917 229 946 40
244 923 337 949 cum
376 909 538 948 duobus
577 907 738 946 Rosciis
769 908 996 953 Amerinis,
1037 921 1214 960 quorum
1245 907 1417 946 alterum
1450 910 1595 948 sedere
1627 910 1668 948 in
1699 916 1985 949 accusatorum

243 971 453 1012 subselliis
483 970 627 1016 video,
659 969 834 1008 alterum
865 970 941 1009 tria
971 970 1144 1008 huiusce
1176 969 1343 1021 praedia
1366 970 1580 1021 possidere
1602 971 1750 1017 audio;
1782 985 1884 1025 quas
1906 972 1986 1010 ini—

242 1033 421 1073 micitias
452 1033 485 1072 si
518 1038 599 1072 tam
631 1044 774 1071 cavere
804 1031 1029 1083 potuisset,
1062 1045 1185 1084 quam
1208 1036 1392 1069 metuere
1416 1031 1596 1079 solebat,
1629 1033 1805 1073 viveret:
1847 1045 1986 1086 neque

244 1095 376 1141 enim,
406 1094 586 1141 iudices,
619 1094 770 1132 iniuria
801 1094 1022 1133 metuebat.
1081 1096 1183 1133 Nam
1215 1094 1296 1132 duo
1328 1094 1394 1132 isti
1427 1099 1521 1133 sunt
1543 1095 1623 1133 Titi
1646 1096 1786 1135 Roscii
1807 1117 1860 1125 —
1883 1108 1986 1148 quo-

243 1171 334 1197 rum
373 1156 492 1196 alteri
536 1156 727 1208 Capitoni
770 1170 1001 1209 cognomen
1042 1163 1128 1203 est,
1174 1157 1250 1195 iste
1283 1155 1353 1207 qui
1386 1156 1502 1195 adest
1532 1157 1704 1209 Magnus
1734 1162 1906 1197 vocatur
1935 1178 1988 1185 —

194 1219 434 1259 ishomines
466 1217 695 1257 eiusmodi:
728 1218 834 1258 alter
862 1219 1131 1271 plurimarum
1163 1219 1392 1271 palmarum
1422 1223 1540 1257 vetus
1572 1232 1619 1257 ac
1650 1219 1802 1258 nobilis
1834 1219 1989 1271 gladia-

244 1287 310 1322 tor
337 1280 533 1327 habetur,
563 1280 632 1319 hic
662 1285 800 1320 autem
823 1295 957 1334 nuper
977 1295 1020 1320 se
1042 1281 1091 1320 ad
1115 1294 1209 1319 eum
1230 1279 1423 1320 lanistam
1446 1281 1643 1320 contulit:
1676 1282 1747 1335 qui
1769 1287 1863 1321 ante
1883 1281 1990 1320 hanc

244 1357 426 1398 pugnam
455 1343 534 1382 tiro
566 1348 677 1382 esset
709 1340 838 1397 [quod
870 1340 1041 1395 sciam],
1078 1343 1198 1382 facile
1236 1344 1373 1396 ipsum
1404 1343 1645 1395 magistrum
1677 1343 1832 1383 scelere
1864 1343 1990 1383 auda-

245 1407 393 1460 ciaque
423 1405 646 1458 superavit.

355 1469 442 1508 VII.
474 1465 538 1507 fl8.
579 1469 681 1507 Nam
713 1482 805 1508 cum
835 1468 901 1508 hic
934 1469 1083 1508 Sextus
1114 1468 1289 1507 Roscius
1320 1473 1429 1508 esset
1459 1469 1672 1517 Ameriae,
1704 1470 1820 1509 Titus
1851 1474 1989 1509 autem

194 1541 230 1572 20
245 1532 321 1573 iste
361 1531 536 1570 Roscius
575 1531 753 1578 Romae,
794 1544 887 1570 cum
925 1531 992 1570 hic
1023 1528 1131 1570 lilius
1162 1530 1354 1569 assiduus
1386 1532 1427 1570 iu
1459 1533 1641 1584 praediis
1673 1537 1782 1572 esset
1812 1545 1989 1586 cumque

245 1608 287 1634 se
325 1594 540 1635 voluntate
578 1592 707 1645 patris
748 1593 806 1632 rei
837 1593 1029 1632 familiari
1062 1593 1253 1645 vitaeque.
1285 1593 1462 1632 rusticae
1495 1595 1698 1642 dedisset,
1744 1595 1821 1634 iste
1852 1600 1989 1634 autem

243 1657 440 1710 frequens
478 1656 633 1694 Romae
674 1660 802 1702 esset,
843 1655 1046 1694 occiditur
1089 1655 1140 1693 ad
1178 1654 1346 1693 balneas
1378 1656 1606 1695 Pallacinas
1639 1657 1803 1696 rediens
1834 1670 1858 1696 a
1888 1669 1991 1696 cena

246 1720 341 1759 Sex.
372 1718 559 1758 Roscius.
608 1718 738 1769 Spero
770 1731 822 1756 ex
851 1717 930 1756 hoc
962 1717 1052 1769 ipso
1084 1730 1169 1755 non
1201 1731 1290 1755 esse
1314 1718 1556 1765 obscurum,
1587 1719 1637 1757 ad
1661 1731 1784 1771 quem
1806 1718 1989 1771 suspicio

244 1778 437 1820 maleficii
467 1779 696 1832 pertineat:
727 1793 870 1818 verum
901 1779 966 1825 id,
997 1779 1110 1831 quod
1141 1778 1275 1817 adhuc
1308 1784 1371 1818 est
1391 1780 1688 1832 suspiciosum,
1720 1779 1799 1819 nisi
1831 1780 1991 1832 perspi-

195 1852 232 1883 25
246 1856 369 1882 cuum
398 1855 464 1882 res
495 1843 585 1894 ipsa
615 1841 782 1888 fecerit,
814 1841 924 1880 hunc
955 1840 1120 1879 aflinem
1153 1840 1299 1892 culpae
1330 1840 1570 1881 iudicatote.
1621 1839 1685 1880 ¹19.
1719 1842 1867 1881 Occiso
1895 1842 1990 1880 Sex.

245 1905 395 1945 Roscio
426 1904 585 1957 primus
615 1903 824 1943 Ameriam
855 1902 1018 1942 nuntiat
1049 1901 1214 1942 Mallius
1246 1902 1417 1943 Glaucia
1451 1904 1641 1956 quidam,
1683 1903 1809 1944 homo
1840 1904 1991 1951 tenuis,

330 2064 362 2096 ⁶2.
391 2063 568 2102 vicinitate]
599 2062 731 2093 civitate
755 2070 775 2093 v
799 2062 833 2093 et
857 2063 935 2102 Lag.
962 2062 992 2093 7.
1019 2061 1049 2093 9.
1078 2062 1128 2093 4³2.
1157 2061 1207 2092 113.
1234 2061 1286 2092 026,
1315 2078 1350 2084 —
1378 2060 1407 2092 si.
1435 2065 1611 2094 numerant
1634 2063 1712 2103 Lag.
1739 2063 1791 2094 26.
1821 2079 1856 2085 —
1883 2064 1913 2095 6.
1939 2073 1994 2095 ca-

243 2117 399 2154 perentur
422 2113 542 2145 codd:
569 2116 766 2151 raperentur
790 2112 877 2143 coni.
905 2110 1006 2142 Orelli
1032 2111 1090 2151 (2);
1116 2111 1386 2150 conquirerenlur
1411 2112 1494 2142 Lud.
1521 2111 1563 2143 de
1590 2113 1647 2143 Ian
1672 2113 1704 2143 in
1727 2113 1907 2144 Manchner
1928 2113 1989 2154 ρει.

244 2165 407 2205 Anzeiyen
431 2163 524 2195 4845.
552 2171 646 2193 num.
674 2161 748 2193 ⁴40.
785 2163 827 2192 At
850 2161 918 2192 vid.
945 2162 1000 2192 Os.
1028 2163 1062 2192 et
1087 2160 1127 2192 cs.
1154 2162 1252 2192 Auct.
1280 2160 1323 2191 ad
1349 2162 1498 2192 llercun.
1526 2161 1579 2198 lV,
1606 2162 1636 2201 ἓ.
1664 2162 1697 2192 31
1719 2171 1725 2192 ;
1762 2162 1991 2201 Saturninum,

244 2215 307 2255 fide
339 2217 490 2254 captum,
526 2212 690 2243 malorum
716 2212 859 2252 perfidia
887 2212 956 2242 vila
985 2211 1140 2250 privavit.
1171 2228 1204 2231 —
1232 2211 1261 2240 ἶ.
1289 2213 1386 2248 alque
1411 2211 1441 2241 ιή
1465 2210 1548 2251 foro]
1574 2219 1642 2241 om.
1669 2214 1766 2249 alque
1791 2211 1815 2242 C
1834 2211 1861 2242 H
1879 2212 1899 2242 S
1916 2219 1934 2242 a
1960 2213 1993 2242 et

247 2264 265 2295 3
291 2264 391 2303 Lagg.
417 2262 500 2293 dett.
527 2260 588 2293 soli
614 2270 654 2292 ex
679 2261 780 2292 notis.
810 2279 844 2282 —
878 2262 908 2292 8.
935 2261 1086 2292 exultare
1109 2262 1134 2291 G
1151 2270 1170 2290 v
1188 2269 1205 2290 a
1224 2269 1253 2291 c.
1284 2279 1318 2283 —-
1346 2262 1396 2291 42.
1422 2261 1547 2301 cavere]
1568 2261 1740 2299 prohibere
1763 2261 1885 2292 Curius
1910 2262 1994 2292 For-

248 2313 444 2344 tunatianus
468 2320 501 2352 p.
527 2312 581 2343 82.
609 2328 645 2333 —
674 2310 723 2341 sl3.
752 2310 804 2340 isti
828 2311 890 2340 (Ino
915 2312 979 2350 Mt,
1009 2311 1114 2348 Gud.‚
1141 2319 1172 2341 v.
1203 2328 1235 2333 —
1266 2311 1326 2341 Titi
1351 2312 1374 2341 G
1393 2311 1423 2341 M
1441 2320 1460 2341 v
1477 2320 1494 2341 a
1512 2320 1552 2341 c:
1581 2311 1611 2341 T.
1638 2310 1753 2351 vulgo.
1777 2328 1812 2333 —-
1837 2311 1931 2343 Rosci
1954 2312 1990 2343 C.

250 2381 285 2385 —
312 2364 363 2394 45.
389 2361 579 2394 eiuscemodi
609 2361 679 2398 Ml,
718 2361 900 2391 huiusmodi
924 2361 1011 2392 coni.
1038 2361 1149 2399 Reisig
1179 2359 1313 2400 (l'orles.
1339 2360 1418 2391 aber
1441 2361 1551 2391 lalcin.
1578 2361 1791 2400 Sprachzriss.
1824 2370 1858 2402 p.
1884 2360 1991 2402 355.),

248 2421 337 2453 quae
362 2412 559 2444 emendatio
584 2411 780 2442 necessaria
805 2410 952 2441 videtur.
982 2428 1015 2433 —
1047 2411 1240 2450 palmarum
1263 2419 1331 2442 om.
1359 2412 1395 2441 G.
1426 2428 1459 2432 —
1487 2411 1538 2441 216.
1564 2411 1614 2441 hic
1637 2411 1756 2451 aulem]
1780 2411 1830 2442 hic
1854 2411 1938 2443 alter
1959 2420 1991 2444 a.

249 2464 360 2494 Garat.
389 2463 428 2503 (2)
454 2461 598 2501 requirit
620 2459 673 2491 vel
698 2460 781 2491 aller
805 2464 913 2491 aulem
936 2459 990 2490 vel
1014 2460 1070 2491 iste
1093 2463 1219 2496 autenm
1252 2461 1286 2490 at
1318 2468 1396 2490 cum
1429 2468 1596 2499 praesens
1621 2459 1755 2491 absenti
1779 2469 1821 2492 ex
1844 2460 1993 2493 adverso

248 2515 413 2553 ponatur,
438 2510 540 2543 lectio
565 2510 666 2541 codd.
687 2519 753 2541 non
772 2512 824 2541 est
846 2509 1029 2542 tentanda:
1055 2519 1086 2540 V.
1107 2509 1136 2549 ἓ.
1159 2509 1229 2540 118.
1251 2527 1283 2530 —
1313 2509 1367 2547 qui
1384 2512 1458 2539 anle
1475 2509 1577 2539 codd.
1595 2518 1600 2539 :
1628 2509 1773 2548 quicum
1788 2513 1863 2542 ante
1880 2519 1898 2542 e
1912 2511 1935 2543 L
1949 2511 1992 2549 Ο;

250 2561 345 2592 addit
366 2570 387 2591 v
411 2569 484 2591 cum
508 2562 586 2591 ante
612 2560 693 2596 τίνος
720 2563 749 2591 et
773 2560 827 2599 qui
851 2563 925 2590 ante
949 2560 1036 2590 coni.
1064 2559 1197 2599 Madvig
1223 2560 1347 2599 Opusc.
1367 2559 1390 2589 1.
1418 2568 1449 2599 p.
1472 2559 1542 2589 478.
1576 2559 1645 2599 Ego
1669 2558 1791 2600 reliqui
1807 2558 1993 2600 vulgatam,

249 2620 354 2652 quam
379 2610 533 2642 defendit
556 2609 680 2641 Iordan
703 2608 724 2640 l.
751 2618 780 2640 c.
808 2618 840 2650 p.
861 2610 953 2645 660..
980 2609 1071 2649 quod
1098 2610 1266 2640 incertum
1291 2608 1492 2644 videbatur,
1520 2617 1604 2639 num
1628 2612 1656 2640 et
1680 2609 1735 2648 qui
1759 2618 1821 2649 an,
1847 2609 1883 2641 id
1902 2609 1997 2650 quod

250 2670 313 2701 ego
338 2660 474 2699 malim,
501 2661 619 2700 quique
643 2659 886 2699 corrigendum
911 2661 1015 2690 esset.
1046 2677 1079 2681 -—
1107 2662 1180 2690 anie
1203 2657 1296 2698 hanc]
1323 2661 1398 2689 ante
1422 2659 1451 2688 in
1478 2658 1555 2689 Scli.
1575 2658 1630 2698 (ex
1655 2662 1729 2690 ante
1752 2657 1849 2699 eam).
1878 2676 1914 2681 —
1941 2659 1992 2690 47.

250 2712 335 2751 quod
356 2712 458 2742 sciam
481 2712 507 2741 G
524 2711 575 2742 Me
593 2710 616 2741 C
634 2710 659 2741 H
673 2719 713 2747 χ,
740 2710 786 2740 St.
806 2709 906 2747 vict„
933 2707 1028 2745 Pall.‚
1055 2708 1073 2740 4
1093 2711 1200 2747 Parin,
1226 2717 1278 2738 va
1293 2718 1310 2739 c
1336 2710 1366 2739 et
1394 2709 1493 2747 Lagg.
1514 2707 1669 2749 plerique
1687 2718 1693 2754 3
1721 2708 1807 2748 quod
1828 2708 1997 2740 scientiam

252 2762 330 2800 Lag.
356 2761 426 2798 263
453 2760 538 2799 quod
560 2759 694 2790 scientia
717 2759 763 2790 Mt
787 2759 811 2789 R
828 2759 918 2798 Τψ;
946 2759 1000 2796 qui
1024 2758 1158 2788 scientia
1182 2759 1256 2789 Par.
1274 2758 1320 2795 7.‚
1345 2758 1436 2789 unde
1462 2758 1552 2797 vulg.
1582 2760 1645 2790 liro
1670 2763 1747 2791 esset
1764 2759 1898 2790 scientia
1921 2759 1997 2790 orta

252 2812 316 2842 est.
349 2809 448 2850 (quod
469 2810 586 2847 sciam,
617 2809 685 2840 iam
707 2808 805 2849 facile
829 2809 916 2839 coni.
942 2807 1107 2845 Buechn.)
1143 2807 1328 2847 Madvigius
1352 2807 1371 2838 l.
1400 2817 1428 2839 c.
1457 2807 1642 2840 lectionem
1677 2808 1762 2848 quod
1784 2809 1886 2840 sciam
1909 2809 1995 2840 scite

252 2859 305 2891 ille
331 2859 472 2900 quidem
498 2859 666 2897 defendit,
693 2858 755 2890 sed
779 2866 901 2889 verum
924 2857 1061 2889 videtur
1085 2858 1255 2889 Garatonii
1280 2857 1332 2896 (2.)
1358 2857 1540 2896 iudicium,
1567 2859 1625 2899 qui
1649 2859 1804 2891 diversas
1827 2858 1997 2891 lectiones

253 2917 295 2940 ex
319 2908 432 2949 glossa
456 2908 633 2949 marginali
661 2908 788 2947 «quoad
810 2907 1000 2938 selemiam»
1027 2907 1199 2947 profectas
1224 2908 1354 2939 censet.
1378 2925 1410 2929 —
1440 2907 1490 2939 19.
1516 2908 1565 2938 hic
1590 2917 1658 2939 om.
1679 2918 1709 2939 v,
1732 2924 1766 2930 -
1796 2908 1883 2939 Titus
1905 2908 1993 2939 mei:

256 2959 287 2990 T.
313 2957 427 2998 vulgo.
454 2974 490 2980 —
517 2957 636 2996 autem]
662 2956 746 2987 aller
769 2957 846 2996 Lag.
875 2958 903 2987 «1.
931 2956 960 2987 3.
987 2956 1017 2986 8.
1044 2957 1077 2987 et
1101 2965 1117 2986 a
1133 2966 1161 2987 c.
1192 2975 1227 2979 —
1252 2958 1303 2988 ⁶20.
1330 2957 1379 2988 hic
1403 2967 1471 2988 om.
1492 2960 1528 2989 G.
1561 2976 1595 2980 —
1622 2959 1674 2989 ⁶2¹.
1699 2958 1878 2998 familiaris
1901 2958 1937 2989 G.
1958 2975 1995 2981 --

254 3009 422 3040 dedidisset
444 3008 532 3038 coni.
558 3007 688 3046 Reisig;
715 3007 749 3036 at
772 3015 803 3036 v.
831 3006 903 3037 Div.
931 3006 963 3036 in
989 3006 1091 3037 Caco.
1121 3007 1151 3045 g.
1178 3006 1217 3038 4:
1245 3007 1299 3046 qui
1321 3015 1372 3038 me
1397 3008 1440 3038 ad
1464 3008 1673 3047 defendendos
1695 3008 1837 3039 homines
1858 3025 1876 3030 -
1898 3024 1917 3030 -
1940 3007 1998 3038 de-

255 3059 383 3096 dissem,
409 3058 472 3089 nisi
495 3058 643 3096 utroque
667 3054 743 3086 loco
768 3056 881 3087 dedere
904 3055 1158 3087 restituendum
1183 3057 1246 3087 est.
1274 3074 1308 3077 —
1342 3056 1394 3087 ⁶22.
1421 3058 1542 3088 Romae
1563 3058 1715 3097 frequens
1736 3066 1768 3089 v.
1798 3074 1833 3079 —
1858 3056 1998 3088 Pallaci-

255 3116 316 3137 nas
337 3107 368 3138 M
382 3107 445 3144 Ηχ
470 3106 504 3137 et
526 3105 544 3136 7
568 3106 685 3145 Lagg.:
712 3104 907 3135 Paluacinas
928 3105 1005 3144 Lag.
1025 3105 1096 3142 264
1123 3106 1311 3137 Pallacenas
1325 3106 1453 3137 Nonius
1478 3116 1509 3147 p.
1531 3106 1590 3138 494
1606 3107 1668 3143 M.;
1694 3106 1857 3137 Pallacine
1879 3103 1992 3137 Schol.

257 3157 290 3187 in
314 3158 453 3196 Argum.
479 3163 513 3196 p.
531 3153 604 3186 424.
632 3156 665 3185 et
688 3162 721 3194 p.
741 3152 835 3185 436.:
861 3153 1035 3184 Pallicinas
1051 3156 1129 3194 Lag.
1150 3156 1201 3192 7.;
1227 3155 1406 3186 Pallantias
1423 3157 1500 3196 Lag.
1519 3156 1549 3187 3.
1568 3166 1574 3195 ς
1596 3156 1784 3195 pallacinus
1798 3154 1875 3186 cod.
1895 3153 1994 3186 Goth.

257 3205 412 3243 Phocae;
437 3204 603 3244 Pallayetzi
625 3203 767 3243 Pompei
793 3204 926 3234 Comm.
953 3205 1034 3235 artis
1059 3205 1178 3236 Donati
1203 3214 1235 3246 p.
1255 3204 1316 3236 450
1338 3205 1454 3243 Lind.;
1477 3206 1622 3245 pellicias
1638 3206 1775 3246 Sergius
1791 3213 1825 3246 p.
1844 3202 1927 3236 4842
1943 3203 1994 3241 P.;

257 3254 425 3286 Palatinas
448 3254 543 3286 GOv
559 3261 610 3284 ac
633 3253 667 3283 et
690 3252 821 3284 Phoeas
845 3261 877 3293 p.
905 3252 966 3285 338
990 3253 1085 3284 Lind.
1116 3272 1150 3276 —
1175 3253 1227 3285 24.
1254 3257 1298 3285 est
1320 3262 1388 3285 om.
1409 3256 1446 3285 G.
1476 3272 1510 3276 —
1537 3255 1588 3286 25.
1616 3256 1756 3296 adfinem
1773 3254 1809 3285 G.
1830 3270 1865 3276 —
1891 3253 1996 3284 occiso

260 3304 455 3336 --Mallius
483 3312 551 3335 om.
579 3304 616 3334 G.
645 3320 679 3324 -
709 3302 761 3334 ⁶26.
795 3302 946 3334 Ameriae
969 3303 1017 3339 H?
1048 3303 1219 3335 Amerinus
1241 3304 1276 3335 T.
1305 3319 1339 3325 —
1366 3304 1499 3336 Mallius
1520 3305 1604 3345 Mv,
1636 3305 1715 3346 Lag.
1741 3304 1814 3346 26„
1845 3301 1914 3337 Pal.
1939 3301 1995 3335 8.:

259 3353 404 3388 Manlius
426 3352 527 3385 codd.
552 3351 709 3394 plerique
732 3351 866 3393 reliqui.
894 3369 930 3375 -
956 3352 1090 3385 Glaulia
1112 3354 1182 3393 Ml,
1207 3361 1251 3392 v;
1278 3351 1419 3385 Glandia
1443 3354 1479 3386 G.
