2127 3708
902 232 976 288 §5-
1006 232 1060 274 47
1075 255 1128 265 -
1145 232 1211 275 56.
1848 233 1920 277 401

187 345 211 366 Ψ
335 347 358 368 ³oe
485 346 507 369 ※
623 344 646 367 ΞΕ
761 345 784 366 5
929 347 951 367 ἦ·
1067 347 1090 360 ⁴
1209 346 1226 363 3‘
1345 344 1370 363 ’ἵ-
1485 346 1509 366 -ᾊὲ
1625 346 1645 368 K
1763 348 1787 365 ἓ
1903 348 1926 368 ⁴»-

481 409 503 429 «κε
628 409 650 426 ῑ4
777 408 794 422 ἰ·
925 409 948 429 -ῑᾳ-
1065 410 1085 422 -τ
1205 408 1227 425 t*
1345 408 1368 425 -tr'
1485 408 1508 425 4
1625 408 1644 422 ³
1762 411 1786 427 4
1902 410 1922 430 ἦ

184 464 250 505 52.
283 466 323 506 Si
357 465 450 519 quis
479 463 611 504 furem
644 464 863 512 occiderit,
894 465 1047 505 iniuria
1077 464 1290 505 occiderit.
1337 464 1472 513 Quam
1504 464 1556 504 ob
1586 467 1701 504 rem?
1734 465 1842 514 Quia
1863 467 1926 507 ius

185 528 456 568 constitutum
499 526 660 566 nullum
706 532 779 567 est.
826 527 967 575 Quid?
1015 529 1048 568 si
1090 541 1133 568 se
1174 528 1257 567 telo
1307 525 1573 567 defenderit?
1629 528 1721 568 Non
1760 529 1925 570 iniuria.

184 590 295 638 Quid
325 590 413 630 ita?
456 588 563 637 Quia
593 590 864 629 constitutum
894 595 968 630 est.
1063 588 1086 609 *ἶ
1203 588 1226 606 ³*
1343 590 1366 606 ³*
1483 589 1506 606 ἥ
1624 589 1648 609 ³*
1764 591 1785 610 'f
1902 592 1925 608 ‘⁴
1956 599 1974 627 5

185 658 208 670 4
334 659 355 671 4
483 662 498 673 ,4
632 658 646 669 ³·
777 662 792 670 4
928 658 951 671 *v*
1066 658 1089 671 4
1207 662 1222 671 ⁴
1346 658 1368 677 4.
1486 659 1510 675 4
1625 659 1648 676 ῑ4
1764 659 1787 676 4-
1902 660 1925 677 aa.

183 713 249 754 53.
279 720 416 755 tamen
446 726 588 753 verum
620 713 775 753 factum
807 720 936 763 esset,
978 720 1114 754 tamen
1145 715 1187 754 in
1220 729 1268 755 eo
1299 715 1392 768 ipso
1424 714 1541 763 loco,
1573 716 1646 769 qui
1677 721 1773 757 tuus
1805 722 1926 763 esset,

183 790 267 817 non
297 776 420 816 modo
451 789 593 816 servos
623 776 676 815 M.
708 776 832 816 Tullii
864 776 1054 817 occidere
1084 777 1174 817 iure
1204 791 1288 817 non
1321 777 1517 831 potuisti,
1560 791 1706 818 verum
1737 779 1861 818 etiam
1892 778 1925 818 si

182 844 335 879 tectum
363 839 443 878 hoc
473 839 675 879 insciente
705 845 776 879 aut
806 853 881 892 per
908 839 990 878 vim
1021 839 1245 879 demolitus
1276 853 1409 887 esses,
1443 839 1558 894 quod
1587 840 1655 880 hic
1684 841 1727 880 in
1756 846 1828 880 tuo
1860 853 1927 880 ae-

182 898 388 940 dificasset
429 905 469 941 et
507 915 627 941 suum
668 915 757 942 esse
796 901 1056 948 defenderet,
1096 900 1138 940 id
1168 902 1209 941 vi
1238 907 1310 942 aut
1340 902 1445 942 clam
1474 901 1628 942 factum
1658 903 1975 942 iudicaretur.⁴o

182 965 243 1003 Tu
275 964 365 1016 ipse
395 963 477 1002 iam
507 969 664 1012 statue,
696 977 819 1018 quam
849 978 992 1004 verum
1024 964 1095 1011 sit,
1142 977 1235 1003 cum
1265 977 1419 1017 paucas
1449 965 1609 1017 tegulas
1640 965 1820 1005 deiicere
1849 965 1926 1004 im-

180 1039 293 1079 pune
322 1025 479 1065 familia
510 1032 581 1066 tua
610 1040 694 1066 non
726 1028 930 1079 potuerit,
962 1026 1183 1065 maximam
1216 1026 1384 1066 caedem
1415 1027 1503 1066 sine
1524 1026 1671 1068 fraude
1692 1028 1828 1068 facere
1852 1041 1926 1081 po-

180 1089 323 1128 tuisse.
377 1089 465 1141 Ego
502 1089 592 1141 ipse
631 1094 740 1129 tecto
783 1089 853 1128 illo
885 1088 1117 1129 disturbato
1150 1089 1184 1128 si
1213 1088 1339 1129 hodie
1370 1089 1600 1142 postulem,
1640 1091 1755 1144 quod
1784 1091 1824 1130 vi
1854 1095 1927 1130 aut

181 1150 286 1191 clam
316 1150 469 1190 factum
501 1151 573 1198 sit,
606 1156 649 1191 tu
669 1157 741 1191 aut
766 1165 841 1204 per
860 1151 1059 1191 arbitrum
1081 1151 1274 1190 restituas
1296 1156 1368 1190 aut
1388 1151 1615 1203 sponsione
1637 1152 1925 1192 condemneris

180 1227 350 1254 necesse
382 1218 455 1254 est.
510 1214 627 1253 Nunc
656 1214 736 1253 hoc
771 1213 966 1267 probabis
995 1212 1094 1252 viris
1125 1212 1299 1260 talibus,
1342 1226 1436 1253 cum
1466 1211 1702 1254 aedificium
1732 1220 1802 1255 tuo
1834 1214 1925 1255 iure
1940 1218 1975 1247 ⁴5

180 1276 413 1316 disturbare
444 1289 528 1316 non
559 1277 766 1329 potueris,
798 1275 912 1330 quod
944 1280 1072 1322 esset,
1104 1274 1459 1328 quemadmodum
1480 1280 1525 1316 tu
1546 1277 1632 1325 vis,
1662 1277 1821 1326 intuo,
1849 1277 1926 1318 ho-

179 1338 332 1385 mines,
365 1338 437 1391 qui
467 1338 510 1377 in
542 1352 591 1378 eo
622 1337 812 1379 aedificio
842 1338 1025 1385 fuerint,'
1048 1343 1088 1378 te
1119 1343 1191 1378 tuo
1222 1338 1311 1378 iure
1342 1339 1531 1391 potuisse
1562 1340 1786 1380 occidere?

290 1398 356 1440 54.
386 1401 439 1440 At
468 1413 612 1440 servus
643 1415 761 1441 meus
791 1414 877 1441 non
909 1405 1141 1453 comparet,
1174 1401 1246 1454 qui
1277 1401 1392 1441 visus
1423 1406 1485 1442 est
1515 1415 1610 1442 cum
1630 1402 1740 1450 tuis;
1771 1407 1812 1443 at
1832 1416 1927 1444 casa

179 1475 271 1502 mea
302 1468 364 1502 est
394 1463 565 1503 incensa
595 1476 619 1503 a
648 1464 743 1503 tuis.
790 1463 901 1511 Quid
932 1463 984 1503 ad
1013 1463 1117 1503 haec
1147 1463 1452 1516 respondeam?
1493 1463 1667 1504 Ostendi
1686 1464 1792 1505 falsa
1813 1479 1925 1507 esse:

178 1538 322 1565 verum
344 1530 483 1565 tamen
514 1523 753 1566 confitebor.
801 1526 912 1574 Quid
932 1527 1107 1579 postea?
1138 1525 1228 1565 Hoc
1249 1527 1453 1579 sequitur,
1482 1531 1530 1566 ut
1548 1526 1706 1568 familia
1724 1529 1779 1568 M.
1801 1528 1927 1568 Tullii
1940 1531 1976 1560 20

181 1587 346 1626 concidi
384 1589 651 1640 oportuerit?
697 1589 778 1628 Vix
817 1588 1075 1635 mehercule,
1113 1593 1160 1628 ut
1203 1588 1362 1627 corium
1391 1588 1499 1641 peti;
1543 1589 1638 1637 vix,
1685 1594 1732 1629 ut
1760 1590 1927 1643 gravius

180 1649 463 1702 expostulari:
494 1664 639 1690 verum
668 1656 716 1691 ut
745 1665 856 1691 esses
887 1650 1155 1698 durissimus,
1187 1650 1252 1702 agi
1284 1650 1455 1704 quidem
1474 1650 1629 1691 usitato
1650 1651 1741 1692 iure
1763 1658 1804 1692 et
1824 1665 1928 1706 quo-

179 1711 338 1752 tidiana
375 1712 539 1752 actione
579 1714 729 1766 potuit.
780 1713 893 1761 Quid
930 1727 1035 1767 opus
1074 1713 1154 1754 fuit
1191 1713 1266 1753 vi?
1312 1713 1414 1767 quid
1453 1714 1621 1755 armatis
1651 1714 1926 1755 hominibus?

180 1774 282 1827 quid
314 1775 468 1815 caede?
499 1775 601 1829 quid
632 1776 862 1829 sanguine?

293 1835 359 1876 55.
403 1838 456 1877 At
491 1839 601 1878 enim
642 1844 926 1892 oppugnatum
956 1852 1021 1878 me
1050 1838 1226 1879 fortasse
1255 1839 1482 1879 venissent.
1525 1839 1639 1880 Haec
1669 1847 1733 1882 est
1759 1842 1928 1883 illorum
1941 1848 1978 1878 25

181 1900 224 1939 in
256 1913 381 1940 causa
410 1899 573 1953 perdita
603 1906 789 1941 extrema
818 1915 903 1941 non
933 1901 1064 1940 oratio
1096 1914 1233 1954 neque
1264 1901 1472 1949 defensio,
1513 1903 1585 1942 sed
1617 1904 1857 1945 coniectura
1888 1910 1928 1945 et

180 1963 300 2016 quasi
331 1962 548 2003 divinatio.
606 1964 670 2003 Illi
703 1968 989 2017 oppugnatum
1018 1964 1182 2003 venturi
1215 1969 1353 2004 erant:
1394 1966 1549 2018 quem?
1592 1966 1781 2006 Fabium.
1832 1967 1926 2015 Quo

181 2025 387 2065 consilio?
429 2025 480 2065 Ut
510 2025 764 2065 occiderent.
807 2025 943 2074 Quam
976 2026 1028 2065 ob
1059 2027 1255 2065 causam?
1300 2026 1414 2074 Quid
1443 2032 1490 2066 ut
1521 2025 1798 2080 proficerent?
1844 2028 1927 2077 Qui

180 2088 450 2141 comperisti?
491 2088 561 2135 Et,
593 2093 640 2128 ut
668 2102 755 2128 rem
784 2088 1050 2142 perspicuam
1082 2101 1207 2142 quam
1235 2088 1500 2140 paucissimis
1521 2089 1659 2129 verbis
1679 2102 1820 2144 agam,
1851 2091 1928 2130 du-

178 2149 301 2190 bitari
330 2150 410 2190 hoc
441 2155 598 2203 potest,
637 2151 961 2204 reciperatores,
1002 2150 1084 2189 utri
1116 2163 1380 2203 oppugnasse
1410 2150 1652 2200 videantur,
1685 2153 1758 2207 qui
1779 2153 1831 2193 ad
1851 2153 1976 2194 vil-30

178 2211 261 2252 lam
290 2218 495 2252 venerunt
523 2225 575 2252 an
607 2214 679 2267 qui
709 2214 752 2252 in
772 2213 873 2252 villa
902 2215 1176 2252 manserunt?
1222 2210 1288 2252 56.
1322 2213 1396 2267 qui
1428 2214 1555 2254 occisi
1585 2219 1683 2255 sunt
1711 2229 1764 2255 an
1793 2215 1844 2264 ii,
1876 2228 1928 2255 ex

179 2286 360 2327 quorum
395 2288 570 2316 numero
611 2275 778 2315 saucius
807 2274 940 2314 factus
972 2279 1035 2315 est
1062 2277 1222 2315 nemo?
1262 2276 1337 2329 qui
1369 2289 1442 2315 cur
1471 2275 1659 2316 facerent
1688 2289 1815 2317 causa
1842 2290 1928 2317 non

178 2335 259 2376 fuit
287 2349 341 2377 an
368 2337 420 2386 ii,
451 2338 524 2392 qui
553 2337 703 2378 fecisse
734 2351 777 2378 se
805 2335 1088 2377 confitentur?
1127 2338 1303 2386 Verum,
1334 2343 1382 2378 ut
1409 2338 1490 2379 hoc
1519 2338 1595 2379 tibi
1626 2339 1813 2388 credam,
1843 2353 1929 2380 me-

179 2399 310 2440 tuisse
349 2404 390 2441 te
427 2413 480 2441 ne
520 2413 831 2455 oppugnarem,
871 2400 965 2454 quis
1000 2400 1081 2440 hoc
1111 2400 1256 2441 statuit
1284 2413 1505 2455 umquam,
1543 2405 1616 2441 aut
1657 2401 1724 2442 cui
1755 2402 1928 2442 concedi

265 2545 296 2579 3.
321 2547 358 2580 Si
382 2547 465 2587 cet.]
494 2548 651 2580 Servavit
678 2547 769 2580 hanc
799 2546 828 2588 S.
857 2545 961 2579 Iulius
991 2546 1189 2580 Rufinianus
1222 2547 1265 2580 de
1298 2549 1367 2589 Fig.
1394 2550 1482 2581 sent.
1518 2557 1548 2581 c.
1574 2549 1605 2582 8.
1630 2557 1665 2590 p.
1691 2549 1766 2581 ί204.
1791 2548 1925 2581 Ruhnk.

179 2595 367 2630 Verissime
383 2596 539 2630 Kellerus
555 2607 561 2630 ε
590 2599 725 2630 «Hocce
750 2598 983 2639 fragmentum
999 2598 1033 2628 et
1048 2595 1103 2629 illa
1115 2622 1122 2636 ,
1148 2606 1238 2638 quae
1256 2607 1278 2641 ef
1293 2597 1371 2630 folio
1387 2599 1472 2630 VHI.
1498 2598 1701 2630 Taurinensi
1717 2597 1929 2630 antecedunt

180 2649 348 2688 extrema,
370 2657 412 2681 ea
430 2656 500 2681 non
518 2650 705 2690 potuerunt
725 2649 759 2680 in
780 2649 912 2689 integra
928 2647 1083 2678 oratione
1099 2655 1225 2688 magno
1248 2643 1426 2680 intervallo
1449 2649 1540 2680 inter
1556 2657 1593 2681 se
1611 2648 1775 2680 distare.»
1790 2666 1825 2671 —
1844 2646 1926 2689 quis]

179 2697 237 2736 qui
252 2705 332 2731 cum
347 2697 550 2730 Ruhnkenio
567 2698 637 2729 ΟΚ.
665 2697 714 2730 Cf.
731 2707 766 2739 p.
786 2698 858 2730 400.
876 2706 909 2728 v.
928 2697 981 2728 ⁶26.
1003 2714 1038 2719 -
1063 2697 1094 2728 7.
1111 2706 1226 2729 verum
1238 2698 1442 2740 factum]per
1455 2698 1522 2730 vim
1535 2699 1660 2739 factum
1675 2698 1745 2730 ΒΟ.
1769 2697 1823 2730 Ad
1834 2696 1929 2729 locu-

179 2746 311 2779 tionem
321 2755 435 2779 emm
444 2748 517 2789 fieri
529 2747 684 2780 Kellerus
699 2748 831 2780 confert
841 2746 931 2779 Lael.
944 2746 1099 2784 48‚65.-
1112 2751 1204 2786 esset,
1223 2751 1332 2779 tamen
1346 2747 1390 2789 in]
1404 2755 1782 2781 ESSETNONMODOSERVOS
1803 2751 1807 2784 Ι
1827 2755 1928 2779 rme-

177 2803 239 2829 ΝιΝ
253 2796 289 2836 Τ,
308 2799 386 2828 esset
399 2806 465 2828 non
479 2798 575 2829 modo
590 2806 708 2829 ser-vos.
736 2797 853 2828 Tamen
869 2796 902 2827 in
918 2798 953 2834 P,
971 2800 1060 2828 esset.
1088 2796 1164 2837 [non
1187 2799 1282 2830 modo
1297 2807 1416 2830 servos.
1443 2797 1572 2839 Tamen]
1591 2799 1625 2829 in
1638 2798 1708 2835 ΒΟ,
1734 2799 1824 2836 esset,
1851 2795 1928 2837 [non

177 2845 274 2877 modo
295 2846 415 2888 servos]
440 2850 547 2879 tamen
562 2847 596 2878 in
612 2848 698 2886 HK,
724 2855 812 2888 quos
836 2847 976 2878 secutus
999 2854 1078 2878 sum
1102 2846 1224 2880 deletis
1248 2856 1337 2889 quae
1362 2847 1407 2880 illi
1422 2847 1651 2880 secluserunt.
1687 2847 1926 2880 certissimum

181 2895 275 2928 enim
298 2897 362 2936 est,
387 2895 496 2928 verba
518 2906 584 2928 non
605 2898 700 2929 modo
722 2906 831 2928 servos
854 2905 872 2928 e
897 2897 1057 2936 sequenti
1073 2905 1178 2929 versu
1200 2898 1270 2930 huc
1293 2899 1494 2939 irrepsisse,
1522 2906 1603 2930 cum
1619 2895 1738 2929 oculus
1761 2895 1891 2928 librarii
1906 2904 1926 2927 a

178 2944 295 2986 priore
326 2945 436 2978 verbo
464 2954 567 2978 ESSET
594 2946 638 2978 ad
668 2947 841 2988 posterius
871 2945 1080 2978 aberrasset.
1117 2946 1166 2979 Cf.
1193 2947 1237 2979 ad
1261 2947 1292 2988 g.
1317 2947 1370 2979 30.
1410 2948 1624 2980 Sententiam
1652 2946 1696 2979 de
1727 2947 1927 2978 coniectura

179 2993 275 3026 haud
297 2996 380 3028 satis
405 2997 574 3029 concinne
598 2998 644 3028 ita
667 2996 840 3038 supplevit
862 2995 1080 3028 Huschkius:
1116 2997 1153 3028 Si
1174 2997 1296 3038 igitur,
1326 2998 1362 3030 L.
1383 2998 1510 3038 Quinti,
1542 2998 1590 3029 ita
1613 3005 1755 3037 quoque,
1785 2996 1813 3028 si
1833 2995 1926 3027 illum

178 3044 286 3084 ipsum
318 3044 441 3086 locum,
476 3047 511 3078 in
542 3055 606 3086 quo
636 3047 766 3088 familia
789 3050 846 3078 tua
866 3046 913 3077 M.
941 3045 1022 3076 Tulli
1042 3054 1151 3078 servos
1173 3048 1307 3086 occidit,
1343 3050 1436 3079 tuum
1455 3048 1553 3089 fuisse
1572 3055 1686 3079 verum
1708 3055 1730 3078 α
1753 3049 1782 3078 te
1801 3045 1926 3086 factum

180 3097 259 3126 esset
280 3093 321 3136 (si
341 3096 377 3127 id
399 3099 508 3128 tamen
529 3106 644 3129 verum
663 3098 789 3138 factum
811 3097 913 3135 esset),
940 3098 1049 3127 tamen
1069 3096 1104 3127 in
1126 3105 1162 3128 eo
1184 3097 1253 3136 ipso
1276 3097 1345 3128 loco
1368 3098 1435 3129 cet.
1456 3114 1492 3120 -
1518 3097 1549 3129 8.
1576 3097 1658 3128 Tulli
1679 3096 1777 3128 TPB
1790 3095 1869 3127 HK.
1886 3112 1922 3117 —

181 3143 234 3175 40.
260 3151 319 3176 mr
333 3144 374 3183 T,
394 3153 458 3185 per
470 3145 538 3177 vim
552 3147 589 3178 P.
609 3164 646 3170 ——
668 3147 721 3179 44.
739 3147 861 3178 deicere
876 3145 996 3185 inpune
1012 3145 1073 3177 TP
1085 3146 1110 3177 Β
1124 3146 1164 3177 Η.
1185 3163 1221 3168 -
1246 3146 1298 3178 42.
1311 3147 1467 3186 poluisse.
1490 3147 1562 3188 qu
1576 3147 1601 3179 B
1616 3147 1640 3178 O
1656 3154 1662 3176 :
1686 3152 1926 3178 Pormssfirl-:Go

181 3193 223 3233 T,
243 3195 412 3234 potuisset.
437 3195 508 3237 qu
524 3197 561 3235 P,
581 3197 734 3236 potuisse.
759 3197 801 3229 Et
816 3205 873 3237 eyo
890 3195 918 3227 H
932 3195 969 3226 K.
997 3194 1046 3226 Cf.
1065 3194 1110 3226 ad
1127 3195 1158 3236 ἓ.
1180 3196 1233 3227 42.
1254 3213 1290 3218 -
1316 3196 1368 3228 48.
1385 3196 1427 3229 At
1441 3213 1459 3220 -
1474 3213 1493 3220 -
1508 3196 1555 3238 at]
1577 3196 1626 3228 Ad
1640 3212 1689 3218 —-
1704 3195 1749 3226 ad
1771 3194 1867 3226 TPB
1881 3194 1921 3225 H.

182 3258 220 3265 —
245 3243 298 3275 20.
326 3243 408 3276 Tulli
429 3244 528 3277 TPB
542 3245 622 3278 HK.
643 3264 678 3269 ——
703 3246 757 3278 24.
781 3245 907 3277 corium
926 3243 1005 3285 peti]
1031 3243 1083 3276 Cf.
1099 3244 1233 3276 Seneca
1256 3243 1300 3276 de
1323 3246 1434 3278 const.
1452 3253 1526 3287 sap.
1546 3244 1597 3277 44.
1619 3261 1655 3267 -
1679 3245 1734 3277 22.
1757 3243 1925 3276 cotidiana

181 3296 369 3332 TPBHK.
397 3314 432 3323 -
465 3300 516 3333 3⁴.
541 3308 848 3335 mmm-mm
869 3300 906 3333 T.
932 3316 968 3322 —
993 3299 1047 3334 32.
1070 3306 1221 3334 sarcczrs
1243 3300 1280 3333 r.
1313 3317 1349 3325 —
1375 3301 1427 3335 33.
1449 3289 1632 3337 memmi-r*
1652 3301 1689 3334 Τ.
1716 3317 1752 3324 -
1768 3298 1835 3333 34.
1866 3298 1924 3331 oz>-

177 3353 367 3390 Puqnarere
387 3350 487 3387 TPB
500 3350 542 3387 H.
570 3368 605 3376 -
628 3358 880 3391 surrrntqu
901 3349 938 3383 T.
