2175 3718
279 256 358 299 498
776 261 831 300 IN
861 259 1080 299 VERREM
1108 258 1268 300 ACTIO
1301 258 1538 300 SECUNDA

388 369 454 410 66.
502 371 587 411 Iam
630 371 805 412 Heraclii
852 370 1131 423 Centuripini,
1181 371 1322 423 optimi
1367 369 1694 421 nobilissimique
1737 368 2020 419 adolescentis,

277 433 552 473 testimonium
583 435 775 474 audistis:
805 448 827 473 a
858 448 938 487 quo
970 434 1046 472 HS
1071 446 1090 472 c
1113 432 1222 472 milia
1244 447 1317 485 per
1337 433 1581 472 calumniam
1603 431 1879 484 malitiamque
1900 434 2024 485 petita

278 500 385 534 sunt.
451 496 533 535 Iste
575 497 717 549 poenis
762 496 1149 548 compromissisque
1191 495 1439 547 interpositis
1480 494 1556 533 HS
1601 506 1697 532 cccc
1740 493 2024 546 extorquenda

279 557 454 604 curavit;
486 559 680 611 quodque
712 558 904 597 iudicium
937 558 1160 596 secundum
1198 556 1433 596 Heraclium
1467 557 1516 595 dc
1549 556 1842 608 compromisso
1873 554 2023 595 factum

247 623 382 665 serat,
426 632 517 659 cum
559 621 656 660 civis
695 620 979 671 Centuripinus
1019 620 1125 658 inter
1172 618 1273 657 duos
1315 619 1422 657 cives
1464 617 1749 663 diiudicasset,
1790 617 1832 657 id
1868 618 2024 657 irritum

278 681 396 720 iussit
416 694 506 721 esse
529 695 705 736 eumque
727 681 903 720 iudicem
924 680 1073 720 falsum
1095 680 1297 719 iudicasse
1321 680 1532 719 iudicarit:
1563 680 1602 718 in
1627 685 1769 719 senatu
1790 692 1894 726 esse,
1924 679 2024 718 locis

278 742 585 796 commodisque
616 743 789 796 publicis
819 742 876 781 uti
907 743 1046 782 vetuit.
1095 744 1136 781 Si
1167 743 1260 795 quis
1291 756 1384 782 eum
1415 743 1629 795 pulsasset,
1661 743 1790 781 edixit
1810 754 1900 781 sese
1923 740 2025 780 iudi-

278 804 385 843 cium
416 805 652 845 iniuriarum
683 818 765 844 non
798 804 1008 844 daturum:
1041 804 1243 858 quidquid
1275 804 1324 843 ab
1356 817 1403 843 6ο
1432 810 1650 857 peteretur,
1682 804 1857 843 iudicem
1880 804 1930 843 de
1953 817 2026 844 sua

278 865 442 905 cohorte
473 866 674 914 daturum,
705 867 782 920 ipsi
812 872 947 905 autem
978 867 1130 906 nullius
1163 867 1366 906 actionem
1386 867 1443 905 rei
1466 880 1556 906 sese
1578 867 1777 906 daturum.
1810 864 1875 906 67.
1909 866 2024 914 Quae

228 941 262 969 40
278 928 394 967 istius
424 930 642 969 auctoritas
681 934 836 968 tantum
865 928 1014 975 valuit,
1054 934 1098 968 ut
1128 942 1263 981 neque
1294 929 1409 967 illum
1438 929 1619 980 pulsaret
1649 930 1890 982 quisquam,
1934 942 2025 968 cum

275 995 438 1042 praetor
467 991 508 1030 in
538 992 746 1044 provincia
776 1004 848 1030 sua
869 990 994 1030 verbo
1016 992 1278 1043 permitteret,
1310 1004 1353 1030 re
1374 991 1615 1038 hortaretur,
1646 1005 1781 1044 neque
1806 992 2024 1045 quisquam

276 1051 326 1090 ab
366 1064 414 1091 eo
456 1053 683 1107 quidquam
723 1059 901 1106 peteret,
943 1067 1032 1092 cum
1068 1055 1140 1092 iste
1177 1054 1405 1093 calumniae
1436 1053 1641 1093 licentiam
1674 1067 1746 1093 sua
1786 1054 2024 1093 auctoritate

276 1114 534 1154 ostendisset.
593 1116 821 1168 Ignominia
851 1119 987 1155 autem
1029 1115 1099 1154 illa
1140 1116 1272 1167 gravis
1312 1121 1394 1155 tam
1437 1116 1506 1154 diu
1545 1116 1587 1154 in
1625 1115 1694 1154 illo
1732 1115 1900 1154 homine
1935 1115 2023 1162 fuit,

276 1189 399 1229 quain
439 1177 508 1216 diu
547 1178 621 1216 iste
660 1177 702 1216 in
742 1178 951 1231 provincia
992 1178 1150 1216 mansit.
1221 1178 1304 1216 Hoc
1342 1178 1490 1217 iniecto
1531 1182 1641 1216 metu
1678 1177 1878 1217 iudicibus
1916 1191 2023 1217 novo

226 1249 261 1277 45
275 1252 401 1285 more,
432 1239 545 1279 nullo
577 1240 790 1293 exemplo,
831 1249 1001 1293 ecquam
1033 1254 1118 1279 rem
1152 1241 1298 1293 putatis
1330 1254 1420 1279 esse
1452 1241 1492 1279 in
1526 1239 1660 1278 Sicilia
1691 1239 1769 1278 nisi
1799 1239 1850 1278 ad
1880 1244 2023 1279 nutum

273 1301 388 1341 istius
420 1301 668 1341 iudicatam?
728 1303 869 1342 Utrum
901 1303 940 1341 id
973 1303 1105 1342 solum
1138 1303 1296 1341 videtur
1327 1316 1417 1342 esse
1449 1308 1604 1348 aetum,
1647 1301 1758 1354 quod
1797 1307 1858 1341 est
1887 1307 2024 1341 tamen

273 1369 419 1411 actum,
450 1369 494 1403 ut
522 1364 625 1404 haec
646 1364 837 1405 Heraclio
859 1366 1033 1418 pecunia
1057 1365 1309 1417 eriperetur?
1341 1378 1391 1403 an
1416 1365 1536 1404 etiam
1560 1363 1674 1410 illud,
1707 1365 1746 1402 in
1769 1377 1850 1416 quo
1871 1363 2025 1416 praeda

275 1430 361 1465 erat
389 1426 579 1473 maxima,
610 1432 654 1466 ut
683 1427 848 1466 nomine
880 1427 1121 1466 iudiciorum
1153 1428 1333 1467 omnium
1363 1427 1471 1466 bona
1492 1432 1615 1480 atque
1638 1426 1825 1466 fortunae
1846 1428 1887 1466 in
1908 1427 2022 1467 istius

272 1489 393 1528 unius
425 1494 564 1528 essent
592 1492 821 1542 potestate?

223 1560 259 1589 20
384 1552 574 1591 XXVIII.
616 1550 681 1591 68.
723 1554 805 1593 Iam
837 1566 934 1592 vero
968 1553 1007 1591 in
1040 1565 1173 1591 rerum
1204 1552 1436 1604 capitalium
1469 1551 1778 1605 quaestionibus
1812 1550 1911 1604 quid
1944 1565 2019 1605 ego

272 1626 394 1653 unam
417 1628 623 1668 quamque
655 1629 740 1654 rem
772 1615 959 1667 colligam
992 1620 1031 1653 et
1062 1617 1253 1653 causam?
1295 1615 1357 1652 Ex
1390 1614 1526 1653 multis
1559 1614 1758 1653 similibus
1782 1627 1829 1653 ea
1851 1628 2022 1662 sumam,

274 1689 379 1728 quae
420 1677 595 1716 maxime
640 1678 895 1731 improbitate
941 1677 1146 1716 excellere
1188 1676 1446 1716 videbuntur.
1521 1678 1691 1729 Sopater
1740 1675 1907 1729 quidam
1949 1676 2025 1718 suit

271 1737 548 1792 Halicyensis,
588 1740 711 1779 homo
749 1741 857 1779 domi
894 1753 991 1779 suae
1033 1753 1123 1779 cum
1164 1740 1303 1792 primis
1341 1739 1523 1791 locuples
1554 1745 1677 1790 atque
1710 1738 1920 1779 honestus.
1980 1741 2019 1779 ls

270 1802 320 1841 ah
353 1801 527 1840 inimicis
559 1802 642 1841 suis
673 1802 779 1855 apud
814 1802 855 1841 C.
889 1802 1151 1841 Sacerdotem
1190 1806 1420 1854 praetorem
1461 1801 1516 1840 rei
1558 1800 1740 1852 capitalis
1782 1815 1874 1840 cum
1904 1815 2024 1841 accu-

221 1869 380 1904 25satus
412 1868 542 1911 esset,
580 1864 700 1904 facile
741 1878 789 1904 eo
829 1865 979 1904 iudicio
1011 1870 1073 1904 est
1102 1864 1309 1903 liberatus.
1368 1864 1473 1902 nuic
1513 1863 1645 1902 eidem
1687 1863 1858 1916 Sopatro
1897 1863 2022 1903 iidem

269 1926 424 1968 inimici
453 1926 507 1966 ad
539 1926 581 1966 C.
612 1927 794 1974 Verrem,
827 1942 917 1967 cum
949 1928 982 1966 is
1008 1927 1216 1967 Sacerdoti
1248 1927 1530 1972 successisset,
1563 1925 1748 1965 eiusdem
1779 1926 1837 1965 rei
1870 1939 2020 1966 nomen

270 1989 518 2029 detulerunt.
564 1990 643 2029 Res
666 1989 837 2043 Sopatro
867 1990 997 2029 facilis
1028 1990 1254 2035 ridebatur,
1287 1994 1326 2028 et
1356 1989 1466 2041 quod
1499 1993 1584 2029 erat
1614 1989 1811 2027 innocens
1843 1992 1883 2027 et
1913 1989 2023 2041 quod

271 2051 502 2091 Sacerdotis
534 2052 730 2092 iudicium
760 2053 990 2105 improbare
1021 2054 1141 2091 istum
1173 2064 1366 2090 ausurum
1404 2065 1487 2091 non
1528 2051 1806 2091 arbitrabatur.
1870 2050 2024 2090 Citatur

269 2126 385 2153 reus:
426 2127 548 2154 causa
576 2115 708 2167 agitur
739 2116 970 2168 Syracusis:
1011 2115 1179 2153 crimina
1209 2119 1431 2153 tractantur
1460 2114 1510 2153 ab
1542 2118 1776 2153 accusatore
1808 2126 1876 2158 ea,
1917 2125 2023 2165 quae

220 2181 255 2210 30
271 2180 385 2215 erant
414 2182 535 2215 antea
565 2191 647 2216 non
669 2177 799 2216 solum
824 2177 1077 2222 defensione,
1108 2190 1247 2216 rerum
1270 2177 1388 2215 etiam
1413 2176 1560 2215 iudicio
1583 2175 1794 2214 dissoluta.
1827 2172 1892 2214 69.
1920 2176 2023 2215 Cau-

270 2250 354 2277 sam
378 2238 538 2290 Sopatri
568 2239 815 2279 defendebat
837 2239 886 2286 Q.
909 2240 1125 2285 Minucius,
1158 2253 1285 2291 eques
1318 2240 1523 2277 Romanus
1554 2239 1593 2277 in
1616 2238 1755 2290 primis
1780 2237 2021 2291 splendidus

270 2305 392 2352 atque
422 2300 620 2340 honestus
652 2301 864 2353 vobisque,
896 2301 1064 2347 iudices,
1097 2315 1177 2339 non
1210 2302 1384 2353 ignotus.
1438 2300 1545 2339 Nihil
1577 2306 1663 2339 erat
1683 2300 1721 2338 in
1745 2314 1878 2345 causa,
1911 2298 2022 2351 quod

271 2361 536 2401 metuendum
567 2367 635 2402 aut
665 2364 832 2403 omnino
866 2364 974 2416 quod
999 2363 1266 2403 dubitandum
1298 2363 1516 2403 videretur.
1567 2363 1726 2402 Interea
1756 2363 1869 2401 istius
1901 2361 2022 2400 liber-

272 2428 334 2463 tus
367 2429 406 2464 et
435 2438 631 2465 accensus
654 2426 946 2472 Timarchides,
979 2427 1048 2478 qui
1081 2431 1153 2471 est,
1188 2425 1226 2464 id
1259 2425 1369 2478 quod
1402 2438 1453 2463 ex
1485 2425 1667 2477 plurimis
1694 2425 1864 2464 testibus
1886 2425 2021 2477 priore

220 2486 429 2525 35acti0ne
461 2488 684 2536 didicistis,
725 2502 858 2527 rerum
898 2488 1185 2527 huiuscemodi
1225 2489 1404 2527 omnium
1447 2492 1669 2527 transactor
1700 2492 1740 2526 et
1769 2487 2022 2533 administer,

356 2639 385 2668 4.
413 2637 624 2668 adulescentis
645 2636 872 2667 testinnonium
895 2635 934 2666 V.
958 2654 991 2657 -
1011 2636 1042 2666 ⁶2.
1062 2644 1079 2665 c
1096 2635 1197 2675 milia]
1222 2643 1280 2667 ccc
1292 2636 1308 2666 I
1317 2643 1374 2666 aa.)
1392 2635 1430 2665 V.
1452 2653 1486 2656 —
1507 2635 1536 2665 53.
1557 2635 1612 2665 isle
1629 2635 1672 2665 αιί
1686 2643 1841 2673 praesens
1852 2634 1965 2674 poenis
1980 2634 2019 2665 V.

274 2706 307 2710 ψ
326 2687 564 2727 compromissis
580 2686 619 2717 V.
642 2703 676 2708 —
695 2686 748 2716 HS
764 2693 841 2716 cccc
858 2684 959 2715 codd.
980 2687 1120 2725 praeter
1135 2686 1174 2723 V,
1201 2685 1232 2715 iu
1251 2694 1318 2725 quo
1337 2686 1389 2716 est
1405 2685 1457 2715 Its
1473 2693 1531 2715 ccc
1548 2685 1562 2714 I
1575 2692 1651 2720 ,ωας
1677 2685 1730 2714 Jls·
1747 2691 1804 2715 ccc
1820 2684 1856 2714 O.
1879 2701 1913 2705 ——
1933 2682 1964 2714 4.
1985 2685 2023 2715 de

269 2737 498 2777 compromisso
522 2735 610 2773 1.ng
636 2744 668 2775 p.
695 2743 742 2766 m.
769 2745 817 2773 sp:
848 2735 1077 2774 compromisso
1103 2736 1182 2770 (om.
1209 2736 1255 2774 (Ic)
1282 2735 1327 2771 V;
1359 2735 1396 2764 de
1419 2735 1656 2772 compr-omissis
1679 2735 1736 2764 ett.
1764 2734 1800 2764 O.
1830 2751 1865 2755 -
1891 2733 1922 2763 5.
1949 2742 2023 2764 cum

270 2788 337 2827 LgG
351 2786 390 2818 42
414 2795 447 2826 p.
474 2794 520 2816 m.
547 2786 592 2815 V:
627 2786 713 2824 quod
736 2786 793 2815 ctt.
820 2785 857 2815 Ο.
887 2803 920 2806 —
948 2786 1027 2815 (tues
1058 2786 1079 2815 F
1097 2786 1139 2815 V:
1173 2786 1234 2815 duo
1260 2786 1317 2815 ctt.
1344 2784 1379 2814 Ο.
1410 2802 1443 2806 —-
1482 2784 1686 2814 diiudicasset
1726 2783 1814 2823 Lgffl
1847 2792 1880 2821 p.
1906 2791 1952 2814 m.
1981 2784 2017 2815 F:

269 2837 441 2868 iudicasset
469 2835 517 2865 eV
542 2835 600 2865 ctt.
627 2835 663 2865 O.
694 2852 728 2856 -—
756 2834 785 2864 6.
812 2833 959 2873 iudicem]
984 2834 1104 2865 iudicio
1129 2835 1166 2865 V.
1197 2854 1230 2857 —-
1255 2835 1338 2874 falso
1364 2834 1388 2865 11
1416 2835 1495 2873 [uon
1520 2834 1602 2864 item
1627 2833 1735 2873 Lgsiss,
1763 2833 1805 2864 de
1831 2841 1899 2873 quo
1923 2833 2023 2864 Zum-

270 2887 360 2927 ptius
386 2885 538 2926 erravit]
567 2903 601 2907 —
639 2893 702 2915 esse
727 2883 814 2923 Lgsi-'z
840 2893 872 2924 p.
899 2892 945 2915 m.
971 2894 1022 2922 cp:
1054 2894 1093 2916 ne
1116 2894 1180 2916 csse
1202 2885 1247 2917 V:
1284 2893 1324 2914 ne
1347 2887 1421 2914 esset
1452 2884 1508 2913 ctt.
1535 2885 1571 2913 O.
1602 2900 1635 2905 —
1672 2884 1702 2913 9.
1735 2883 1783 2914 rei
1812 2891 1844 2914 se
1867 2883 2023 2913 daturum

270 2936 309 2967 V.
339 2954 373 2958 —-
401 2937 452 2966 42¹.
481 2933 630 2974 praetor]
657 2934 800 2973 populus
830 2935 993 2964 Remmius
1022 2935 1060 2965 V.
1099 2935 1148 2965 (tf.
1175 2934 1205 2974 g.
1233 2934 1304 2964 439.
1333 2949 1367 2954 —
1398 2934 1446 2963 12.
1474 2941 1568 2962 suam
1591 2933 1820 2963 auctoritatem
1836 2932 1874 2963 V.
1904 2949 1938 2953 —
1968 2932 2018 2963 43.

270 2986 453 3017 ostendisset
480 2984 568 3023 Lgffl
592 2993 624 3024 p.
652 2993 697 3015 m.
722 2984 748 3014 V
762 2993 808 3022 cp:
840 2984 1029 3023 possedisset
1054 2985 1132 3021 ctt.;
1166 2984 1297 3015 (ledisset
1320 2984 1362 3013 O:
1395 2981 1596 3020 praebuisset
1626 2984 1730 3018 Naue.
1754 3001 1788 3005 —
1821 2981 1872 3013 44.
1902 2982 2023 3012 mansit

272 3036 319 3066 eV
343 3034 518 3075 plerique:
543 3034 606 3073 fuit
629 3035 717 3073 Lg29
742 3042 774 3074 p.
795 3042 861 3069 m.;
888 3033 921 3063 in
942 3033 995 3063 illo
1018 3034 1047 3064 h.
1068 3034 1169 3064 haesit
1193 3031 1256 3072 (vel
1278 3032 1422 3071 mansit),
1451 3032 1668 3070 quamnim--
1684 3032 1746 3071 suit
1772 3032 1860 3063 coni.
1893 3031 1951 3063 Lb.
1984 3049 2017 3053 —

272 3085 322 3115 45.
340 3084 441 3122 more]
459 3084 530 3114 iure
547 3084 583 3114 V.
610 3083 819 3123 Ambiguum
836 3083 946 3113 videri
964 3084 1087 3123 potest,
1114 3085 1228 3114 utrum
1252 3082 1440 3122 praeferas,
1468 3091 1546 3112 cum
1565 3084 1751 3121 utrumque
1777 3091 1844 3113 non
1870 3083 2021 3122 ineptam

271 3133 439 3174 praebeat
462 3133 681 3164 sententiam.
707 3132 757 3164 Ad
776 3131 945 3171 vulgatam
965 3132 1086 3163 confer
1108 3131 1139 3172 g.
1158 3132 1209 3162 93.
1232 3140 1332 3162 «novo
1349 3132 1454 3167 mocio,
1481 3132 1568 3161 millo
1585 3132 1749 3170 exemplo»
1769 3132 1799 3169 ᾖ.
1819 3130 1892 3162 414.
1920 3140 2022 3161 «ηουο

271 3191 379 3214 more»
404 3183 442 3213 V.
462 3183 491 3222 g.
511 3183 563 3214 68.
583 3191 616 3223 p.
636 3183 737 3213 (laec.
758 3182 787 3221 ἓ.
808 3182 859 3212 36.
885 3190 992 3212 «more
1008 3185 1035 3212 el
1052 3182 1232 3220 exemplo.»
1258 3182 1311 3212 Ius
1334 3182 1368 3212 et
1391 3181 1573 3219 memphrua
1597 3182 1784 3219 iunguntur
1808 3181 1861 3210 ΙΙΙ.
1888 3180 1917 3219 g.
1946 3180 2017 3211 482.

273 3233 344 3263 1¹98.
376 3232 485 3273 (4487)
514 3251 546 3254 -
574 3235 603 3263 et
627 3241 726 3271 quam
751 3233 792 3269 V,
818 3232 975 3271 hecquem
1001 3231 1099 3271 [gie.
1129 3249 1163 3253 —
1193 3231 1242 3261 47.
1268 3232 1346 3261 haee
1369 3230 1406 3268 li,
1431 3240 1478 3268 ss:
1513 3239 1581 3261 om.
1608 3232 1665 3261 ctt.
1688 3230 1724 3260 O.
1755 3248 1788 3252 —
1814 3229 1904 3270 illud]
1930 3229 2021 3260 illum

272 3283 312 3313 V.
342 3301 374 3305 —
404 3285 454 3314 40.
479 3283 576 3314 unius
598 3283 689 3313 istius
711 3283 748 3313 N.
773 3301 806 3304 -—
830 3284 1020 3320 potestatem
1046 3282 1065 3311 1³
1084 3282 1120 3312 N.
1140 3299 1173 3302 —
1200 3281 1251 3311 ⁶22.
1278 3279 1442 3319 accedere]
1469 3283 1496 3309 ct
1519 3280 1633 3310 scelere
1658 3279 1745 3318 1329
1764 3279 1802 3309 V.
1825 3297 1859 3301 —-
1879 3280 1931 3310 ⁶23.
1950 3280 2020 3310 Ηα-

272 3333 418 3371 lyciensis
442 3332 529 3372 Lg29
553 3332 592 3364 V.
614 3349 649 3354 ——
676 3341 748 3362 cum
773 3332 804 3362 in
825 3331 942 3370 primis
965 3331 1001 3361 V.
1024 3348 1057 3351 -<
1084 3331 1136 3361 25
1164 3330 1270 3370 iidem]
1297 3330 1379 3359 idem
1402 3329 1427 3358 V
1446 3329 1545 3367 Lgea.
1569 3345 1603 3350 —-
1629 3329 1681 3359 34.
1708 3329 1830 3358 Mutius
1853 3327 1953 3367 1442.
1982 3345 2017 3349 —

273 3381 325 3414 34.
347 3382 562 3413 Timarchides
585 3381 673 3422 Lgffl
698 3390 730 3422 p.
751 3390 818 3412 nr:
846 3381 929 3412 idem
948 3380 1104 3411 Thinai-ch,
1126 3381 1184 3410 ctt.
1205 3380 1240 3411 Ο.
1263 3397 1297 3401 -
1324 3378 1375 3410 35.
1394 3378 1613 3409 huiuscemodi
1630 3377 1755 3408 codd.:
1781 3377 1962 3408 huiusmodi
1979 3377 2016 3408 O.
