2143 3713
710 250 805 291 Cu.
836 250 1052 290 VI—VII.
1090 248 1162 302 §§.
1194 245 1386 288 sifi—⁵20.
1825 237 1898 280 65!

166 380 350 420 possem,
380 370 453 405 aut
482 365 627 410 etiam,
658 363 690 401 si
722 361 822 400 mihi
854 366 964 401 esset
995 361 1217 413 integrum,
1249 358 1292 397 C.
1318 358 1472 398 Rabirii
1503 370 1625 397 manu
1657 359 1702 396 L.
1725 355 1907 396 Saturni-

165 443 261 468 num
294 441 384 467 csse
415 426 618 471 occisum,
650 429 688 463 et
719 422 760 462 id
790 423 950 462 facinus
982 421 1302 476 pulcherrimum
1325 433 1416 459 esse
1437 420 1675 458 arbitrarer:
1708 417 1780 457 sed
1803 429 1908 469 quo-

165 491 274 529 niam
305 489 345 529 id
377 488 511 527 facere
542 500 622 526 non
654 498 843 538 possum,
885 483 1111 524 confitebor
1140 483 1203 530 id,
1243 481 1358 534 quod
1389 481 1440 520 ad
1480 480 1644 519 laudem
1676 479 1810 519 minus
1841 490 1909 516 va-

165 551 284 597 lebit,
326 549 377 589 ad
408 549 558 589 crimen
593 560 675 585 non
713 547 860 585 minus.
912 545 1122 585 Confiteor
1157 541 1432 584 interficiendi
1464 541 1675 581 Saturnini
1713 552 1835 579 causa
1866 539 1908 578 C.

166 612 375 652 Rabirium
405 622 515 650 arma
546 608 715 660 cepisse.
777 608 887 655 Quid
919 612 1003 654 est,
1034 606 1245 645 Labiene?
1279 617 1400 657 quam
1432 617 1454 643 a
1475 616 1540 642 me
1562 602 1791 654 graviorem
1813 607 1941 639 con-5

164 674 384 713 sessionem
415 676 487 710 aut
517 668 628 722 quod
660 669 700 707 in
732 669 841 709 hunc
863 671 992 709 maius
1015 668 1170 707 crimen
1195 667 1441 718 exspectas?
1479 664 1568 703 Nisi
1591 676 1688 703 vero
1710 663 1911 702 interesse

165 735 323 788 aliquid
363 738 481 787 putas
520 731 629 770 inter
659 744 772 777 eum,
816 732 887 784 qui
918 731 1127 770 hominem
1158 728 1331 774 occidit,
1378 734 1419 767 et
1449 740 1563 772 eum,
1604 725 1674 778 qui
1705 736 1797 763 cum
1830 722 1912 761 telo

167 794 382 836 occidendi
413 793 593 833 hominis
626 806 748 831 causa
779 792 869 832 fuit.
929 794 971 832 Si
1013 788 1185 830 interfici
1219 790 1485 829 Saturninum
1516 786 1632 827 nefas
1662 785 1760 831 suit,
1801 797 1911 823 arma

166 863 327 910 sumpta
357 868 445 896 esse
478 859 620 894 contra
653 855 917 894 Saturninum
950 854 1038 893 sine
1070 852 1225 892 scelere
1256 864 1339 890 non
1370 855 1565 905 possunt:
1608 848 1641 887 si
1680 859 1793 886 arma
1822 845 1912 884 iure

166 924 326 972 sumpta
355 916 568 962 concedis,
599 916 847 966 intersectum
878 917 962 955 iure
993 914 1177 955 concedas
1205 926 1352 953 necesse
1383 920 1452 953 esc.
1928 916 1963 944 ⁴0

531 978 579 1016 In
608 978 868 1016 vetustissimo
899 977 1118 1028 exemplari
1147 976 1247 1015 deest
1276 989 1355 1014 una
1385 975 1536 1014 charta.

275 1041 360 1081 VII.
403 1038 469 1080 20.
509 1039 573 1079 Fit
603 1046 771 1079 senatus
803 1040 1061 1086 consultum,
1092 1044 1136 1078 ut
1168 1038 1208 1078 C.
1241 1039 1394 1077 Marius
1424 1037 1469 1076 L.
1500 1035 1693 1076 Valerius
1723 1032 1916 1073 consules

165 1105 407 1146 adhiberent
445 1102 632 1142 tribunos
672 1101 727 1153 pi.
767 1107 807 1140 et
846 1106 1081 1154 praetores,
1136 1113 1239 1154 quos
1282 1100 1341 1139 eis
1382 1099 1614 1146 videretur,
1663 1108 1915 1150 operamque

165 1168 308 1207 darent
337 1170 382 1205 ut
411 1164 628 1217 imperium
659 1163 803 1216 populi
827 1164 997 1203 Romani
1029 1163 1305 1215 maiestasque
1339 1166 1663 1201 conservaretur.
1707 1157 1917 1197 Adhibent

166 1242 308 1269 omnes
349 1227 535 1267 tribunos
582 1225 637 1277 pl.
681 1230 843 1278 praeter
882 1225 1168 1270 Saturninum,
1217 1228 1430 1276 praetores
1471 1227 1635 1276 praeter
1675 1219 1965 1261 Glauciamzis

166 1292 237 1344 qui
268 1303 354 1329 rem
385 1287 593 1341 publicam
625 1287 779 1326 salvam
812 1299 902 1326 esse
934 1286 1109 1332 vellent,
1142 1298 1255 1325 arma
1286 1298 1433 1337 capere
1465 1289 1505 1324 et
1537 1297 1579 1324 se
1611 1283 1731 1337 sequi
1761 1281 1916 1321 iubent.

164 1353 313 1390 Parent
353 1362 509 1389 omnes.
575 1349 638 1388 Ex
677 1346 876 1388 aedificiis
922 1347 1335 1400 armamentariisque
1382 1346 1558 1399 publicis
1602 1359 1715 1386 arma
1758 1343 1916 1397 populo

164 1414 372 1459 Romano,
415 1411 457 1451 C.
488 1411 617 1451 Mario
651 1411 822 1450 consule
853 1410 1146 1456 distribuente,
1187 1410 1349 1449 dantur.
1407 1409 1485 1448 Hic
1515 1410 1616 1456 iam,
1654 1414 1701 1448 ut
1731 1408 1915 1447 omittam

164 1480 315 1520 cetera,
346 1473 397 1513 de
430 1478 470 1512 te
500 1473 604 1525 ipso,
636 1473 838 1520 Labiene,
871 1485 1051 1526 quaero:
1082 1486 1175 1512 cum
1206 1472 1452 1511 Saturninus
1484 1470 1731 1523 Capitolium
1758 1474 1919 1509 teneret

163 1539 371 1582 armatus,
414 1540 525 1575 esset
555 1548 638 1574 una
670 1535 711 1574 C.
744 1535 937 1581 Glaucia,
980 1534 1021 1574 C.
1055 1534 1266 1581 Saufeius,
1309 1534 1432 1573 etiam
1462 1533 1533 1572 ille
1564 1546 1616 1572 ex
1648 1531 1917 1585 compedibus
1930 1538 1966 1567 20

165 1603 293 1650 atque
323 1597 534 1649 ergastulo
567 1596 790 1643 Gracchus,
822 1596 982 1643 addam,
1016 1596 1211 1650 quoniam
1242 1596 1297 1635 ita
1327 1595 1402 1643 vis,
1434 1596 1580 1635 eodem
1607 1594 1656 1643 Q.
1678 1593 1918 1641 Labienum,

167 1666 361 1711 patruum
391 1664 526 1705 tuum3
567 1659 609 1697 in
640 1658 729 1698 foro
761 1665 895 1698 autem
936 1659 977 1698 C.
1009 1659 1164 1699 Marius
1195 1664 1235 1697 et
1273 1659 1317 1697 L.
1348 1658 1538 1698 Valerius
1567 1657 1739 1697 Flaccus
1768 1668 1919 1696 consu—

167 1721 252 1768 les,
283 1726 378 1774 post
408 1725 581 1760 cunctus
614 1726 781 1760 senatus
812 1727 937 1774 atque
968 1720 1039 1759 ille
1071 1725 1261 1767 senatus,
1302 1732 1424 1773 quem
1456 1720 1578 1759 etiam
1607 1732 1682 1758 vos
1712 1719 1811 1772 ipsi,
1847 1717 1919 1770 qui

169 1783 244 1823 hos
275 1787 412 1836 patres
444 1783 723 1834 conscriptos,
756 1782 828 1835 qui
858 1796 969 1822 nunc
1000 1788 1107 1829 sunt,
1139 1782 1182 1821 in
1212 1782 1409 1822 invidiam
1441 1782 1610 1829 vocatis,
1643 1795 1726 1835 quo
1756 1780 1918 1821 facilius

167 1844 218 1884 de
256 1845 335 1883 hoc
375 1850 520 1883 senatu
566 1843 782 1883 detrahere
825 1844 1017 1897 possitis,
1066 1844 1228 1884 laudare
1267 1845 1539 1884 consuevistis:
1588 1858 1682 1883 cum
1728 1848 1968 1897 equester25

165 1907 267 1946 ordo
305 1929 360 1934 —
400 1911 441 1945 at
484 1920 659 1958 quorum
706 1907 891 1959 equitum
943 1903 1278 1959 [Romanorum]‚
1329 1906 1369 1945 di
1423 1905 1698 1945 immortales!
1755 1911 1918 1958 patrum

169 1973 403 2008 nostrorum
437 1973 560 2020 atque
592 1968 681 2007 eius
712 1969 880 2015 aetatis,
914 1968 942 2019 -ξ-
976 1981 1080 2021 quae
1111 1973 1198 2007 tum
1229 1980 1419 2020 magnam
1449 1972 1608 2020 partem
1638 1967 1697 2006 rei
1728 1966 1918 2021 publicae

167 2037 291 2083 atque.
335 2042 499 2068 omnem
540 2029 784 2082 dignitatem
820 2031 1065 2071 iudiciorum
1107 2032 1274 2072 tenebat
1303 2045 1377 2069 —-:
1417 2045 1509 2071 cuni
1550 2044 1693 2071 omnes
1733 2029 1918 2069 omnium

165 2092 360 2131 ordinum
399 2091 614 2138 homines,
655 2093 725 2145 qui
761 2092 803 2131 in
846 2093 977 2132 salute
1017 2094 1076 2133 rei
1115 2094 1306 2146 publicae
1343 2093 1519 2133 salutem
1549 2106 1665 2132 suam
1695 2091 1919 2145 repositam

254 2315 282 2344 4.
309 2313 335 2344 si
356 2313 434 2344 mihi
458 2312 499 2353 es]
526 2313 558 2343 iu
584 2312 634 2343 his
659 2312 779 2345 litteris
804 2313 919 2345 deficit
944 2315 982 2345 V.
1013 2332 1047 2336 —
1074 2315 1188 2346 Rabiri
1212 2316 1230 2346 6
1248 2316 1351 2355 Lagg.
1380 2333 1415 2337 —
1442 2315 1472 2346 3.
1499 2316 1653 2355 confiteor
1676 2315 1707 2346 id
1730 2314 1882 2347 abcde
1899 2317 1918 2347 Ιι

167 2366 201 2395 et
225 2365 243 2395 3
268 2364 398 2394 Oxonn.
428 2379 463 2385 ——
490 2364 541 2393 ⁴0.
567 2363 713 2394 concedis
729 2380 775 2384 --
791 2373 916 2395 necesse
939 2365 997 2404 est]
1020 2365 1121 2396 codd.
1148 2374 1290 2397 mance:
1325 2365 1470 2396 concedis
1498 2366 1599 2401 intem
1636 2364 1919 2405 supplementum

166 2414 316 2454 primum
341 2413 455 2444 inveni
481 2413 512 2443 in
539 2413 733 2443 Manuliana
758 2422 789 2444 a.
817 2413 912 2445 4544.
941 2431 975 2435 —
1004 2416 1056 2446 Η.
1092 2416 1123 2446 in
1149 2419 1263 2447 celust.
1281 2432 1328 2439 --
1345 2415 1472 2454 charta]
1504 2416 1549 2446 ita
1579 2414 1782 2446 adnotatum
1812 2418 1863 2447 cst
1888 2416 1920 2446 in

167 2462 393 2499 bcdehm‚
428 2464 462 2493 et
485 2461 642 2493 similiter
674 2462 707 2493 in
730 2463 763 2494 S.
791 2480 825 2484 —
854 2462 905 2495 ¹¹4.
935 2464 1084 2496 adhibent
1107 2466 1180 2496 Sk:
1214 2464 1400 2496 adhiberent
1423 2465 1490 2502 fC;
1527 2465 1677 2496 adhibere
1699 2465 1726 2501 i;
1759 2465 1922 2496 adhiberet

167 2512 239 2544 rell.
267 2514 367 2551 Lagg.
396 2513 427 2542 ct
453 2512 582 2542 Oxonn.
612 2527 646 2533 -
676 2513 726 2543 115.
753 2513 856 2543 omnis
888 2513 989 2545 codd.
1021 2513 1190 2555 plerique.
1219 2531 1253 2536 —
1275 2517 1446 2553 praetores
1476 2515 1666 2546 Manutius:
1699 2522 1768 2545 om.
1803 2514 1919 2553 codd.,

166 2571 245 2593 cum
271 2564 349 2592 nota
369 2569 424 2600 pr.
452 2562 531 2591 ante
557 2563 692 2600 praelcr
725 2561 948 2593 interciderit.
990 2565 1077 2594 Ante
1108 2564 1298 2594 manutium
1327 2562 1509 2595 Turnebus
1541 2565 1575 2594 et
1604 2564 1679 2594 Ant.
1711 2564 1921 2603 Augustinus

166 2610 429 2651 suppleverant:
464 2619 572 2641 evenes
596 2613 784 2649 praetorem,
820 2613 854 2641 et
885 2612 935 2642 sic
959 2612 994 2642 L.
1023 2627 1059 2634 —
1088 2612 1138 2643 47.
1166 2612 1332 2653 aedificiis]
1358 2613 1413 2643 ede
1435 2613 1485 2642 sui
1509 2621 1610 2643 ancus
1633 2614 1754 2653 ng3
1787 2613 1819 2644 in
1845 2612 1918 2644 rell.

166 2660 268 2699 Lagg.
300 2659 455 2699 aedificiis
487 2661 603 2690 extare
636 2659 793 2697 xidetur,
825 2661 888 2691 nisi
920 2660 1013 2700 quod
1038 2662 1071 2693 in
1103 2662 1145 2692 ik
1162 2670 1183 2693 n
1208 2670 1309 2692 ancus
1330 2660 1386 2692 vel
1410 2662 1532 2700 anciis,
1563 2662 1595 2692 in
1621 2661 1633 2693 f
1654 2664 1744 2693 arcis
1766 2663 1920 2694 additum

167 2710 241 2744 est3
276 2709 431 2748 aedificiis
461 2709 563 2739 sacris
593 2710 613 2740 S
639 2710 671 2740 in
702 2718 829 2749 marg..†
867 2711 1021 2751 aedificiis
1052 2711 1184 2742 aedibus
1212 2711 1316 2742 sacris
1346 2711 1390 2747 1⁷13
1427 2710 1559 2742 aedibus
1587 2712 1691 2742 sacris
1719 2712 1918 2744 Schutzius:

167 2758 245 2788 aede
267 2758 394 2788 Sancus
411 2758 671 2790 Mommscnius.
693 2776 727 2781 —
747 2761 1063 2799 armamentarisqae
1086 2761 1218 2800 gikm.
1235 2777 1269 2781 —
1292 2760 1339 2791 ¹9.
1365 2763 1502 2798 teneret,
1529 2764 1679 2792 armatus
1703 2765 1780 2792 esset
1803 2771 1871 2792 una
1896 2763 1918 2792 L

171 2816 251 2838 cum
278 2807 359 2838 edd.
386 2810 468 2839 vett.
497 2826 531 2830 -
559 2810 612 2841 ΞΗ.
639 2813 736 2848 atque
760 2818 801 2840 ea·
827 2810 990 2849 ergastulo
1013 2811 1048 2841 L.
1078 2829 1111 2833 —
1139 2811 1191 2841 ³25.
1217 2810 1355 2841 laudare
1383 2810 1590 2841 consuevistis
1619 2810 1717 2842 abest
1742 2820 1761 2840 a
1793 2809 1921 2841 codici-

167 2857 245 2889 bus.
268 2875 300 2879 -
322 2857 374 2888 ⁶26.
400 2858 621 2889 Romanorum
646 2860 823 2890 Ernestius
848 2858 975 2890 delevit
1000 2868 1080 2891 curn
1106 2859 1161 2891 ed.
1181 2861 1312 2892 Veneta
1330 2860 1424 2892 4480.
1447 2876 1480 2882 —
1502 2861 1555 2891 27.
1574 2864 1721 2892 nostrum
1738 2861 1757 2892 4
1775 2862 1920 2894 Oxonn.‚

170 2907 237 2938 mci
262 2909 404 2947 praeter
429 2907 449 2938 f.
473 2925 507 2930 —
527 2911 625 2948 alque
648 2910 688 2946 S,
715 2909 777 2940 scd
802 2918 877 2949 sup.
904 2908 962 2940 lin.
990 2913 1058 2940 aut.
1079 2927 1114 2930 —
1136 2919 1219 2949 qaae
1236 2934 1243 2940 .
1262 2935 1268 2941 .
1287 2936 1292 2941 .
1312 2910 1450 2949 tenebat]
1476 2909 1692 2941 «Admodum
1717 2911 1921 2941 inconcinna

171 2956 259 2987 haec
284 2964 361 2987 esse
380 2958 487 2987 sensit
505 2957 692 2990 Lambinus
709 2967 910 2999 proponens
934 2960 989 2998 (μιὶ
1005 2976 1022 2981 -
1035 2976 1052 2981 -
1069 2959 1228 2991 Ιειιεὸαηε.
1255 2960 1321 2991 Sed
1339 2960 1443 2991 etiam
1461 2969 1553 2991 nunc
1569 2959 1757 2999 legendum
1773 2968 1919 2991 censeo:

169 3007 224 3045 qui
249 3005 346 3045 (ordo
372 3009 546 3048 equester)
573 3009 708 3041 tenebat.
748 3011 833 3041 Nam
859 3013 967 3047 aclas,
1001 3018 1246 3049 quaecumque
1272 3009 1412 3040 tandem
1439 3012 1507 3043 est,
1540 3018 1698 3049 magnam
1724 3013 1852 3048 partem
1876 3010 1923 3040 rei

164 3066 199 3096 p.
225 3060 330 3088 tencre
354 3065 421 3087 non
445 3059 575 3097 potest:
612 3063 749 3098 patrum
773 3063 958 3090 noslrorwn
982 3061 1098 3090 autem
1123 3063 1151 3090 et
1175 3060 1242 3090 eius
1269 3060 1386 3090 aetatis
1409 3060 1577 3098 significat
1601 3068 1661 3090 eos
1685 3067 1827 3096 omnes,
1864 3059 1922 3099 qui

170 3105 270 3146 paulo
294 3107 444 3138 maiores
468 3105 521 3137 vel
548 3108 700 3140 minores
725 3112 806 3140 natu
831 3109 987 3149 patribus
1015 3108 1141 3139 nostris
1174 3108 1311 3140 suerunt
1343 3107 1516 3148 simulque
1547 3117 1628 3140 cum
1652 3108 1704 3139 his
1727 3110 1920 3140 xixerunt.»

170 3157 226 3187 On.
252 3157 283 3187 ⁶2.
324 3157 395 3188 Nec
419 3157 471 3187 his
497 3157 684 3196 quicquam
711 3157 906 3195 lucramur3
934 3158 1152 3190 desideratur
1177 3159 1287 3195 enim,
1321 3159 1348 3189 si
1373 3158 1456 3198 quid
1479 3159 1599 3195 rideo,
1631 3158 1796 3196 verbum,
1828 3159 1921 3190 unde

170 3206 316 3245 genetivi
335 3209 471 3245 patrum
489 3223 536 3228 --
552 3207 668 3237 aetatis
691 3209 853 3248 suspensi
877 3208 963 3242 sint;
991 3209 1063 3248 ipse
1088 3208 1235 3238 tentavi:
1268 3212 1402 3247 patrum
1426 3218 1457 3239 n.
1483 3212 1580 3247 atque
1602 3209 1670 3239 eius
1692 3209 1823 3246 aetatis,
1856 3218 1922 3248 qua

170 3258 239 3285 tam
259 3264 417 3296 maynam
441 3258 572 3294 partem
595 3256 642 3286 rei
662 3265 696 3295 p.
714 3273 763 3279 --
779 3256 920 3295 tenebat,
951 3257 1244 3288 illustrissimorum
1274 3257 1337 3298 (vel
1368 3259 1620 3296 illustrissima&
1652 3257 1680 3289 si
1707 3256 1806 3289 malis
1838 3266 1918 3291 cum

169 3307 312 3342 equester
334 3306 413 3336 ordo
437 3305 678 3345 coniungere),
710 3307 730 3337 i.
758 3316 788 3338 e.
815 3308 973 3347 equitum
1004 3306 1313 3338 illustrissimorum
1345 3307 1467 3339 aetatis
1497 3309 1634 3348 patrum
1658 3308 1857 3339 nostrorum
1882 3309 1915 3339 et

169 3353 261 3390 eius,
286 3362 354 3394 qua
377 3356 542 3395 equester
564 3354 649 3386 ordo
668 3379 674 3387 .
691 3378 699 3387 .
717 3380 723 3387 .
744 3356 894 3388 tenebat.
922 3373 956 3377 —
984 3356 1036 3387 29.
1062 3357 1118 3396 qui
1141 3364 1211 3388 om.
1237 3357 1269 3388 S.
