2127 3708
701 235 796 277 οη.
826 235 1026 276 v-vn.
1062 232 1135 288 §§.
1166 231 1211 274 M
1229 231 1359 274 -48,
1828 223 1909 270 423

166 349 311 389 statuis
341 350 676 402 ornamentisque
705 347 882 400 publicis
913 346 1031 394 fecit,
1063 346 1135 385 sed
1166 346 1289 386 etiam
1311 345 1483 384 delubra
1513 347 1668 392 omnia,
1699 344 1910 385 sanctissi-

165 412 241 450 mis
271 411 538 464 religionibus
569 414 829 455 consecrata,
861 409 1137 462 depopulatus
1169 413 1252 448 est:
1285 408 1406 447 deum
1441 407 1621 459 denique
1651 407 1809 446 nullum
1846 406 1911 445 Si-

166 472 292 520 culis,
324 473 396 526 qui
427 473 463 512 ei
495 471 619 525 paulo
651 471 780 523 magis
810 470 963 509 affabre
994 476 1118 523 atque
1146 471 1318 522 antiquo
1339 467 1511 507 artilicio
1532 467 1664 507 factus
1686 467 1907 513 videretur,

165 534 345 587 reliquit.
403 534 449 573 In
479 534 631 586 stupris
661 545 758 572 vero
790 538 831 572 et
861 533 1022 585 flagitiis
1053 532 1230 571 nefarias
1262 531 1350 570 eius
1371 530 1564 569 libidines
1586 541 1908 568 commemorare

165 596 324 648 pudore
355 597 583 642 deterreor;
615 594 736 634 simul
756 594 922 634 illorum
945 594 1220 634 calamitatem
1242 590 1605 632 commemorando
1626 603 1776 643 augere
1797 590 1908 637 nolo,
1941 595 1959 623 5

165 658 317 710 quibus
348 658 498 698 liberos
529 656 811 708 coniugesque
842 669 937 695 suas
968 657 1147 708 integras
1179 655 1229 694 ab
1260 655 1378 694 istius
1408 653 1638 706 petulantia
1665 665 1910 691 conservare

164 731 248 758 non
287 719 445 758 licitum
486 723 560 758 est.
620 715 684 757 45.
718 718 771 757 At
810 719 919 758 enim
948 718 1051 757 haec
1082 719 1137 757 ita
1168 718 1387 757 commissa
1419 721 1515 755 sunt
1541 716 1591 755 ab
1619 717 1717 762 isto,
1747 719 1793 754 ut
1826 727 1910 753 non

164 782 328 833 cognita
365 781 447 820 sint
486 780 537 820 ab
577 780 785 820 omnibus.
855 780 1075 820 Hominem
1114 792 1205 819 esse
1247 779 1422 819 arbitror
1458 779 1688 825 neminem,
1728 777 1799 830 qui
1837 789 1912 814 no-

163 855 257 882 men
286 843 404 882 istius
435 842 630 889 audierit,
663 843 764 895 quin
794 841 901 881 facta
922 855 1092 896 quoque
1124 843 1212 881 eius
1238 841 1395 881 nefaria
1416 852 1737 880 commemorare
1759 838 1910 891 possit,

162 910 209 944 ut
236 905 335 944 mihi
366 905 495 957 magis
525 904 755 944 timendum
787 905 856 951 sit,
888 918 940 944 ne
973 904 1101 944 multa
1131 905 1303 943 crimina
1332 904 1682 956 praetermittere,
1714 913 1838 954 quam
1859 904 1961 938 nelo

163 979 245 1019 qua
274 967 316 1005 in
346 967 470 1006 istum
501 964 655 1019 fingere
683 967 906 1006 existimer.
950 968 1095 1019 Neque
1118 966 1227 1006 enim
1249 965 1348 1005 mihi
1369 964 1534 1005 videtur
1552 964 1655 1004 haec
1676 961 1912 1007 multitudo,

163 1041 270 1082 quae
310 1027 361 1068 ad
400 1028 653 1068 audiendum
684 1029 898 1075 convenit,
938 1041 1188 1081 cognoscere
1220 1041 1272 1067 ex
1301 1040 1365 1067 me
1397 1040 1564 1067 causam
1593 1026 1799 1072 voluisse,
1839 1021 1912 1062 sed

163 1103 212 1130 ea
241 1102 349 1144 quae
381 1091 458 1131 scit
487 1103 649 1130 mecum
679 1103 990 1142 recognoscere.

272 1152 340 1192 VI.
372 1152 490 1200 Quae
530 1165 624 1191 cum
662 1153 718 1192 ita
757 1153 876 1199 sint,-
900 1153 978 1192 iste
1017 1152 1142 1192 homo
1173 1165 1315 1193 amens
1345 1166 1391 1192 ac
1423 1151 1610 1205 perditus
1640 1152 1721 1192 alia
1750 1164 1911 1191 mecum

160 1215 320 1255 ratione
351 1219 521 1267 pugnat.
580 1215 672 1252 Non
715 1213 757 1254 id
798 1214 902 1266 agit,
941 1219 987 1254 ut
1026 1214 1202 1254 alicuius
1243 1215 1526 1268 eloquentiam
1565 1213 1665 1253 mihi
1705 1216 1961 1266 opponat345

161 1291 245 1318 non
283 1278 434 1330 gratia,
475 1289 559 1316 non
595 1277 841 1315 auctoritate
877 1276 1147 1330 cuiusquam,
1188 1290 1273 1316 non
1303 1278 1491 1329 potentia
1519 1276 1677 1316 nititur.
1738 1275 1913 1316 Simulat

159 1340 224 1380 his
255 1353 299 1380 se
329 1340 453 1379 rebus
484 1337 714 1378 confidere:
758 1338 843 1390 (sed
874 1338 1016 1385 video,
1058 1339 1157 1392 quid
1189 1344 1305 1392 agat3
1350 1352 1488 1392 neque
1519 1340 1629 1378 enim
1659 1339 1745 1391 agit
1774 1337 1913 1377 occul-

160 1399 352 1453 tissimez)
383 1402 581 1455 proponit
610 1402 751 1441 inania
776 1401 877 1441 mihi
898 1401 1149 1448 nobilitatis,
1178 1401 1257 1441 hoc
1280 1406 1362 1449 est,
1392 1401 1606 1441 hominum
1630 1401 1911 1454 arrogantium

158 1466 345 1512 nomina,
377 1463 449 1517 qui
479 1476 564 1502 non
594 1469 678 1502 tam
708 1476 773 1502 me
804 1462 1058 1516 impediunt,
1090 1463 1203 1517 quod
1223 1464 1385 1503 nobiles
1407 1468 1523 1511 sunt,
1555 1476 1680 1517 quam
1702 1463 1912 1508 adiuvant,

161 1527 274 1581 quod
303 1528 392 1566 noti
423 1530 530 1565 sunt.
578 1525 755 1565 Simulat
784 1539 827 1565 se
849 1539 992 1566 eorum
1012 1525 1222 1579 praesidio
1246 1524 1475 1573 confidere,
1506 1539 1600 1565 cum
1620 1527 1779 1565 interea
1799 1523 1912 1564 aliud
1926 1529 1961 1560 ΞΟ

160 1589 359 1643 quiddam
389 1588 473 1628 iam
504 1588 574 1627 diu
605 1587 877 1627 machinetur.
937 1584 1002 1627 46.
1035 1588 1170 1636 Quam
1200 1601 1317 1640 spem
1347 1601 1457 1628 nunc
1487 1588 1640 1628 habeat
1659 1588 1702 1627 in
1723 1586 1912 1626 manibus

161 1655 202 1690 et
231 1650 331 1704 quid
361 1650 577 1697 moliatur,
608 1650 789 1690 breviter
818 1650 923 1697 iam,
955 1649 1134 1697 iudices,
1164 1650 1283 1690 vobis
1314 1663 1535 1703 exponam.
1578 1649 1659 1689 Sed
1689 1649 1828 1702 prius,
1866 1652 1915 1687 ut

161 1713 210 1753 ab
249 1713 366 1752 initio
407 1725 471 1752 res
501 1713 551 1752 ab
583 1725 630 1752 eo
672 1713 897 1752 constituta
940 1714 1012 1760 sit,
1055 1726 1234 1766 quaeso,
1276 1713 1527 1765 cognoscite.
1586 1712 1638 1752 Ut
1672 1712 1851 1764 primum
1889 1723 1912 1749 e

161 1774 375 1827 provincia
412 1774 554 1821 rediit,
591 1774 825 1827 redemptio
866 1780 929 1814 est
965 1775 1090 1815 huius
1120 1775 1263 1815 iudicii
1293 1775 1401 1814 facta
1430 1774 1576 1828 grandi
1606 1775 1795 1827 pecunia.
1852 1773 1913 1812 Ea

161 1837 312 1876 mansit
339 1837 382 1876 in
412 1836 659 1876 condicione
690 1842 817 1890 atque
849 1842 970 1890 pacto
1000 1851 1135 1891 usque
1165 1837 1218 1877 ad
1249 1851 1344 1877 eum
1374 1836 1518 1885 finem,
1550 1837 1648 1877 dum
1670 1836 1827 1875 iudices
1848 1842 1959 1874 re-25

160 1898 257 1937 iecti
287 1904 395 1937 sunt.
444 1899 721 1952 Posteaquam
751 1900 919 1939 reiectio
950 1899 1136 1939 iudicum
1165 1899 1273 1939 facta
1304 1905 1385 1947 est,
1417 1899 1531 1952 quod
1563 1904 1603 1939 et
1631 1900 1674 1938 in
1694 1898 1911 1938 sortitione

160 1960 278 1999 istius
319 1973 434 2012 spem
474 1960 641 1999 fortuna
670 1961 816 2013 populi
846 1962 1021 2001 Romani
1053 1967 1093 2001 et
1122 1963 1164 2001 in
1194 1961 1430 2001 reiiciendis
1460 1961 1668 2001 iudicibus
1698 1972 1791 1999 mea
1820 1958 1913 1997 dili-

161 2023 298 2074 gentia
317 2022 491 2062 istorum
513 2022 813 2075 impudentiam
833 2025 1001 2071 vicerat,
1023 2025 1258 2063 renuntiata
1280 2029 1342 2063 est
1363 2029 1449 2063 tota
1470 2023 1673 2063 condicio.
1704 2019 1770 2060 117.
1791 2022 1913 2060 Prae-

160 2084 269 2123 clare
311 2097 355 2123 se
395 2098 460 2124 res
501 2084 692 2124 habebat.
751 2085 899 2125 Libelli
930 2087 1146 2125 nominum
1176 2091 1410 2125 vestrorum
1440 2085 1687 2138 consiliique
1716 2084 1841 2123 huius
1870 2082 1913 2121 in

159 2147 350 2186 manibus
382 2151 498 2186 erant
528 2148 741 2186 omnium:
772 2147 888 2187 nulla
914 2153 1032 2194 nota,
1063 2148 1204 2187 nullus
1226 2148 1362 2195 color,
1392 2147 1532 2187 nullae
1554 2146 1697 2186 sordes
1717 2144 1960 2185 videbam-30

160 2215 226 2248 tur
264 2209 329 2248 his
371 2209 585 2248 sententiis
622 2209 737 2249 allini
777 2222 922 2262 posse,
965 2222 1059 2248 cum
1098 2210 1175 2249 iste
1205 2215 1378 2262 repente
1410 2223 1462 2249 ex
1491 2209 1617 2248 alacri
1647 2214 1773 2261 atque
1803 2207 1912 2246 laeto
2020 2206 2024 2209 ’

160 2272 217 2311 sic
256 2276 343 2310 erat
380 2270 548 2310 humilis
586 2276 712 2324 atque
753 2271 980 2318 demissus,
1024 2276 1070 2310 ut
1107 2284 1193 2310 non
1231 2271 1355 2311 modo
1396 2271 1555 2324 populo
1592 2272 1802 2315 Romano,
1840 2267 1912 2307 sed

160 2334 284 2372 etiam
315 2333 392 2372 sibi
422 2333 512 2384 ipse
543 2332 841 2372 condemnatus
872 2333 1096 2372 videretur.
1154 2334 1263 2373 Ecce
1295 2339 1433 2373 autem
1469 2338 1640 2387 repente
1669 2331 1735 2372 his
1766 2331 1912 2370 diebus

157 2395 302 2447 paucis
346 2394 522 2434 comitiis
569 2394 858 2434 consularibus
899 2395 1018 2434 factis
1059 2394 1205 2435 eadem
1243 2396 1315 2435 illa
1353 2402 1496 2436 vetera
1531 2395 1705 2435 consilia
1733 2392 1913 2446 pecunia

159 2457 315 2496 maiore
345 2460 590 2508 repetuntur
620 2456 876 2510 eaedemque
896 2463 1058 2496 vestrae
1087 2457 1222 2497 famae
1243 2457 1507 2512 fortunisque
1530 2458 1716 2498 omnium
1734 2454 1911 2495 insidiae
1925 2466 1961 2496 35

158 2531 233 2571 per
271 2517 440 2557 eosdem
478 2517 669 2558 homines
700 2524 1006 2571 comparantur.
1058 2519 1175 2566 Quae
1205 2533 1271 2559 res
1301 2520 1458 2573 primo,
1497 2520 1680 2567 iudices,
1719 2517 1911 2571 pertenui

157 2580 277 2620 nobis
307 2583 551 2632 argumento
582 2578 821 2633 indicioque
846 2579 1053 2632 patefacta
1074 2586 1157 2620 est:
1188 2588 1284 2634 post
1303 2588 1448 2635 aperto
1470 2581 1719 2635 suspicionis
1740 2580 1912 2621 introitu

158 2641 209 2682 ad
231 2643 370 2681 omnia
389 2641 535 2681 intima
555 2642 728 2681 istorum
746 2642 920 2681 consilia
936 2643 1025 2682 sine
1041 2643 1128 2682 ullo
1148 2657 1288 2684 errore
1309 2645 1588 2697 pervenimus.
1619 2645 1706 2683 VII.
1724 2640 1790 2683 48.
1806 2645 1910 2683 Nam

241 2801 272 2831 2.
298 2800 513 2840 depopulatus
535 2803 579 2831 est
602 2800 648 2832 G3
662 2798 753 2839 ςλΒ
769 2801 793 2832 C
811 2810 816 2830 :
844 2801 1052 2840 depeculatus
1066 2805 1110 2834 est
1127 2802 1188 2834 dtt.
1204 2803 1240 2833 O.
1268 2802 1310 2834 cf.
1330 2803 1374 2834 ad
1392 2803 1422 2844 g.
1445 2804 1496 2835 44.
1519 2821 1552 2827 --
1582 2804 1612 2836 3.
1639 2803 1678 2843 ei]
1704 2804 1747 2835 eis
1763 2803 1804 2835 Gi
1824 2804 1853 2835 2.
1872 2821 1907 2826 -

155 2850 186 2881 6.
213 2850 254 2881 ab
283 2850 576 2881 iscius--licitum
603 2854 647 2881 est
682 2849 801 2882 Claud.
835 2849 976 2881 Sacerd.
1010 2850 1042 2882 in
1074 2850 1170 2883 Anal.
1204 2860 1351 2892 gramm.
1387 2861 1420 2893 p.
1449 2854 1502 2884 74.
1527 2870 1563 2875 -
1590 2853 1776 2892 peculantia
1805 2853 1908 2884 Prob.

154 2909 188 2941 p.
216 2899 289 2932 444.
314 2899 412 2931 Lind.
441 2916 475 2922 —
504 2899 554 2932 44.
581 2900 651 2931 alia
674 2901 802 2931 ratione
825 2909 950 2931 mecum
974 2900 1040 2938 (32,
1066 2909 1191 2932 mecum
1215 2901 1285 2932 alia
1307 2902 1435 2933 ratione
1458 2903 1491 2933 S.
1512 2920 1547 2925 -
1575 2903 1627 2934 47.
1653 2904 1701 2934 his
1725 2905 1765 2934 Gt
1796 2902 1857 2934 al.:
1884 2904 1912 2934 is

156 2950 214 2981 G02.
240 2948 328 2981 Alibi
351 2949 385 2980 in
409 2949 488 2980 (31¹2
518 2958 581 2990 pro
611 2950 650 2981 iis
681 2952 715 2981 et
737 2950 786 2980 his
809 2958 952 2990 semper
975 2948 1098 2989 legitur
1119 2951 1192 2983 hiis.
1213 2969 1247 2973 -
1273 2959 1305 2982 se
1327 2960 1396 2983 om.
1418 2953 1477 2983 Gl.
1500 2970 1535 2975 —-
1561 2953 1614 2984 ⁵24.
1642 2953 1807 2994 quiddam]
1833 2954 1910 2992 quid

154 3001 193 3031 Α.
216 3016 250 3021 -
277 2999 333 3030 diu
353 2999 564 3030 machinatur
588 2998 706 3030 Claud.
726 3001 800 3031 Sac.
821 3008 853 3040 p.
874 2999 926 3030 73.
957 3017 990 3020 —
1017 3000 1069 3031 22.
1093 3000 1183 3031 vobis
1205 3009 1274 3032 om.
1301 3000 1362 3032 dtt.
1379 3001 1416 3032 O.
1438 3019 1471 3023 —
1500 3002 1552 3033 ⁶23.
1579 3002 1620 3033 ab
1642 3003 1734 3034 initio
1758 3011 1827 3034 om.
1848 3004 1907 3035 Ga.

157 3066 192 3070 —
211 3048 252 3080 ab
275 3057 311 3080 co
335 3057 404 3080 om.
424 3049 465 3080 Gt
488 3050 622 3090 Zumpt.
659 3051 764 3081 Recte
788 3048 879 3088 vulg.
899 3047 1056 3080 defendit
1077 3050 1200 3082 Kahnt.
1227 3049 1248 3081 l.
1268 3049 1288 3081 l.
1314 3060 1348 3091 p.
1368 3052 1399 3082 5.
1417 3068 1454 3073 —
1480 3060 1523 3083 ea:
1542 3061 1637 3091 prov.
1654 3053 1694 3083 Gt
1718 3053 1845 3084 Osann.
1864 3053 1909 3084 ad

155 3100 239 3139 Rep.
264 3107 298 3139 p.
317 3098 391 3130 439.
412 3116 447 3120 —
473 3097 524 3129 ⁶24.
538 3102 642 3137 pacla
664 3098 934 3135 coni.rFritzsch.
953 3096 975 3128 l.
990 3096 1011 3128 l.
1034 3116 1066 3121 —
1093 3099 1145 3130 Ea
1167 3101 1250 3131 AS:
1278 3109 1347 3132 om.
1367 3100 1469 3133 codd.
1488 3119 1523 3122 —
1548 3102 1600 3133 ⁶25.
1620 3102 1801 3133 condicione
1822 3103 1905 3134 AS:

155 3148 275 3179 ditione
303 3156 330 3179 s.
364 3148 501 3179 dictione
525 3148 626 3179 codd.
655 3166 690 3170 —
716 3149 769 3179 Ξῖ.
794 3148 872 3188 fort.
897 3146 1095 3186 reipublicae
1118 3148 1195 3180 cod.
1222 3150 1300 3180 Hot.
1326 3151 1452 3181 Osann.
1480 3150 1523 3182 ad
1547 3152 1631 3191 Rep.
1657 3159 1690 3191 p.
1717 3150 1806 3190 366.‚
1829 3160 1906 3191 pop.

155 3197 246 3228 Rom.
271 3197 347 3237 fort.
367 3198 388 3228 S
408 3197 452 3238 (p.
473 3197 573 3237 398),
599 3198 657 3238 qui
680 3199 863 3238 praeterea
887 3196 983 3228 addit
1001 3198 1226 3239 per-fregerat,
1252 3198 1347 3239 quod
1369 3199 1531 3240 probavit
1555 3201 1715 3232 Garaton.
1740 3202 1783 3232 At
1806 3209 1907 3241 «spes

155 3246 367 3287 infringitur»
404 3247 512 3286 (orat.
547 3247 578 3287 ἓ.
605 3247 669 3286 6.),
706 3256 776 3278 non
804 3246 1036 3286 perfringitur.
1067 3265 1102 3270 —
1136 3248 1189 3279 ⁶28.
1224 3248 1369 3279 condicio
1398 3250 1534 3281 Asconii
1566 3249 1645 3281 edd.
1672 3250 1755 3280 vett.
1782 3251 1817 3281 et
1838 3251 1905 3282 MS.

157 3294 250 3326 Leid.
285 3295 338 3335 (cf.
365 3296 448 3328 Rau.
474 3298 499 3328 I.
524 3305 559 3338 p.
585 3297 685 3337 470.),
710 3297 893 3337 Agroetius
916 3304 950 3337 p.
975 3296 1072 3329 ς2274.
1098 3298 1149 3328 Ρ.;
1179 3297 1262 3331 dicio
1279 3298 1344 3335 Gl;
1380 3299 1542 3331 conclusio
1570 3299 1616 3330 Gt).
1633 3299 1704 3340 Ld3
1739 3300 1908 3331 conductio

156 3342 258 3384 vulgo
281 3344 318 3377 O.
