2143 3713
624 216 719 257 eff.
750 215 1032 256 xlx-XXI.
1071 213 1144 268 §5-
1175 210 1369 253 38—43.
1777 206 1857 247 733

123 332 175 370 sit
206 344 278 384 par
314 329 490 370 forensis
529 340 653 381 opera
692 327 879 375 militari,
918 326 1105 367 militaris
1143 325 1379 377 suffragatio
1420 323 1620 369 urbanae,
1661 322 1713 361 sit
1749 321 1858 362 idem

123 390 548 445 magnificentissimos
579 395 618 428 et
647 389 779 428 nullos
811 403 1004 442 umquam
1035 388 1183 427 secisse
1214 386 1353 426 ludos:
1385 385 1515 439 quid‘l
1554 384 1595 423 in
1626 384 1714 438 ipsa
1743 398 1860 438 prae-

123 460 211 493 tura
241 452 398 492 nihilne
428 452 635 492 existimas
665 451 771 490 inter
801 457 908 490 tuam
942 457 982 490 et
1010 450 1132 490 huius
1163 454 1314 488 sortem
1344 447 1604 486 interfuisse?
1653 447 1745 486 XX.
1775 447 1860 485 Hu-

122 515 186 554 ius
228 528 316 554 sors
359 527 406 553 ea
443 512 539 559 fuit,
594 526 715 564 quam
766 526 909 552 omnes
949 512 1007 551 tui
1049 510 1271 551 necessarii
1316 509 1389 548 tibi
1444 509 1710 561 optabamus,
1764 510 1860 548 iuris

123 575 314 615 dicundi:
352 576 393 614 in
425 586 507 628 qua
536 573 704 625 gloriam
736 574 925 613 conciliat
958 573 1197 625 magnitudo
1228 571 1401 623 negotii,
1441 571 1609 621 gratiam
1640 570 1894 623 aequitatis5

123 638 303 690 largitio:
336 649 417 690 qua
447 636 489 674 in
519 640 627 674 sorte
658 637 822 688 sapiens
856 641 1039 688 praetor,
1072 634 1205 688 qualis
1234 633 1300 672 hic
1331 632 1426 678 fuit,
1459 632 1731 671 offensionem
1764 632 1860 671 vitat

122 699 415 752 aequabilitate
436 696 700 743 decernendi,
722 697 1051 737 hencxolcntiam
1071 695 1260 747 adiungit
1275 695 1442 733 lenitate
1459 692 1676 732 audiendi:
1701 694 1864 746 egregia

124 767 162 800 et
201 761 252 800 ad
291 758 548 799 consulatum
590 765 683 811 apta
721 760 954 811 provincia,
995 760 1035 798 in
1075 770 1156 811 qua
1196 757 1286 796 laus
1326 755 1567 809 aequitatis,
1609 756 1865 807 integritatiS‚

123 821 328 861 facilitatis
368 820 417 859 ad
458 824 684 859 extremum
722 821 910 860 ludorum
952 820 1161 873 voluptate
1203 817 1474 858 concluditur.
1542 814 1607 855 4⁵2.
1647 816 1756 865 Quid
1797 822 1866 856 tua

126 887 242 924 sors‘l
282 883 428 929 tristis,
469 887 610 921 atrox:
650 883 837 935 quaestio
868 882 1103 936 peculatus,
1143 894 1195 920 ex
1225 880 1354 919 altera
1383 885 1497 932 parte
1536 879 1796 919 lacrimarum
1827 884 1917 919 etio

126 946 352 999 squaloris,
393 957 444 983 ex
474 943 601 983 altera
630 944 752 997 plena
793 949 1027 984 catenarum
1060 947 1186 995 atque
1219 941 1414 981 indicum.
1484 940 1668 994 Cogendi
1709 940 1867 980 iudices

125 1008 262 1055 inviti,
292 1006 494 1047 retinendi
528 1011 670 1046 contra
700 1007 976 1046 voluntatem:
1009 1004 1140 1044 scriba
1162 1004 1400 1051 damnatus,
1432 1003 1532 1044 ordo
1555 1007 1664 1043 totus
1685 1001 1866 1042 alienus:

126 1069 294 1110 Sullana
324 1066 565 1122 gratificatio
595 1068 867 1121 reprehensa,
910 1066 1027 1106 multi
1059 1066 1134 1106 viri
1173 1066 1301 1106 fortes
1333 1072 1373 1106 et
1402 1079 1533 1119 prope
1564 1078 1658 1118 pars
1689 1064 1868 1104 civitatis

125 1131 281 1171 offensa
320 1136 404 1171 est:
443 1130 536 1170 lites
567 1144 709 1171 severe
740 1130 1002 1170 aestimatae:
1050 1128 1115 1168 cui
1157 1128 1294 1181 placet
1335 1128 1613 1174 obliviscitur,
1652 1127 1716 1167 cui
1757 1126 1871 1166 dolet

125 1193 322 1232 meminit.
379 1193 591 1232 Postremo
631 1197 673 1232 tu
712 1192 755 1231 in
795 1191 1048 1244 provinciam
1079 1191 1139 1229 ire
1169 1189 1349 1229 noluisti.
1406 1191 1497 1230 Non
1536 1203 1706 1243 possum
1745 1189 1789 1228 id
1826 1189 1918 1230 ints

126 1260 166 1295 te
195 1253 520 1307 reprehendere,
552 1253 664 1307 quod
694 1254 735 1293 in
767 1266 831 1293 me
860 1254 951 1305 ipso
983 1257 1023 1291 et
1051 1256 1239 1305 praetore
1271 1256 1311 1291 et
1341 1252 1514 1291 consule
1542 1250 1729 1305 probavi.
1789 1251 1869 1291 Sed

127 1321 262 1356 tamen
292 1317 336 1355 L.
366 1317 562 1356 Murenae
593 1315 804 1368 provincia
834 1314 983 1354 multas
1013 1313 1144 1353 bonas
1174 1314 1324 1366 gratias
1355 1328 1446 1353 cum
1478 1314 1634 1366 optima
1663 1313 1871 1354 existima-

127 1379 237 1418 tione
267 1378 414 1418 attulit.
471 1378 624 1417 Habuit
652 1378 916 1430 proficiscens
948 1375 1144 1415 dilectum
1176 1376 1218 1414 in
1250 1375 1435 1415 Umbria:
1481 1375 1596 1415 dedit
1636 1375 1673 1414 ei
1701 1374 1871 1416 faculta-

127 1445 208 1479 tem
237 1452 302 1479 res
331 1439 497 1492 publica
526 1439 808 1486 liberalitatis,
848 1451 931 1492 qua
961 1451 1061 1478 usus
1092 1438 1241 1478 multas
1282 1437 1358 1477 sibi
1395 1438 1547 1485 tribus,
1589 1451 1696 1492 quae
1737 1441 1872 1479 muni-

127 1501 245 1554 cipiis
275 1501 466 1541 Umbriae
497 1498 789 1549 conficiuntur,
830 1500 1031 1540 adiunxit.
1092 1501 1186 1553 Ipsa
1214 1504 1353 1539 autem
1394 1500 1437 1539 in
1468 1499 1624 1547 Gallia,
1661 1505 1706 1540 ut
1741 1502 1870 1541 nostri
1885 1511 1920 1541 20

125 1563 314 1603 homines
344 1562 580 1616 desperatas
611 1564 691 1603 iam
720 1564 915 1616 pecunias
946 1563 1180 1616 exigerent,
1212 1563 1421 1615 aequitate
1452 1562 1749 1614 diligentiaque
1779 1576 1873 1616 per-

125 1624 234 1664 fecit.
294 1626 356 1664 Tu
399 1626 556 1665 interea
600 1626 752 1665 Romae
796 1625 953 1665 scilicet
992 1625 1134 1665 amicis
1181 1629 1344 1676 praesto
1386 1624 1512 1664 fuisti.
1585 1625 1753 1673 Fateor;
1800 1626 1871 1666 sed

127 1692 262 1726 tamen
298 1686 402 1726 illud
443 1687 599 1740 cogita,
637 1687 933 1727 nonnullorum
963 1687 1189 1727 amicorum
1220 1686 1354 1726 studia
1385 1686 1514 1726 minui
1546 1687 1681 1727 solere
1712 1687 1755 1726 in
1787 1701 1870 1735 eos,

128 1760 150 1786 a
181 1748 328 1802 quibus
359 1749 594 1801 provincias
625 1749 834 1789 contemni
864 1749 1112 1802 intelligunt.

239 1811 353 1850 XXI.
391 1807 456 1849 43.
496 1811 547 1850 Et
577 1811 772 1864 quoniam
814 1812 997 1858 ostendi,
1033 1810 1211 1857 iudices,
1248 1824 1388 1863 parem
1419 1811 1662 1864 dignitatem
1693 1812 1744 1852 ad
1775 1824 1921 1853 con-95

129 1873 283 1912 sulatus
330 1873 596 1926 petitionem,
648 1873 854 1926 disparem
903 1873 1111 1913 fortunam
1158 1872 1475 1925 provincialium
1522 1875 1785 1927 negotiorum
1831 1876 1873 1915 in

129 1935 301 1975 Murena
331 1940 456 1988 atque
487 1935 529 1974 in
561 1935 745 1987 Sulpicio
776 1935 927 1983 fuisse,
959 1935 1092 1974 dicam
1123 1934 1204 1974 iam
1234 1934 1438 1988 apertius,
1468 1935 1512 1974 in
1542 1949 1625 1988 quo
1655 1950 1772 1977 meus
1802 1951 1874 1977 ne-

130 1997 331 2037 cessarius
360 1995 484 2036 fuerit
515 1996 685 2037 inferior
716 1997 904 2044 Servius,
935 2001 975 2037 et
1005 2009 1054 2036 ea
1083 1995 1217 2036 dicam
1246 1996 1363 2036 vobis
1394 1996 1678 2046 audientibus,
1722 2000 1874 2041 amisso

129 2058 209 2098 iam
240 2063 451 2111 tempore,
494 2072 600 2112 quae
637 2059 717 2111 ipsi
746 2059 825 2099 soli
855 2073 899 2099 re
929 2060 1088 2112 integra
1119 2072 1241 2112 saepe
1272 2058 1372 2097 dixi.
1431 2059 1575 2099 Petere
1615 2062 1873 2102 consulatum

129 2120 290 2160 nescire
320 2125 382 2168 te,
414 2120 550 2168 Servi,
578 2134 780 2175 persaepe
810 2121 884 2162 tibi
905 2121 1013 2168 dixi3
1046 2125 1087 2160 et
1107 2121 1149 2160 in
1169 2120 1220 2160 iis
1240 2120 1363 2160 rebus
1384 2120 1509 2174 ipsis,
1542 2135 1644 2175 quas
1665 2127 1705 2163 te
1727 2137 1873 2177 magno
1889 2135 1924 2164 30

216 2275 246 2306 l.
278 2273 434 2313 militari,
458 2274 612 2306 inilitaris
634 2284 713 2307 nos:
740 2275 895 2308 militar-is
917 2275 979 2308 EG
994 2276 1017 2307 C
1032 2275 1199 2315 ΗΤψν;
1224 2274 1363 2306 militari
1377 2275 1429 2312 M;
1453 2274 1610 2315 militari,
1634 2277 1675 2309 sit
1699 2287 1768 2318 par
1788 2280 1877 2312 mili-

132 2323 199 2354 tari
216 2331 299 2355 cum
316 2323 371 2355 ed.
390 2324 605 2365 Hervagiana
621 2325 645 2356 L
659 2325 696 2356 O.
711 2342 746 2347 -—
770 2326 922 2365 suffratio
938 2326 981 2362 G·.
1006 2324 1237 2365 suffrayationi
1253 2325 1331 2356 L.—
1349 2323 1475 2357 urbane
1490 2326 1534 2363 G3
1552 2325 1684 2358 urbana
1699 2327 1874 2362 EMvLO.

134 2388 170 2394 --
193 2372 226 2404 2.
251 2372 335 2404 idem
358 2375 387 2405 et
408 2381 520 2413 magn.
544 2382 577 2405 v.
605 2390 642 2396 —
668 2375 754 2413 quod
775 2384 809 2406 v.
832 2392 875 2398 —
897 2375 929 2407 3.
953 2375 1050 2407 huius
1073 2374 1158 2409 mei,
1185 2374 1209 2405 C
1224 2373 1305 2405 TL:
1331 2373 1422 2405 istius
1445 2374 1482 2406 Ο.
1510 2390 1545 2396 ——
1571 2375 1603 2406 5.
1628 2375 1755 2409 dicendi
1775 2387 1808 2410 v.
1834 2397 1875 2402 —

130 2420 283 2452 conciliat
306 2420 361 2453 ed.
388 2423 466 2454 Asc.
494 2423 595 2453 45¹4:
621 2424 830 2455 conciliatam
852 2424 878 2456 E
893 2425 979 2463 GM,
1005 2425 1024 2455 5
1049 2425 1150 2461 Oxx.;
1181 2423 1375 2455 conciliarat
1396 2433 1428 2455 V.
1458 2442 1493 2447 —
1519 2424 1550 2455 6.
1577 2433 1679 2464 quam
1701 2427 1733 2458 in
1757 2428 1874 2464 EHT,

130 2479 230 2509 quam
254 2471 328 2503 sine
351 2472 383 2502 in
409 2472 533 2511 Μψν.
553 2489 595 2495 —-
616 2473 700 2512 forte
721 2479 802 2513 wv.
822 2491 857 2495 —
876 2474 1082 2514 offensionem
1103 2473 1186 2504 vitat
1209 2472 1264 2504 ed.
1293 2473 1383 2505 Crat..
1411 2474 1445 2505 et
1469 2474 1512 2512 G,
1539 2474 1576 2504 ut
1598 2474 1754 2507 videt-ur:
1780 2479 1878 2518 offen-

130 2522 219 2553 sione
238 2521 343 2552 vitata
366 2521 437 2553 EM
449 2530 487 2559 ν,
514 2522 533 2553 5
558 2523 662 2559 On..
688 2523 790 2563 Lagg.
812 2541 846 2546 —
872 2524 903 2555 7.
929 2523 1161 2563 aequabilitate
1183 2523 1272 2554 mei:
1298 2523 1497 2563 aequalitate
1522 2522 1624 2555 codd.
1650 2523 1716 2556 alii.
1734 2544 1777 2549 -
1792 2527 1878 2559 beni-

130 2570 306 2602 volentiam
335 2571 405 2601 mei
436 2571 469 2601 et
500 2571 602 2611 Lagg.
628 2573 767 2612 praeter
790 2573 803 2603 4
833 2573 867 2604 et
889 2573 942 2604 ⁶26.
967 2591 1009 2595 —
1031 2572 1176 2614 eqreyia]
1201 2576 1229 2603 et
1251 2573 1364 2613 grecia
1387 2574 1424 2605 G.
1462 2571 1638 2604 Editiones
1661 2577 1876 2607 recentiores

131 2622 209 2660 post
239 2619 392 2650 audiendi
422 2621 590 2660 punctum
617 2620 758 2653 habent.
794 2640 829 2644 —
862 2623 893 2654 8.
924 2623 1121 2664 integritatis
1148 2631 1216 2654 om.
1249 2624 1293 2662 G,
1324 2623 1520 2663 integritatis
1549 2622 1756 2665 benignitatis
1778 2635 1811 2658 v.
1839 2644 1873 2648 —

133 2670 163 2700 9.
192 2668 301 2708 Quid?
332 2672 390 2700 tua
419 2678 490 2700 sors
519 2670 620 2701 tristis
643 2670 795 2702 distinxit
817 2672 1009 2704 Schiitzius.
1037 2690 1072 2694 —
1100 2673 1152 2704 40.
1173 2676 1272 2712 parte
1290 2672 1391 2712 plena
1413 2673 1541 2704 lacrim.
1568 2678 1613 2713 ψ.
1642 2690 1677 2695 -
1705 2675 1756 2706 Η.
1783 2684 1878 2715 squa-

132 2719 211 2750 loris
227 2719 343 2758 plena,
369 2728 411 2750 ea:
433 2719 539 2751 altera
564 2724 757 2752 catenarum
780 2722 868 2753 coni.
896 2722 1068 2754 Matthiae.
1096 2740 1131 2744 —-
1156 2723 1302 2754 iudicum
1324 2724 1392 2760 Μχ
1406 2731 1438 2754 V.
1461 2741 1496 2745 —
1523 2723 1575 2755 4⁵2.
1593 2723 1704 2756 damn.
1731 2728 1775 2756 est
1789 2734 1822 2757 v.
1840 2744 1874 2750 -

132 2768 185 2800 43.
210 2769 330 2800 sillana
347 2771 390 2807 G,
415 2770 547 2809 syllana
569 2771 594 2801 E
607 2771 639 2802 M
652 2780 683 2802 v.
706 2789 740 2792 —
766 2771 891 2810 repreh.
910 2775 954 2802 est
978 2773 1014 2802 G.
1034 2789 1069 2793 —
1090 2772 1205 2813 prope]
1226 2771 1333 2811 proba.
1348 2773 1438 2803 Kritz
1454 2772 1498 2803 ad
1514 2772 1594 2803 Sall.
1610 2773 1732 2814 fragm.
1750 2783 1786 2815 p.
1802 2774 1875 2806 467.

136 2836 170 2840 -—
191 2817 242 2849 ⁴4.
268 2821 313 2850 est
336 2826 405 2850 om.
424 2819 460 2850 L.
478 2837 520 2842 —-
543 2821 595 2851 45.
622 2824 657 2851 ta
679 2829 748 2851 om.
767 2830 808 2859 χ,
834 2829 907 2852 cum
922 2831 954 2853 V.
976 2839 1010 2843 —
1033 2823 1208 2861 provincia
1231 2823 1256 2854 E
1271 2824 1296 2854 G
1311 2823 1348 2854 C.
1371 2841 1404 2845 —-
1430 2822 1562 2853 uoluisti
1585 2823 1702 2862 Εψν.
1724 2840 1759 2844 -
1780 2823 1831 2855 46.
1850 2827 1879 2855 e!

130 2877 284 2914 praetore
306 2877 334 2905 et
357 2874 485 2906 consule
505 2875 712 2907 Steinmetz:
751 2879 779 2907 et
798 2880 943 2915 presente
965 2880 993 2908 et
1016 2878 1144 2909 consule
1163 2879 1205 2915 E;
1232 2882 1262 2909 et
1278 2868 1341 2917 ffi
1356 2878 1389 2918 (i.
1406 2886 1436 2908 e.
1447 2878 1611 2917 praetore)
1629 2886 1644 2908 s
1657 2878 1785 2910 consule
1800 2880 1877 2911 Par.

134 2924 170 2962 4,
197 2925 243 2956 St.
269 2924 368 2962 vict,
394 2923 463 2955 duo
487 2924 586 2963 Pall.;
616 2929 645 2957 et
665 2934 774 2966 praes.
799 2926 928 2957 consule
950 2926 1036 2964 GM,
1058 2927 1253 2966 proconsule
1267 2936 1306 2964 v;
1332 2930 1361 2958 et
1381 2930 1517 2966 praetor
1539 2930 1569 2958 et
1590 2927 1701 2958 consul
1724 2928 1779 2959 ed.
1797 2930 1877 2960 Asc.

135 2974 236 3012 4511,
258 2974 282 3005 L
298 2974 334 3005 O.
362 2972 499 3005 Habent
521 2974 623 3006 codd.
649 2974 723 3007 rell.
748 2974 905 3016 plerique
928 2976 1056 3007 consule
1079 2977 1137 3007 aut
1160 2978 1324 3018 corrupte
1347 2977 1488 3008 consulte
1510 2975 1563 3008 vel
1587 2976 1745 3015 consulto,
1769 2977 1879 3010 verba

135 3024 252 3054 autem
272 3026 427 3063 praetore
449 3027 478 3055 et
499 3024 534 3056 in
558 3026 719 3058 omnibus
743 3026 836 3058 varie
861 3028 941 3058 sunt
963 3027 1089 3057 vitiata.
1118 3042 1154 3048 —
1181 3027 1233 3057 Π.
1259 3025 1344 3067 cum]
1367 3026 1420 3057 cui
1444 3027 1481 3058 G.
1503 3043 1537 3047 —
1564 3025 1617 3058 48.
1642 3026 1791 3059 dilectum
1814 3028 1879 3060 EG

134 3071 220 3103 MC:
247 3072 402 3104 delectum
426 3074 497 3105 ΟΥ.
526 3091 561 3096 -
585 3075 619 3106 in
640 3075 759 3107 umbra
783 3077 901 3115 Gipv.
931 3093 966 3098 —
992 3076 1044 3107 49.
1071 3075 1229 3107 libertatis
1251 3076 1294 3113 E,
1326 3074 1345 3108 4
1370 3076 1452 3107 Oxx.
1481 3094 1516 3098 —
1541 3075 1646 3107 multa
1670 3077 1708 3107 G.
1736 3094 1771 3099 -—
1797 3086 1881 3117 quae

133 3121 167 3152 in
190 3121 236 3161 H,
262 3123 347 3162 quod
369 3132 406 3161 χ.
429 3141 464 3146 »-
488 3124 661 3164 municipis
682 3135 719 3163 χ.
739 3143 774 3148 -
789 3126 842 3157 20.
867 3126 939 3165 ipsa
953 3125 1106 3157 Ernesti:
1132 3125 1199 3165 ipse
1214 3124 1331 3163 codd,
1358 3133 1507 3164 quorum
1522 3123 1710 3156 lectionem
1727 3124 1880 3158 defendit

134 3171 372 3212 Stuerenburg
396 3172 439 3204 ad
463 3181 515 3205 or.
540 3174 644 3206 Arch.
671 3174 702 3216 g.
730 3175 782 3207 44.
811 3192 843 3198 —
877 3177 986 3207 autem
1008 3182 1078 3206 om.
1105 3176 1142 3206 G.
1171 3192 1206 3197 —
1232 3175 1285 3206 ⁶22.
1309 3174 1420 3214 fatear
1443 3175 1480 3205 G.
1509 3191 1543 3195 —
1576 3173 1630 3205 ⁶23.
1655 3174 1760 3215 coyito
1783 3177 1821 3208 G.
1841 3194 1876 3198 —

133 3219 187 3251 24.
211 3220 395 3262 intelligunt
410 3223 436 3253 G
449 3223 566 3261 Μνχ,
586 3224 661 3255 Par.
680 3223 711 3256 4.
730 3224 765 3255 9:
784 3224 965 3265 intelligant
980 3223 1005 3255 E
1018 3224 1043 3255 L
1056 3225 1094 3256 Ο.
1111 3241 1148 3247 -
1168 3223 1222 3256 28.
1238 3224 1338 3264 fuerit
1352 3232 1468 3255 necess.
1487 3223 1525 3254 E.
1545 3241 1580 3246 —
1599 3222 1736 3263 inferior
1751 3233 1820 3258 om.
1840 3228 1878 3259 G.

137 3287 171 3291 κ-
197 3271 302 3302 servio
323 3280 357 3304 v.
384 3289 418 3294 —
443 3272 498 3304 29.
523 3281 586 3312 quo
607 3281 642 3306 V.
669 3290 703 3296 --
730 3273 783 3307 30.
809 3273 865 3306 tibi
887 3282 957 3307 om.
984 3274 1111 3315 Μχψ.
1140 3291 1174 3296 -
1210 3276 1240 3305 et
1261 3273 1296 3305 in
1317 3273 1378 3305 hiis
1399 3273 1443 3313 E,
1475 3276 1505 3306 et
1526 3273 1560 3304 in
1582 3271 1631 3304 his
1652 3280 1686 3313 v,
1712 3277 1742 3306 et
1763 3274 1812 3308 his
1834 3276 1877 3316 M,

133 3322 170 3352 ut
190 3320 225 3352 in
247 3320 308 3353 hiis
330 3323 368 3355 G.
386 3340 428 3346 --
450 3323 600 3355 maximo
623 3332 659 3361 χ,
