2143 3713
280 204 360 247 228
773 207 828 247 IN
858 207 1076 247 VERREM
1105 206 1266 247 ACTIO
1298 207 1538 248 SECUNDA

280 316 708 371 consuetudinemque
739 318 781 357 in
811 318 1040 358 vendendis
1072 319 1193 358 istius
1215 319 1390 359 decretis
1412 325 1452 359 et
1477 318 1643 359 iudiciis
1665 319 2025 374 transigendisque

278 381 478 434 negotiis,
508 384 555 420 ut
582 393 711 435 prope
742 381 847 421 alter
877 379 1158 420 Timarchides
1188 387 1488 422 numeraretur.
1548 376 1636 418 170.
1667 379 1756 419 Hoc
1787 386 1874 420 erat
1902 382 2027 421 etiam

278 443 516 496 capitalior,
546 442 659 496 quod
688 443 798 482 idem
828 442 1024 494 pecunias
1056 442 1127 489 iis,
1160 443 1231 494 qui
1261 444 1311 482 ab
1343 444 1420 483 isto
1447 442 1606 495 aliquid
1627 442 1938 490 mercabantur,
1966 443 2028 483 fe-

276 507 368 546 nori
402 505 537 546 dabat.
582 505 643 545 Ea
673 512 810 546 autem
832 504 1033 544 feneratio
1056 510 1142 544 erat
1166 505 1254 545 eius
1275 507 1400 554 modi,
1423 505 1602 552 iudices,
1632 510 1679 544 ut
1700 506 1825 545 etiam
1845 505 1879 545 is
1902 518 2028 557 quae-

244 572 364 608 ⁵stus
393 568 491 608 huic
520 568 700 608 cederet.
758 568 860 606 Nam
891 579 994 619 quas
1024 567 1221 620 pecunias
1252 566 1412 608 ferebat
1441 568 1491 607 iis
1523 580 1748 621 expensas,
1781 567 2028 620 quibuscum

276 629 565 677 contrahebat,
598 643 667 670 eas
697 634 768 669 aut
799 628 957 668 scribae
988 629 1107 668 istius
1139 634 1209 668 aut
1230 629 1482 669 Timarchidi
1513 635 1585 669 aut
1611 629 1738 682 ‘etiam
1769 629 1838 669 isti
1867 629 1946 682 ipsi
1964 643 2029 670 re-

271 691 433 734 ferebat
460 698 664 746 acceptas.
723 692 837 730 Idem
866 696 1083 744 praeterea
1112 692 1310 744 pecunias
1339 693 1458 731 istius
1480 691 1832 731 extraordinarias
1853 690 2029 743 grandes

274 768 349 794 suo
378 755 546 794 nomine
577 753 854 793 fenerabatur.
907 748 999 792 171.
1031 753 1109 792 IIic
1130 754 1262 805 primo
1287 754 1568 807 Carpinatius,
1600 759 1823 807 antequam
1844 754 1887 793 in
1909 754 2029 793 istius

273 821 429 857 tantam
458 816 780 856 familiaritatem
810 816 1089 867 pervenisset,
1130 815 1354 867 aliquoties
1393 816 1443 855 ad
1475 818 1608 856 socios
1640 816 1797 855 litteras
1828 814 1878 855 de
1910 815 2029 854 istius

224 884 259 912 40
272 878 437 918 iniuriis
468 879 648 918 miserat.
711 877 934 917 Canuleius
974 891 1094 924 vero,
1134 877 1205 929 qui
1246 877 1288 916 in
1318 883 1438 930 portu
1471 879 1684 932 Syracusis
1716 890 1861 931 operas
1893 875 2029 924 dabat,

271 938 382 980 furta
413 953 582 993 quoque
614 940 734 979 istius
766 939 972 992 permulta
993 938 1239 978 nominatim
1262 939 1312 978 ad
1335 939 1472 979 socios
1500 941 1811 993 perscripserat,
1841 952 1890 978 ea
1921 950 2028 991 quae

273 1001 362 1040 sine
400 1002 589 1054 portorio
632 1001 847 1055 Syracusis
885 1006 1000 1041 erant
1039 1006 1282 1053 exportata:
1322 1007 1490 1053 portum
1532 1007 1669 1042 autem
1711 1007 1751 1042 et
1782 1001 2029 1054 scripturam

272 1063 417 1103 eadem
447 1064 626 1103 societas
656 1064 847 1103 habebat.
906 1064 968 1103 Ita
1005 1063 1160 1103 factum
1192 1069 1275 1110 est,
1313 1067 1359 1102 ut
1390 1069 1530 1104 essent
1560 1065 1787 1117 permulta,
1837 1076 1945 1117 quae
1976 1075 2029 1102 ex

271 1125 483 1166 societatis
514 1126 663 1165 litteris
696 1126 834 1166 dicere
865 1126 908 1165 in
940 1126 1066 1165 istum
1098 1130 1138 1164 et
1167 1125 1354 1178 proferre
1385 1140 1618 1178 possemus.
1668 1124 1760 1166 1172.
1788 1128 1942 1167 Verum
1963 1138 2030 1165 ac-

223 1187 392 1235 ecidit,
423 1193 469 1227 ut
501 1187 791 1240 Carpinatius,
824 1187 895 1241 qui
927 1188 1008 1227 iam
1040 1201 1132 1227 cum
1163 1187 1242 1227 isto
1272 1202 1434 1227 summa
1455 1189 1781 1236 consuetudine,
1812 1194 2030 1242 praeterea

270 1263 314 1290 re
344 1263 392 1290 ac
422 1249 583 1289 ratione
615 1250 863 1290 coniunctus
895 1248 1024 1297 esset,
1056 1249 1220 1289 crebras
1252 1255 1398 1303 postea
1419 1250 1577 1290 litteras
1599 1251 1652 1290 ad
1675 1252 1812 1291 socios
1835 1251 1886 1290 de
1908 1249 2029 1289 istius

270 1312 443 1353 summis
475 1309 623 1352 officiis
654 1312 698 1352 in
739 1326 825 1352 rem
857 1325 1119 1352 communem
1149 1309 1450 1366 beneficiisque
1482 1313 1679 1352 mitteret.
1737 1312 1904 1352 Etenim
1936 1324 2029 1351 cum

269 1375 348 1415 iste
376 1374 536 1423 omnia,
569 1388 859 1428 quaecumque
881 1374 1146 1427 Carpinatius
1177 1374 1439 1427 postulabat,
1470 1374 1606 1415 facere
1638 1388 1685 1414 ac
1707 1375 1931 1415 decernere
1963 1386 2030 1413 so-

268 1437 404 1486 lebat,
435 1442 522 1477 tum
551 1436 623 1476 ille
655 1437 778 1477 etiam
809 1437 929 1490 plura
960 1437 1165 1476 scribebat
1195 1437 1247 1476 ad
1279 1437 1436 1484 socios,
1480 1442 1543 1485 ut,
1575 1437 1609 1477 si
1641 1442 1804 1490 posset,
1838 1449 1887 1476 ea
1918 1447 2026 1488 quae

219 1507 255 1537 20
269 1505 393 1541 antea
422 1499 665 1552 scripserat,
696 1499 820 1551 plane
852 1499 1149 1552 exstingueret.
1208 1499 1270 1538 Ad
1302 1504 1533 1539 extremum
1561 1513 1683 1547 vero,
1715 1513 1808 1539 cum
1839 1498 1916 1538 iste
1946 1497 2028 1536 iam

270 1561 519 1609 decedebat,
560 1562 650 1602 eius
688 1562 802 1601 modi
843 1562 1000 1601 litteras
1032 1562 1083 1601 ad
1115 1574 1186 1600 eos
1218 1562 1350 1609 misit,
1384 1567 1429 1601 ut
1458 1562 1555 1602 huic
1586 1561 1827 1615 frequentes
1860 1559 2026 1600 obviam

267 1624 508 1678 prodirent,
539 1624 692 1677 gratias
724 1629 912 1677 agerent,
942 1623 1126 1663 facturos
1150 1637 1214 1671 se,
1247 1624 1279 1663 si
1304 1624 1405 1677 quid
1428 1624 1696 1677 imperasset,
1728 1623 1915 1663 studiose
1937 1621 2028 1674 pol-

267 1686 505 1726 licerentur.
550 1686 696 1739 Itaque
728 1685 833 1726 socii
864 1685 1054 1726 fecerunt
1074 1692 1213 1726 vetere
1245 1686 1436 1725 instituto
1460 1686 1803 1738 publicanorum,
1835 1698 1921 1724 non
1942 1696 2026 1737 quo

267 1748 394 1788 istum
424 1747 511 1787 ullo
542 1747 703 1787 honore
735 1748 908 1800 dignum
938 1748 1259 1796 arbitrarentur,
1299 1748 1373 1787 sed
1415 1748 1528 1800 quod
1571 1761 1646 1787 sua
1675 1747 1877 1786 interesse
1906 1749 2029 1798 puta-

218 1819 254 1849 25
267 1810 368 1851 bant
397 1824 441 1851 se
471 1823 677 1851 memores
709 1815 934 1863 gratosque
956 1810 1211 1850 existimari:
1243 1809 1395 1863 gratias
1418 1810 1485 1848 isti
1509 1814 1706 1863 egerunt:
1741 1807 2029 1862 Carpinatium

268 1886 392 1926 saepe
432 1873 484 1913 ad
521 1885 565 1912 se
602 1872 652 1912 de
686 1871 775 1911 eius
807 1869 956 1912 officiis
988 1872 1144 1912 litteras
1175 1873 1339 1913 misisse
1370 1872 1580 1911 dixerunt.
1638 1871 1786 1910 LXXI.
1820 1866 1914 1908 473.
1943 1869 2026 1908 Iste

268 1950 361 1976 cum
391 1934 678 1989 respondisset
709 1947 757 1974 ea
783 1947 826 1974 se
847 1934 1026 1975 libenter
1043 1934 1194 1975 fecisse
1217 1947 1450 1988 operasque
1475 1933 1705 1987 Carpinatii
1728 1945 1878 1986 magno
1901 1943 2028 1985 opere

266 1998 498 2039 laudasset:
530 1997 600 2037 dat
628 1996 764 2037 amico
797 2010 873 2036 suo
905 1997 1071 2037 cuidam
1102 1998 1338 2050 negotium,
1370 1996 1441 2050 qui
1473 2001 1560 2035 tum
1591 1996 1788 2049 magister
1818 1998 1907 2034 erat
1937 1993 2027 2033 eius

268 2060 501 2108 societatis,
532 2064 579 2100 ut
609 2059 832 2113 diligenter
862 2064 1026 2101 caveret
1046 2065 1174 2114 atque
1194 2060 1475 2113 prospiceret,
1507 2073 1558 2099 ne
1581 2059 1684 2113 quid
1706 2062 1815 2099 esset
1844 2057 1887 2097 in
1918 2056 2029 2096 litte-

216 2134 253 2164 30
266 2122 323 2162 ris
355 2122 587 2169 sociorum,
619 2122 733 2176 quod
765 2126 910 2161 contra
940 2127 1067 2176 caput
1098 2136 1218 2162 suum
1239 2126 1310 2161 aut
1331 2121 1683 2161 existimationem
1704 2120 1842 2161 valere
1873 2123 2028 2173 posset.

267 2186 413 2238 Itaque
444 2184 514 2224 ille
546 2182 816 2223 multitudine
849 2184 1060 2224 sociorum
1098 2189 1258 2224 remota
1289 2184 1541 2223 decumanos
1573 2188 1797 2224 convocat:
1839 2196 1927 2222 rem
1959 2182 2029 2221 de-

266 2247 358 2287 fert.
418 2247 616 2286 Statuunt
645 2246 706 2285 illi
737 2250 861 2300 atque
894 2248 1144 2294 decernunt,
1186 2252 1230 2286 ut
1261 2260 1332 2286 eae
1366 2246 1548 2294 litterae,
1589 2246 1740 2300 quibus
1773 2243 2026 2286 existimatio

269 2308 311 2347 C.
342 2307 483 2348 Verris
513 2307 769 2356 laederetur,
801 2314 1116 2349 removerentur
1147 2322 1360 2362 operaque
1382 2309 1571 2356 daretur,
1603 2322 1654 2348 ne
1683 2321 1731 2347 ea
1752 2321 1817 2347 res
1841 2307 1882 2347 C.
1905 2304 2024 2346 Verri

265 2369 402 2409 fraudi
434 2383 524 2409 esse
556 2374 711 2423 posset.
773 2367 865 2410 (174.
906 2371 950 2411 Si
981 2372 1155 2411 ostendo
1186 2371 1267 2410 hoc
1298 2371 1532 2410 decrevisse
1563 2370 1841 2418 decumanos,
1874 2368 1909 2409 si
1939 2367 2029 2421 pla-

218 2446 254 2475 35
267 2445 367 2471 num
395 2431 504 2472 facio
535 2431 616 2472 hoc
648 2433 815 2473 decreto
846 2438 1027 2474 remotas
1059 2448 1149 2474 esse
1181 2433 1360 2473 litteras:
1401 2432 1502 2486 quid
1535 2432 1787 2485 exspectatis
1818 2429 2028 2484 amplius?

267 2507 495 2548 possumne
525 2508 613 2535 rem
634 2496 765 2549 magis
795 2496 1021 2538 iudicatam
1042 2497 1209 2544 afferre,
1241 2496 1372 2548 magis
1393 2508 1512 2535 reum
1538 2495 1862 2535 condemnatum
1891 2493 1936 2532 in
1965 2492 2028 2532 iu-

355 2681 384 2712 4.
409 2681 674 2721 familiaritatem
695 2683 1030 2724 consuetudinemque]
1054 2683 1315 2714 consuetudinem
1332 2683 1363 2713 M
1381 2683 1414 2712 et
1430 2681 1531 2721 Lgtz.
1561 2680 1733 2722 [Optime0]
1754 2697 1789 2703 ——
1816 2679 1847 2712 3.
1868 2678 2029 2720 pecunias

267 2728 309 2761 4:
331 2730 506 2769 pecuniam
530 2730 590 2761 dtt.
610 2732 647 2762 O.
670 2749 703 2753 —-
729 2731 778 2762 liis
800 2732 824 2763 Α
840 2733 863 2763 Β
878 2732 978 2773 Lgta.
1003 2751 1037 2755 —-
1064 2732 1093 2765 4.
1112 2733 1268 2764 eiusmodi
1290 2731 1401 2772 Lg'iss:
1427 2732 1610 2763 huiusmodi
1634 2732 1692 2762 ctt.
1720 2732 1755 2762 Ο.
1784 2749 1820 2754 —-
1844 2730 1872 2761 is
1895 2738 1948 2769 cp:
1980 2729 2029 2760 his

266 2779 305 2817 43
341 2779 392 2811 hic
416 2779 478 2811 dtt.
505 2781 541 2811 Ο.
571 2797 605 2802 -
633 2782 663 2811 5.
689 2780 813 2819 serebat
835 2781 875 2812 iis
898 2782 940 2819 B;
976 2781 1037 2822 ser.
1063 2782 1111 2812 his
1133 2784 1160 2813 A
1185 2785 1219 2813 et
1243 2781 1347 2822 Lgttz,
1380 2782 1441 2821 ser.
1471 2782 1495 2811 is
1517 2780 1589 2812 rell.
1616 2782 1739 2821 Lagg.;
1774 2780 1813 2811 iis
1834 2780 1895 2820 fer.
1923 2780 1960 2810 O.
1989 2795 2024 2800 —

267 2830 297 2860 6.
331 2837 387 2860 eas
414 2833 473 2860 aut
495 2829 615 2861 Lamb.
643 2838 751 2870 marg.
780 2830 885 2862 ⁴584:
912 2840 974 2862 aea
997 2832 1044 2862 ait
1067 2831 1175 2872 Lg423
1202 2841 1256 2864 eas
1280 2841 1348 2863 om.
1376 2833 1434 2862 ctt.
1461 2832 1495 2862 O.
1527 2850 1560 2853 —
1588 2831 1639 2862 isti
1661 2831 1722 2870 ipsi
1744 2829 1813 2870 Lgss
1830 2827 1870 2861 42
1888 2827 1940 2860 48.
1967 2826 2026 2866 (cf.

266 2878 297 2918 ἓ.
325 2879 398 2911 402.
419 2880 492 2911 475.
519 2881 572 2911 111.
600 2880 629 2920 §-
648 2879 699 2910 37.
718 2880 790 2911 202.
811 2880 885 2911 242.
911 2880 950 2910 V.
972 2880 1002 2920 g.
1019 2881 1102 2921 47.):
1130 2882 1191 2921 ipsi
1213 2882 1264 2913 isti
1289 2882 1346 2913 ctt.
1366 2882 1401 2913 Ο.
1430 2881 1470 2912 cs.
1497 2882 1550 2912 IV.
1578 2881 1607 2921 g.
1631 2881 1683 2912 92.
1706 2898 1740 2902 —
1767 2880 1798 2911 8.
1820 2878 1931 2918 primo
1955 2885 2026 2909 om.

266 2927 368 2968 Lgta.
398 2947 433 2951 —
465 2930 494 2960 9.
525 2929 709 2969 perveniret
739 2929 829 2969 Lg29
847 2930 883 2960 B.
914 2948 948 2951 —
980 2931 1030 2961 4¹2.
1055 2931 1256 2970 scripturam
1287 2930 1407 2968 4MN,
1443 2929 1519 2961 alii:
1556 2931 1738 2969 scripturas
1767 2928 1827 2960 dtt.
1858 2944 1893 2950 —
1919 2925 1971 2958 44.
1998 2929 2029 2958 et

261 2978 351 3018 prof.
378 2977 420 3010 4:
457 2987 498 3010 ac
520 2979 610 3019 prof.
644 2979 705 3009 dtt.
733 2980 768 3010 O.
803 2997 837 3000 —
876 2980 927 3011 46.
958 2981 1086 3011 ratione
1114 2981 1204 3021 Lg29
1221 2980 1261 3012 42
1278 2982 1316 3012 N.
1351 2980 1403 3020 (cs.
1430 2981 1484 3011 111.
1521 2979 1551 3020 g.
1577 2980 1628 3011 23.
1659 2979 1698 3010 V.
1726 2979 1756 3019 S.
1783 2977 1846 3018 8.):
1877 2976 2028 3008 oratione

267 3028 325 3060 ctt.
360 3045 397 3051 —-
434 3029 486 3061 47.
522 3038 598 3060 cum
632 3028 696 3060 421
709 3038 761 3068 cp:
798 3033 867 3061 tum
895 3029 957 3060 dtt.
997 3047 1031 3052 —-
1065 3030 1115 3061 49.
1148 3031 1247 3062 ctiam
1279 3030 1330 3061 ille
1354 3029 1454 3070 Lgtz.
1486 3048 1519 3051 —
1555 3038 1608 3068 ea,
1643 3036 1727 3068 quae
1755 3036 1786 3059 a.
1820 3035 1883 3058 scr.
1909 3024 2022 3066 Lglia:

266 3085 350 3116 quae
374 3087 407 3110 a.
432 3087 513 3118 scr.,
538 3087 578 3111 ea
601 3081 659 3110 ctt.
679 3081 715 3110 O.
739 3097 773 3102 —
800 3080 853 3111 22.
874 3080 1004 3120 gratias
1025 3079 1114 3120 Lgta
1139 3089 1172 3121 p.
1193 3089 1238 3112 m.
1258 3081 1280 3112 F
1294 3080 1348 3112 M:
1373 3080 1564 3120 ⁸qratiasque
1589 3081 1647 3110 ctt.
1666 3078 1703 3110 Ο.
1725 3095 1759 3100 -
1785 3085 1818 3108 se
1833 3074 2023 3116 Lg42FM,

266 3125 336 3158 Pal.
366 3136 458 3159 sec.:
493 3136 557 3160 esse
587 3130 646 3160 ctt.
675 3147 709 3151 —
746 3129 800 3161 23.
831 3139 893 3169 quo
923 3129 1045 3161 codd:
1084 3131 1170 3169 quod
1192 3131 1229 3161 L.
1259 3148 1293 3152 —
1319 3129 1371 3160 27.
1397 3138 1437 3160 ca
1459 3138 1491 3161 se
1514 3128 1635 3160 codd:
1671 3136 1704 3159 se
1726 3135 1766 3158 ea
1789 3124 1868 3157 edd.
1895 3122 2024 3156 multae

266 3178 347 3216 post
370 3178 464 3210 Grut.
486 3195 521 3201 -—
548 3178 600 3211 30.
627 3182 726 3219 caput
748 3189 844 3211 suum
868 3183 926 3211 aut
949 3180 1221 3212 existimationem
1244 3177 1332 3218 Lg›l›2
1349 3186 1383 3218 p.
1403 3187 1464 3209 nr:
1490 3187 1584 3209 suum
1607 3179 1706 3218 caput
1727 3178 1824 3215 atque
1845 3173 2023 3206 existimat.

268 3226 325 3255 ctt.
353 3226 390 3257 O.
424 3228 468 3259 At
499 3227 542 3260 cf.
576 3228 606 3268 S.
632 3228 685 3259 57.
717 3229 818 3260 Beier
842 3228 885 3260 ad
909 3228 999 3260 Lael.
1028 3230 1058 3269 ἓ.
1086 3229 1138 3260 61.
1167 3247 1201 3252 -
1239 3228 1289 3260 34.
1317 3228 1457 3259 decresse
1480 3228 1569 3267 Lg29
1585 3227 1661 3259 AB.
1690 3244 1724 3248 —
1751 3223 1803 3256 36.
1828 3223 1935 3264 magis
1955 3230 2026 3254 rem

267 3274 367 3314 Lg29.
396 3276 478 3317 [om.
495 3277 647 3318 Zumpt]
672 3287 767 3318 maye
790 3279 1039 3310 condemnatum
1062 3278 1222 3310 hominem
1244 3279 1279 3309 in
1301 3277 1458 3309 iudicium
1481 3278 1641 3312 adducere
1662 3285 1728 3310 non
1744 3283 1840 3318 posse
1862 3274 1959 3308 Serv.
1980 3270 2025 3304 ad

266 3324 352 3355 Aen.
376 3324 418 3358 X.
442 3324 532 3369 48⁴„
558 3326 618 3369 qui
641 3327 676 3361 in
700 3328 937 3362 Frumentaria
961 3328 1055 3362 hunc
1076 3327 1194 3363 locum
1216 3327 1284 3370 legi
1305 3326 1390 3363 falso
1414 3328 1527 3361 tradit.
