2143 3713
240 209 320 254 444
770 219 1196 261 SUPPLEMENTUM
1223 220 1621 263 ADNOTATIONIS

326 329 403 362 pag.
430 320 504 352 443.
530 329 562 353 ν.
589 321 621 354 4.
648 323 757 363 digitis
779 323 842 354 tuis
865 323 917 354 29.
947 341 979 346 —
1008 323 1059 354 49.
1082 324 1289 364 praelusione
1313 327 1342 357 4.
1369 325 1420 358 44.
1444 325 1497 358 45.
1516 324 1569 358 48.
1597 344 1632 349 -
1656 327 1758 366 fueris
1778 328 1859 359 nihil
1880 329 1920 360 29
1943 338 1978 371 p.

243 392 278 397 —
305 376 357 408 30.
383 376 554 408 continebit
576 377 628 409 29.
655 395 690 399 —
717 377 769 410 33.
796 379 829 409 in
853 387 923 410 om.
949 378 989 409 29
1013 387 1047 420 p.

326 440 402 473 pag.
429 432 502 464 444.
527 441 560 464 V.
587 433 617 465 7.
644 433 770 473 aliquid
791 442 824 465 se
844 434 994 474 futurum
1017 434 1058 465 29
1083 434 1160 466 sort.
1186 437 1292 467 reete.
1322 455 1355 460 —
1389 438 1420 469 8.
1445 437 1515 478 sibi]
1540 437 1596 468 tibi
1618 438 1721 478 Lagg.
1750 457 1785 462 -
1812 439 1842 470 9.
1868 444 1982 472 orato-

238 496 315 518 rum
338 488 420 519 item
445 496 579 520 omnes.
607 506 642 512 -
668 489 721 521 34.
747 498 893 529 quaeque
915 490 1058 521 iniuriae
1080 490 1133 521 29.

324 551 402 584 pag.
430 544 502 575 445.
528 553 561 575 v.
587 545 616 575 4.
642 545 677 576 in
700 554 762 584 quo
786 545 983 577 alterutrum
1005 545 1046 577 29
1072 545 1151 584 (non
1175 546 1315 578 atterum
1337 549 1471 588 utrum).
1499 565 1534 571 —-
1569 547 1600 580 4.
1625 549 1681 580 hos
1702 549 1822 581 iudices
1846 558 1980 590 omnes,

239 599 278 630 ut
300 598 447 630 videtur.
475 616 510 620 —
544 601 574 631 5.
601 608 664 631 esse
687 609 756 632 om.
783 600 823 632 42
848 603 883 632 et
906 603 941 633 L.
969 619 1003 623 —-
1040 602 1070 632 6.
1096 602 1246 633 concedes
1269 602 1362 635 solus
1386 604 1438 635 29.
1470 622 1502 627 —
1539 607 1567 635 et
1597 613 1661 636 esse
1690 605 1826 645 gravius
1851 605 1984 638 habent

239 654 356 694 Lagg..
388 654 451 686 sed
481 655 642 687 omittunt
670 656 842 696 posterius
874 660 903 688 et
933 659 1012 688 ante
1044 657 1084 687 ab
1108 665 1229 689 omnes
1261 661 1401 699 praeter
1421 660 1474 691 29.
1513 658 1617 699 (Falsa
1643 660 1782 691 tradidit
1804 662 1982 702 Zumptius

237 718 272 750 p.
299 710 364 749 38.)
393 728 427 732 —
464 711 515 742 44.
537 711 638 750 possit
660 711 700 742 29
726 720 759 751 p.
797 729 830 733 —
871 712 924 744 48.
948 722 1019 744 mos
1041 715 1085 744 est
1108 713 1222 744 Sicilia
1247 714 1327 753 (om.
1353 715 1396 754 in)
1422 715 1462 746 29
1487 723 1520 756 p.
1549 732 1583 737 —
1624 716 1675 746 49.
1706 716 1833 747 Veneris
1855 718 1984 748 nomine

239 765 343 797 etiam
367 766 419 797 29.
447 782 482 787 -·
508 767 560 798 22.
586 767 613 797 si
633 770 753 806 parent
775 768 794 798 5
819 777 851 808 p.
878 768 908 798 6.
935 768 1009 806 29.,
1045 769 1071 799 si
1095 772 1257 808 apparent
1281 769 1319 801 44
1344 778 1396 811 p.;
1425 771 1451 801 si
1475 774 1637 810 appareat
1661 772 1690 803 4.
1719 770 1770 803 44.
1797 780 1902 811 corr.‚
1929 772 1980 804 45.

237 819 312 858 48.;
337 822 364 852 si
383 825 496 861 pateat
519 823 538 854 5
556 831 646 854 corr.
666 822 807 862 (habent
831 823 933 864 igitur
954 824 981 854 si
1001 828 1133 863 pareret
1150 825 1201 856 27.
1221 824 1286 864 42.)
1308 843 1342 848 -
1368 825 1420 857 23.
1440 826 1535 867 enirn]
1560 830 1686 858 tantum
1704 827 1756 858 29.
1779 846 1813 850 —
1839 828 1894 860 34.
1912 829 1985 859 Mu-

237 877 306 908 cius
327 877 388 908 29:
413 878 536 908 Mutius
558 876 630 909 rell.
652 895 686 900 —
713 877 765 910 34.
792 886 857 910 esse
880 887 949 910 om.
969 880 1000 910 5.
1018 880 1071 911 27.
1091 879 1143 912 42.
1167 898 1201 902 -
1227 880 1279 912 35.
1306 881 1416 921 atiquo
1433 882 1567 914 Circaeo
1586 883 1704 922 poculo
1722 891 1845 914 omnes
1863 884 1981 924 Lagg„

238 933 276 964 ut
297 932 445 964 videtur.

323 996 400 1029 pag.
428 988 501 1020 446.
527 998 559 1020 V.
578 988 608 1021 4.
635 989 793 1021 vindicem
817 989 911 1022 solus
928 989 980 1022 42.
1008 1009 1043 1013 —
1071 991 1101 1023 9.
1128 992 1213 1031 quod
1235 992 1261 1022 si
1284 992 1324 1023 29
1350 1001 1390 1024 ex
1409 1002 1497 1025 corr.
1519 1010 1553 1016 —
1583 995 1633 1025 41.
1660 995 1745 1033 quod
1768 998 1797 1026 te
1819 995 1983 1026 dicturum

236 1044 277 1075 29
301 1046 408 1076 reete.
437 1061 470 1066 —
504 1045 556 1075 25.
582 1044 626 1075 Ac
648 1045 720 1076 vide
743 1045 872 1078 habent
898 1054 1021 1078 omnes
1044 1049 1186 1089 praeter
1208 1049 1227 1079 5
1252 1048 1287 1079 et
1309 1047 1362 1081 42.
1391 1066 1424 1071 -
1457 1051 1506 1081 27.
1533 1051 1559 1081 si
1583 1051 1733 1089 superior
1756 1051 1868 1081 ceteris
1889 1051 1984 1082 rebus

235 1100 337 1140 Lagg.
360 1116 396 1122 ——-
422 1099 474 1131 31.
499 1101 639 1139 reperiri
657 1110 751 1140 posse
773 1102 823 1133 29.
847 1120 882 1124 -
909 1102 960 1134 32.
983 1102 1105 1142 publici
1128 1102 1235 1134 habet
1258 1104 1364 1135 etiam
1389 1104 1440 1136 42.
1463 1123 1497 1126 —
1525 1105 1576 1137 33.
1600 1114 1707 1145 posses
1729 1114 1801 1137 eum
1824 1107 1883 1137 27:
1909 1115 1982 1138 eum

230 1155 334 1194 possis
357 1156 436 1194 (non
455 1156 572 1195 posses)
599 1154 671 1187 reli.
698 1157 801 1197 Lagg.

322 1219 399 1251 pag.
426 1211 499 1242 447.
530 1220 564 1243 v.
590 1212 622 1244 2.
648 1221 720 1244 eum
749 1214 802 1245 cui
833 1213 926 1246 solus
957 1214 1064 1246 habet
1086 1216 1105 1246 5
1129 1224 1184 1256 p.;
1221 1216 1275 1254 qui
1299 1215 1370 1247 rell.
1398 1217 1471 1247 sine
1496 1225 1586 1255 eum,
1624 1217 1717 1257 quod
1742 1218 1774 1248 in
1799 1217 1878 1249 adn.
1905 1219 1978 1250 crit.

234 1268 464 1308 praetermitti
489 1276 558 1300 non
582 1268 712 1300 debuit.
741 1287 776 1292 —
804 1270 833 1302 6.
859 1271 994 1311 Philoni]
1018 1272 1153 1311 Pythoni
1176 1271 1216 1303 29
1241 1280 1294 1312 p.;
1322 1272 1435 1311 pyloni
1459 1281 1548 1304 corr.
1578 1289 1611 1295 -
1639 1274 1670 1304 8.
1695 1273 1859 1304 Albutium
1881 1274 1922 1305 29
1947 1275 1982 1306 et

233 1322 254 1356 4
277 1321 343 1354 alii.
373 1340 407 1345 —
435 1324 486 1355 42.
513 1333 535 1355 a
558 1325 676 1356 Siculis
699 1327 733 1357 et
756 1325 882 1358 deinde
907 1335 928 1357 a
944 1327 1060 1358 Sardis
1083 1326 1123 1359 42
1149 1329 1181 1358 et
1205 1326 1224 1359 4
1248 1326 1313 1359 alii.
1334 1345 1368 1349 —
1398 1327 1447 1359 44,
1474 1328 1535 1367 suit
1559 1337 1627 1359 om.
1648 1329 1749 1369 Lagg.
1769 1330 1909 1370 praeter
1924 1329 1978 1361 29.

237 1397 271 1402 —
298 1379 349 1410 49.
367 1379 530 1411 honestior
551 1384 596 1412 est
618 1389 721 1412 causa
743 1381 795 1413 29.
825 1383 903 1422 (non
928 1392 1029 1414 causa
1051 1386 1114 1421 est,
1141 1385 1177 1414 ut
1192 1383 1237 1414 ait
1253 1384 1300 1423 Z.)
1329 1401 1363 1405 —
1390 1384 1443 1414 ’27.
1466 1387 1612 1423 patrona
1634 1385 1674 1416 sit
1698 1384 1737 1416 42
1755 1392 1845 1417 corr.
1866 1386 1900 1416 et
1915 1385 1977 1417 29:

228 1437 368 1474 patrata
390 1435 431 1466 sit
452 1434 492 1467 42
509 1445 542 1477 p.
563 1438 597 1468 et
613 1438 630 1468 7
649 1437 732 1469 dett.
760 1438 838 1477 (non
862 1448 964 1470 causa
983 1442 1122 1479 patrata
1144 1440 1203 1477 sit;
1230 1438 1354 1471 fallitur
1378 1440 1469 1472 enim
1495 1440 1678 1479 on-danus,
1705 1450 1785 1472 cum
1810 1441 1857 1472 ait
1879 1450 1981 1472 causa

233 1492 267 1522 in
291 1490 374 1522 dett.
401 1491 571 1533 inveniri.)
599 1510 633 1515 —-
659 1492 711 1524 32.
737 1493 800 1534 cui]
824 1495 879 1532 qui
902 1495 955 1525 cui
978 1496 1008 1526 6.
1041 1495 1084 1527 es.
1110 1503 1214 1536 supra
1239 1504 1270 1527 v,
1297 1496 1328 1526 2.

318 1555 396 1588 pag.
423 1547 496 1579 418.
531 1557 563 1579 V.
591 1548 642 1579 46.
668 1549 714 1580 M.
739 1549 915 1588 Aquillium
940 1551 1042 1590 Lagg.
1068 1552 1209 1591 praeter
1233 1550 1291 1588 42,
1326 1551 1384 1591 qui
1408 1549 1491 1583 alias
1515 1560 1655 1592 quoque
1681 1561 1897 1593 praenomen
1921 1552 1981 1584 MR

233 1600 326 1634 solus
350 1603 517 1639 servavit;
543 1613 575 1634 v,
602 1605 675 1635 Act.
703 1605 726 1635 1.
753 1604 784 1645 S.
811 1604 841 1636 4.
871 1623 905 1626 —
932 1607 984 1637 22.
1009 1606 1119 1646 ferunt
1143 1607 1244 1645 Lagg.
1271 1608 1411 1646 praeter
1435 1606 1486 1638 42.
1515 1625 1549 1629 ——
1587 1608 1638 1639 28.
1664 1611 1693 1639 et
1716 1608 1981 1640 incontaminatis

232 1657 273 1689 29
296 1667 330 1699 p.
360 1675 394 1680 —
421 1659 472 1690 30.
498 1659 572 1690 hon.
598 1659 886 1700 integerrimosque
910 1662 961 1692 29.
990 1679 1025 1684 —
1052 1661 1104 1693 43.
1130 1662 1267 1700 requirit
1291 1670 1413 1692 omncs
1439 1664 1579 1703 praeter
1602 1662 1654 1695 42.

319 1722 396 1754 pag.
425 1714 497 1746 449.
522 1723 555 1745 v.
574 1715 604 1746 3.
625 1716 852 1755 praepositam
875 1716 927 1748 29.
949 1734 983 1738 ——
1014 1717 1044 1748 7.
1071 1717 1263 1757 singillatim
1287 1717 1392 1748 etiam
1408 1718 1461 1749 29.
1483 1736 1518 1739 —
1546 1718 1596 1749 42.
1619 1718 1738 1758 popule
1761 1719 1903 1750 Romane
1924 1719 1976 1750 29.

235 1785 270 1791 —
297 1770 349 1801 43.
374 1773 484 1801 nostro
508 1770 548 1801 29
573 1772 607 1802 et
629 1772 648 1802 5
673 1771 739 1802 alii.
770 1789 803 1793 —
830 1772 867 1803 ln
891 1772 931 1804 29
957 1774 1009 1804 est
1032 1773 1121 1805 haec
1144 1772 1376 1815 subscriptio:
1407 1774 1452 1805 M.
1480 1774 1574 1805 Tullii
1598 1774 1760 1806 Ciceronis
1782 1775 1820 1806 de
1843 1783 1980 1806 accusa-

231 1829 300 1858 tore
322 1826 402 1858 tiber
419 1826 551 1869 primus
572 1826 717 1868 explicit.

899 1946 965 1983 AD
992 1946 1253 1984 ACTIONEM
1282 1947 1311 1982 Ι.

317 2047 518 2088 Inscriptio:
552 2047 667 2086 Incipit
689 2047 844 2078 secundus
867 2046 926 2085 293
963 2047 1030 2078 Ine.
1055 2047 1197 2078 secunda
1221 2048 1258 2079 4;
1283 2047 1534 2078 Accusationum
1559 2048 1589 2078 in
1617 2048 1650 2079 C.
1679 2049 1811 2080 Verrem
1834 2048 1914 2080 liber
1935 2049 1976 2080 II.

231 2104 261 2135 5.
288 2103 318 2134 6.
344 2103 397 2134 ’27.
423 2102 484 2140 45,
521 2102 743 2134 Accusationis
774 2103 807 2133 in
835 2103 869 2134 C.
900 2103 1030 2133 Verrem
1059 2103 1144 2133 actio
1172 2103 1197 2133 I.
1230 2101 1287 2134 42:
1327 2102 1365 2134 44
1396 2104 1428 2133 et
1456 2102 1496 2134 48
1526 2103 1748 2144 inscriptione
1781 2106 1910 2135 carent.
1940 2122 1973 2128 —

232 2160 283 2190 49.
309 2159 397 2190 Dicit
422 2158 516 2190 Nieb.
543 2159 576 2190 in
600 2159 755 2198 margine
779 2157 887 2189 verba
912 2167 1002 2198 quae
1036 2157 1235 2198 exemplum
1261 2160 1373 2189 Garat.
1408 2158 1513 2189 habet
1544 2160 1688 2190 «Rornae
1715 2160 1768 2190 sect
1797 2163 1827 2190 et
1859 2160 1947 2199 apud
1960 2172 1974 2187 n
1991 2173 2001 2186 ο

231 2214 355 2246 deesse
382 2215 413 2246 in
437 2215 489 2246 29.
515 2214 567 2246 42.
593 2214 646 2246 48.
674 2215 834 2254 (etiamne
860 2215 948 2253 apud
959 2214 1005 2253 7),
1031 2216 1066 2245 et
1082 2215 1192 2254 pergit
1209 2214 1355 2245 deinde:
1384 2214 1503 2245 «deest
1520 2215 1553 2245 in
1571 2216 1589 2246 6
1606 2214 1787 2256 reliquis»,
1814 2215 1875 2247 sed
1895 2215 1976 2256 quid

232 2271 263 2302 in
289 2270 341 2301 his
365 2270 455 2302 desit
479 2270 565 2310 (sort.
592 2269 704 2301 solum
728 2271 865 2308 Romae,
893 2271 948 2301 eui
973 2269 1061 2301 linea
1086 2270 1177 2310 apud
1199 2270 1296 2302 Nieb.
1316 2269 1488 2302 subducta
1506 2271 1589 2310 est),
1617 2280 1684 2302 non
1702 2270 1890 2302 indicatum
1909 2273 1971 2303 est..

231 2326 409 2358 Habemus
433 2327 534 2366 igitur
556 2326 624 2357 hoe
648 2325 722 2357 loeo
748 2334 921 2364 errorem,
949 2326 1006 2366 qui
1031 2327 1093 2357 nisi
1119 2327 1274 2367 inspecto
1300 2328 1468 2367 apparatu
1492 2328 1631 2367 Lagom.
1651 2329 1746 2358 certe
1764 2327 1886 2367 corrigi
1908 2336 1976 2359 non

230 2383 356 2424 potest..
385 2400 420 2405 -
447 2383 500 2413 20.
521 2382 725 2421 percrebruit
749 2383 802 2413 est
825 2382 857 2413 in
884 2382 913 2413 4.
942 2382 993 2413 29.
1020 2381 1073 2413 42.
1100 2382 1152 2414 48.

315 2446 393 2479 pag.
421 2439 493 2470 420.
520 2447 553 2469 v.
579 2437 610 2470 4.
636 2447 677 2469 ac
697 2438 793 2478 sactis
815 2437 866 2469 42.
894 2454 928 2460 -
956 2439 986 2469 5.
1012 2447 1066 2478 spe
1089 2442 1118 2470 ct
1136 2439 1253 2478 praed.
1280 2440 1384 2470 etiam
1408 2438 1460 2470 29.
1483 2455 1517 2460 -
1546 2439 1597 2470 44.
1623 2439 1707 2470 iuris
1728 2439 1848 2470 urbani
1871 2440 1974 2481 Lagg.

231 2503 371 2533 omnes,
399 2502 489 2534 quae
513 2494 692 2526 verissima
717 2493 818 2525 lectio
843 2493 886 2525 ab
912 2493 1060 2525 Iordane
1084 2494 1232 2535 relinqui
1256 2503 1323 2526 non
1349 2494 1512 2526 debebat.
1550 2513 1585 2517 ——
1619 2496 1669 2527 45.
1696 2495 1729 2526 111
1753 2494 1870 2526 adnot.
1896 2498 1975 2528 ante

229 2550 358 2581 iudiciis
380 2558 546 2582 numerus
570 2551 610 2581 45
635 2549 817 2581 addendus
843 2551 911 2588 est,
938 2559 1017 2581 cum
1042 2551 1213 2591 pertineat
1236 2549 1337 2582 leetio
1362 2551 1564 2591 discrepans
1589 2550 1633 2582 ad
1655 2559 1732 2582 voe.
1752 2551 1920 2583 iudicibus.
1938 2569 1973 2574 —

232 2607 283 2637 47.
309 2606 489 2638 devitarem
510 2605 551 2637 29
575 2614 608 2647 p.
629 2606 659 2637 6.
689 2623 723 2628 —
750 2606 802 2637 23.
828 2604 883 2637 Μ’.
907 2605 948 2637 42
973 2605 1088 2638 solus:
1114 2608 1160 2638 M.
1186 2606 1258 2638 rell.
1281 2625 1315 2629 —
1345 2606 1397 2638 24.
1423 2606 1605 2637 conabatur
1629 2608 1730 2647 Lagg.
1756 2608 1895 2647 praeter
1918 2608 1973 2639 29.

233 2680 268 2685 —
294 2663 347 2694 25.
373 2663 527 2702 eripuisse
550 2662 654 2693 etiam
672 2661 724 2692 29.
746 2679 780 2683 —
807 2662 859 2692 27.
886 2670 985 2701 quam
1008 2665 1052 2692 est
1073 2663 1190 2693 audac
1213 2662 1252 2693 29
1276 2670 1330 2702 p.:
1359 2671 1442 2693 num
1466 2665 1510 2693 est
1535 2662 1638 2694 etiam
1660 2664 1741 2693 ante
1766 2663 1810 2693 ad
1832 2662 1973 2700 haheat,

230 2719 416 2759 ignoratur.
445 2734 480 2740 —
507 2717 559 2749 32.
585 2720 782 2756 conatusque
805 2726 874 2749 om.
902 2717 942 2748 29
964 2726 998 2759 p.
1027 2718 1105 2757 (non
1129 2717 1235 2749 habet
1258 2717 1461 2758 Zumptius.)
1481 2735 1515 2739 —
1538 2717 1691 2757 patefecit
1714 2718 1815 2758 Lagg.
1834 2719 1974 2759 praeter

230 2774 260 2806 6.
286 2773 338 2806 48.
366 2791 401 2796 -
429 2773 481 2805 34.
508 2773 608 2804 veteri
630 2773 682 2804 29.

316 2838 394 2871 pag.
421 2830 495 2861 424.
528 2837 560 2859 v.
586 2829 617 2860 2.
649 2828 694 2860 ad
724 2827 906 2861 lectionem
939 2830 971 2860 in
995 2829 1143 2861 Siciliam
1174 2829 1358 2869 inquirendi
1382 2830 1416 2860 et
1440 2828 1566 2861 deinde
1591 2830 1624 2860 in
1646 2829 1805 2861 Achaiam
1827 2828 1908 2861 nihil
1932 2838 1974 2861 ex

230 2887 331 2926 Lagg.
359 2887 515 2917 notatum
540 2885 593 2916 est
616 2885 679 2916 nisi
704 2894 744 2916 ex
769 2886 827 2916 29:
862 2886 926 2925 inq.
953 2887 986 2917 in
1010 2886 1097 2924 δίας
1126 2885 1289 2917 videntur
1317 2885 1417 2925 igitur
1440 2894 1562 2917 omnes
1586 2886 1803 2917 accusativos
1827 2885 1971 2917 habere.

232 2960 267 2965 -
293 2941 325 2974 4.
351 2941 378 2972 is
401 2949 470 2973 om.
497 2942 598 2981 Lagg.
624 2943 763 2982 praeter
786 2942 838 2973 29.
871 2960 906 2964 —
940 2943 969 2973 6.
996 2942 1061 2974 Sic.
1082 2951 1144 2981 per
1167 2945 1268 2973 totam
1290 2942 1331 2972 29
1355 2949 1387 2982 p.
1425 2959 1458 2963 -—
1493 2942 1524 2973 8.
1550 2945 1653 2981 posset
1678 2943 1781 2973 etiam
1805 2942 1906 2981 Lagg.
1935 2959 1970 2962 —-

231 2998 282 3029 44.
308 3001 343 3029 ut
367 3005 436 3028 om.
462 2998 514 3028 29.
537 3015 571 3019 —
599 2998 650 3028 45.
676 3001 745 3028 tam
769 3006 838 3028 om.
864 2999 966 3038 Lagg.
992 3000 1133 3039 praeter
1156 2998 1208 3029 29.
1230 3015 1263 3019 —
1293 2998 1342 3028 46.
1369 2997 1452 3038 cum]
1480 2998 1509 3028 in
1535 2998 1575 3029 29
1599 3007 1632 3038 p.
1655 3015 1689 3019 ——
1717 2997 1767 3028 47.
1794 2997 1896 3037 bonis]
1918 3006 1973 3029 re—

230 3053 286 3084 bus
309 3053 349 3085 29
373 3062 407 3094 p.
429 3071 462 3075 -
488 3053 541 3084 20.
567 3061 632 3084 sese
655 3062 724 3085 om.
743 3054 784 3084 29
800 3062 833 3094 p.
855 3071 889 3075 -—
917 3054 970 3085 23.
997 3055 1024 3085 si
1046 3055 1124 3093 non]
1147 3054 1213 3085 sine
1228 3053 1269 3084 29
1286 3062 1318 3094 p.
1341 3069 1375 3074 —
1403 3054 1455 3084 26.
1482 3054 1671 3093 &imeretur
1686 3053 1738 3084 29.
1759 3070 1794 3074 —
1821 3053 1872 3084 30.
1894 3062 1974 3093 pro-

227 3110 323 3150 ficere
345 3109 385 3140 29
402 3108 516 3148 solus,
542 3107 614 3140 rell.
637 3111 806 3150 perficere.
828 3128 862 3132 —-
888 3110 946 3141 hoc
971 3110 1050 3149 (om.
1073 3109 1237 3149 praetore)
1263 3108 1303 3139 29
1320 3118 1352 3149 p.
1380 3108 1427 3148 (ut
1445 3110 1615 3149 csti11;);
1641 3109 1699 3140 hoc
1716 3108 1891 3140 Glabrione
1906 3107 1969 3147 423

230 3165 287 3195 hoc
311 3164 423 3196 Glabr.
443 3168 552 3204 praet.
580 3163 652 3196 rell.
692 3183 726 3186 —
764 3166 816 3196 34.
840 3174 917 3205 pop.
943 3166 1033 3197 Rom.
1060 3167 1161 3205 Lagg.
1197 3182 1232 3186 —
1271 3165 1321 3196 36.
1355 3167 1412 3195 aut
1441 3166 1535 3204 copia
1566 3165 1670 3196 etiam
1700 3164 1760 3203 29,
1798 3166 1905 3196 reete.
1933 3182 1969 3186 -

230 3220 282 3251 36.
308 3221 492 3251 conuictam
514 3220 574 3258 42,
600 3221 782 3252 coniuctani
806 3221 862 3258 29;
889 3222 1096 3252 coniunctam
1119 3219 1192 3252 reli.

316 3284 392 3316 pag.
421 3277 494 3307 422.
519 3285 552 3307 v.
572 3277 601 3307 4.
623 3277 724 3315 possit
747 3277 846 3317 Lagg.
869 3294 903 3298 -
931 3277 961 3308 6.
988 3280 1017 3308 et
1040 3285 1109 3308 om.
1128 3276 1180 3307 29.
1202 3293 1236 3298 —-
1263 3275 1293 3306 7.
1315 3276 1479 3315 plurimas
1501 3276 1587 3307 sedes
1607 3274 1702 3306 urbes
1718 3275 1770 3306 29.
1791 3293 1825 3297 —
1852 3275 1883 3307 8.
1902 3278 1970 3306 tum

229 3339 302 3362 cum
325 3332 427 3372 Lagg.
452 3333 592 3375 praeter
614 3333 645 3366 5.
670 3332 722 3364 27.
758 3349 795 3357 -·
826 3341 920 3365 suum
949 3333 1051 3365 scetus
1080 3333 1160 3364 iilud
1190 3340 1311 3364 omnes
1334 3333 1475 3373 praeter
1497 3331 1548 3363 42.
1577 3349 1611 3353 —
1639 3332 1669 3362 9.
1694 3331 1748 3363 cui
1770 3335 1799 3363 et
1820 3331 1963 3372 legatus,
