2127 3708
242 243 296 283 46
627 243 824 285 ORATIO
855 244 957 285 PRO
991 245 1106 285 SEX.
1135 244 1328 286 ROSCIO
1356 246 1596 287 AMERINO

244 367 367 408 quam
399 354 712 409 Chrysogonum
742 357 975 396 nominavi:
1008 370 1131 409 quem
1161 357 1284 396 simul
1314 363 1440 410 atque
1461 358 1598 410 attigi,
1629 357 1766 397 statim
1787 358 1911 399 homo
1934 373 1977 398 se

244 417 396 464 erexit,
426 418 565 457 mirari
587 418 700 458 visus
723 424 796 458 est.
836 419 1049 464 Intellexi,
1082 418 1181 471 quid
1204 432 1297 457 eum
1319 420 1575 471 pupugisset.
1615 420 1769 458 Iterum
1789 433 1836 459 ac
1858 421 1977 460 tertio

242 480 466 520 nominavi.
510 481 659 519 Postea
688 480 876 519 homines
907 493 1071 519 cursare
1102 479 1210 518 ultro
1242 485 1282 519 et
1313 481 1414 519 citro
1436 495 1520 520 non
1542 482 1808 521 destiterunt:
1843 482 1978 527 credo,

242 542 313 594 qui
346 542 615 595 Chrysogono
646 543 886 581 nuntiarent
915 555 1004 581 esse
1036 542 1217 594 aliquem
1249 542 1291 580 in
1323 542 1510 589 civitate,
1553 544 1625 596 qni
1660 548 1803 582 contra
1832 543 1978 582 volun-

211 608 366 642 statem
412 604 500 643 eius
538 604 674 643 dicere
719 605 912 651 auderet;
955 604 1076 643 aliter
1118 616 1284 643 causam
1328 604 1393 655 agi
1432 609 1559 657 atque
1603 606 1673 644 ille
1705 605 1979 651 existimaret,

241 666 391 718 aperiri
421 666 625 705 bonorum
657 667 935 718 emptionem,
965 666 1106 706 vexari
1136 665 1315 717 pessime
1343 665 1601 714 societatem,
1633 668 1805 719 gratiam
1835 672 1981 719 poten—

241 728 424 781 tiamque
455 729 544 767 eius
574 728 749 781 negligi,
782 727 940 767 iudices
972 728 1190 778 diligenter
1219 728 1452 774 attendere,
1484 729 1640 781 populo
1663 743 1747 768 rem
1770 728 1980 781 indignam

241 789 384 829 videri.
435 787 499 829 Gi.
532 790 648 838 Quae
672 791 869 843 quoniam
892 795 930 829 te
951 790 1209 837 fefellerunt,
1241 789 1388 835 Eruci,
1419 791 1703 845 quoniamque
1726 790 1841 830 vides
1864 804 1982 830 versa

243 866 333 892 esse
364 853 528 901 omnia;
560 866 724 891 causam
756 865 831 904 pro
864 852 959 891 Sex.
989 853 1164 898 Roscio,
1196 851 1230 891 si
1261 864 1345 890 non
1378 852 1615 900 commode,
1646 859 1688 892 at
1716 853 1846 892 libere
1878 853 1980 899 dic.i;

192 923 227 952 4ο
244 929 367 968 quem
398 915 493 954 dedi
524 914 718 967 putabas,
757 913 923 953 defendi
956 914 1175 966 intelligis;
1218 927 1322 967 quos
1355 913 1577 953 tradituros
1609 916 1822 967 sperabas,
1865 916 1980 955 vides

241 977 446 1016 iudicare:
477 976 648 1016 restitue
679 975 798 1014 nobis
829 976 1053 1029 aliquando
1076 981 1259 1015 veterem
1290 981 1402 1015 tuam
1432 976 1544 1015 illam
1567 977 1834 1017 calliditatem
1855 983 1979 1031 atque

240 1038 522 1091 prudentiam,
554 1044 623 1078 aut
653 1036 848 1077 confitere
879 1045 913 1078 te
942 1039 1023 1078 huc
1055 1052 1103 1078 ea
1133 1051 1205 1091 spe
1227 1038 1410 1086 venisse,
1442 1038 1553 1091 quod
1579 1044 1746 1091 putares
1766 1040 1834 1080 hic
1856 1040 1981 1079 latro-

243 1101 416 1147 cinium,
448 1114 529 1140 non
562 1100 763 1139 iudicium
793 1100 990 1141 futurum.

353 1164 412 1202 De
454 1162 676 1215 parricidio
719 1176 844 1202 causa
883 1163 1055 1203 dicitur:
1100 1164 1204 1203 ratio
1236 1165 1286 1204 ab
1317 1168 1556 1203 accusatore
1588 1164 1750 1204 reddita
1779 1177 1864 1204 non
1896 1171 1979 1211 est,

192 1235 227 1265 45
243 1239 365 1279 quam
409 1225 461 1264 ob
503 1237 668 1265 causam
708 1230 867 1278 patrem
898 1224 1005 1264 filius
1037 1225 1247 1265 occiderit.
1308 1224 1373 1263 62.
1406 1225 1528 1273 Quod
1560 1226 1602 1265 in
1632 1226 1812 1265 minimis
1844 1227 1980 1266 noxiis

242 1294 283 1327 et
312 1289 354 1328 in
383 1288 448 1328 his
478 1288 703 1327 levioribus
734 1288 936 1340 peccatis,
969 1300 1074 1340 quae
1106 1288 1236 1339 magis
1258 1287 1399 1326 crebra
1425 1292 1465 1326 et
1486 1288 1565 1325 iam
1587 1301 1717 1340 prope
1739 1288 1982 1341 quotidiana

242 1356 358 1398 sunt,
391 1350 568 1390 maxime
600 1355 640 1389 et
670 1350 847 1403 primum
880 1350 1112 1403 quaeritur,
1145 1362 1251 1403 quae
1283 1362 1406 1389 causa
1427 1344 1620 1389 maleficii
1640 1349 1787 1398 fuerit,
1818 1350 1858 1390 id
1879 1351 1982 1390 Eru-

243 1414 331 1453 cius
361 1413 403 1452 in
433 1412 658 1465 parricidio
690 1412 834 1465 quaeri
864 1425 949 1451 non
979 1417 1097 1465 putat
1127 1418 1331 1466 oportere.
1390 1413 1436 1451 In
1468 1425 1551 1465 quo
1583 1412 1761 1460 scelere,
1802 1412 1981 1460 iudices,

242 1477 365 1516 etiam
395 1489 488 1515 cum
519 1475 671 1514 multae
703 1488 852 1515 causae
885 1475 1131 1515 convenisse
1161 1489 1290 1515 unum
1320 1474 1362 1513 in
1384 1474 1521 1514 locum
1543 1480 1669 1528 atque
1690 1474 1797 1514 inter
1819 1488 1861 1515 se
1884 1488 1982 1515 con-

191 1547 228 1576 ΞΟ
242 1550 388 1592 gruere
427 1536 641 1584 videntur,
685 1542 819 1576 tamen
859 1551 942 1576 non
974 1542 1125 1576 temere
1157 1538 1340 1577 creditur
1370 1550 1504 1589 neque
1538 1537 1617 1576 levi
1649 1537 1888 1577 coniectura
1916 1551 1981 1577 res

241 1601 438 1656 penditur
467 1613 603 1653 neque
635 1600 750 1639 testis
782 1600 963 1639 incertus
993 1599 1160 1638 auditur
1189 1612 1325 1652 neque
1355 1599 1605 1638 accusatoris
1636 1599 1804 1651 ingenio
1833 1613 1899 1639 res
1920 1599 1983 1638 iu—

243 1665 414 1703 dicatur.
476 1662 577 1701 Cum
619 1662 747 1701 multa
785 1668 906 1701 antea
937 1662 1157 1702 commissa
1187 1660 1404 1707 maleficia,
1444 1675 1535 1700 cum
1566 1662 1650 1700 vita
1678 1662 1859 1702 hominis
1890 1675 1982 1715 per·

243 1726 466 1772 ditissima,
499 1730 583 1765 tum
615 1725 834 1777 singularis
865 1725 1040 1765 audacia
1070 1725 1313 1765 ostendatur
1342 1737 1510 1764 necesse
1534 1729 1617 1770 est,
1650 1737 1786 1777 neque
1809 1724 1981 1764 audacia

242 1789 398 1836 solum,
431 1787 503 1827 sed
535 1801 719 1827 summus
751 1786 867 1826 furor
897 1793 1022 1840 atque
1053 1788 1246 1827 amentia.
1292 1787 1405 1826 Haec
1436 1800 1527 1825 cum
1550 1787 1633 1826 sint
1653 1786 1811 1834 omnia,
1843 1792 1981 1827 tamen

192 1856 229 1887 25
243 1857 406 1894 exstent
436 1855 601 1904 oportet
631 1862 827 1902 expressa
858 1850 1026 1889 sceleris
1058 1850 1251 1902 vestigia,
1290 1849 1383 1897 ubi,
1415 1862 1496 1902 qua
1527 1849 1707 1896 ratione,
1747 1863 1822 1901 per
1851 1862 1979 1902 quos,

241 1928 326 1970 quo
366 1919 551 1966 tempore
596 1909 843 1951 maleficium
882 1912 935 1951 sit
970 1911 1210 1951 admissum.
1273 1911 1389 1959 Quae
1424 1911 1504 1950 nisi
1535 1911 1664 1950 multa
1694 1916 1735 1950 et
1763 1911 1982 1951 manifesta

241 1982 355 2023 sunt,
385 1975 572 2028 profecto
603 1988 668 2013 res
700 1979 781 2013 tam
803 1974 999 2020 scelesta,
1032 1979 1114 2013 tam
1135 1978 1273 2021 atrOX,
1306 1978 1387 2012 tam
1410 1973 1566 2013 nefaria
1587 1973 1698 2013 credi
1721 1986 1806 2012 non
1826 1977 1977 2026 potest.

241 2039 305 2080 63,
336 2040 484 2091 Magna
515 2042 578 2077 est
607 2036 716 2075 enim
742 2037 803 2076 vis
834 2036 1126 2082 humanitatis;
1159 2035 1333 2075 multum
1355 2036 1465 2075 valet
1485 2036 1721 2075 communio
1744 2035 1979 2088 sanguinis;

239 2101 470 2143 reclamitat
499 2098 735 2139 istiusmodi
768 2098 1076 2151 suspicionibus
1106 2098 1197 2150 ipsa
1226 2103 1394 2145 natura3
1438 2103 1678 2151 portentum
1709 2104 1834 2152 atque
1866 2112 1983 2138 mon-

191 2169 227 2198 30
241 2170 370 2205 strum
401 2161 677 2202 certissimum
708 2166 769 2199 est
800 2174 890 2199 esse
921 2161 1105 2214 aliquem
1124 2160 1306 2199 humana
1327 2160 1465 2212 specie
1489 2166 1529 2199 et
1550 2158 1698 2212 ligura,
1731 2161 1802 2214 qui
1823 2165 1980 2200 tantum

241 2225 495 2267 immanitate
533 2223 688 2262 bestias
725 2223 889 2269 vicerit,
936 2228 1003 2269 ut,
1048 2227 1218 2274 propter
1255 2235 1360 2274 quos
1392 2222 1499 2261 hanc
1531 2223 1816 2262 suavissimam
1847 2222 1979 2261 lucem

241 2287 469 2342 aspexerit,
501 2299 572 2325 eos
602 2284 892 2337 indignissime
924 2285 1014 2323 luce
1040 2283 1229 2336 privarit,
1261 2296 1353 2322 cum
1376 2284 1499 2324 etiam
1520 2283 1626 2324 seras
1649 2284 1756 2324 inter
1776 2297 1865 2324 sese
1887 2297 1979 2337 par-

241 2356 306 2391 tus
336 2355 462 2403 atque
495 2347 685 2388 educatio
720 2351 760 2386 et
789 2351 936 2386 natura
964 2346 1056 2398 ipsa
1087 2346 1291 2386 conciliet.

328 2468 357 2498 2.
384 2465 467 2507 eum]
492 2465 575 2497 enim
593 2466 630 2495 G.
653 2482 687 2486 -
709 2464 897 2504 pupuyisset
921 2472 989 2502 ac,
1017 2463 1204 2495 Diomedes
1228 2472 1260 2504 p.
1280 2462 1362 2495 364:
1386 2464 1568 2504 pepugisset
1585 2465 1609 2495 G
1624 2465 1654 2495 M
1669 2465 1713 2501 C,
1740 2463 1839 2495 codd.
1859 2463 1977 2495 Lamb.

237 2518 284 2557 (v.
310 2515 391 2548 Gell.
418 2517 456 2547 N.
487 2517 553 2547 Att.
579 2516 648 2546 VII.
674 2515 736 2553 9.);
769 2515 940 2555 pepigisset
969 2523 1000 2544 v.
1038 2532 1070 2536 —
1109 2515 1138 2545 3.
1168 2515 1254 2545 ultro
1282 2516 1311 2544 et
1339 2514 1420 2544 citro
1454 2513 1555 2545 codd.
1586 2513 1727 2545 Tulliani
1757 2515 1791 2544 et
1818 2514 1979 2546 Prisciani

242 2567 320 2607 (XV.
347 2566 390 2603 3.)
416 2567 601 2606 apparatus
626 2565 818 2596 Hertziani:
847 2565 933 2595 ultro
963 2564 1106 2603 citroque
1130 2565 1233 2595 Prisc.
1261 2562 1315 2594 ed.
1342 2562 1454 2594 Krchl.
1481 2572 1513 2604 p.
1536 2563 1624 2601 622,
1651 2572 1739 2604 quac
1765 2561 1980 2603 interpolatio

241 2626 282 2648 ex
306 2615 439 2653 verbiS,
466 2624 554 2655 quae
580 2614 671 2656 apud
696 2615 800 2646 Prisc.
829 2613 1044 2655 praecedunt
1068 2614 1170 2644 «unde
1193 2613 1312 2644 dicitur
1334 2613 1418 2643 ultro
1435 2613 1598 2651 vitroque»
1623 2615 1697 2644 orta
1716 2614 1778 2643 cst.
1800 2630 1834 2635 —
1860 2612 1890 2644 4.
1917 2613 1981 2643 ali-

241 2675 334 2706 quem
357 2674 421 2697 esse
442 2674 482 2701 νς
510 2673 578 2696 om.
605 2672 670 2695 esse
693 2665 737 2701 G,
764 2665 799 2694 ut
824 2662 924 2694 lectio
948 2672 968 2693 v
988 2671 1071 2694 vera
1088 2663 1255 2694 videatur.
1277 2680 1309 2683 —
1337 2663 1368 2692 in
1394 2662 1555 2693 civilatem
1573 2664 1614 2699 G,
1642 2664 1688 2693 st.
1708 2663 1793 2694 Υἱοὶ.
1815 2680 1850 2685 -
1876 2663 1907 2694 5.
1926 2663 1981 2703 aqi

241 2715 348 2756 atque]
375 2719 472 2754 atque
494 2714 590 2745 aliter
613 2716 649 2744 G.
680 2730 712 2734 —
741 2713 770 2744 6.
796 2714 1005 2753 9]·αίι”αηι(μιο
1029 2714 1064 2742 G.
1095 2730 1128 2733 ——
1168 2713 1199 2744 7.
1225 2713 1292 2744 eius
1314 2720 1382 2742 om.
1409 2713 1446 2742 G.
1475 2730 1509 2734 —
1536 2712 1565 2743 8.
1593 2712 1747 2750 quoniam
1768 2712 1855 2742 vides
1879 2712 1914 2743 C.
1943 2730 1978 2734 ——

241 2766 271 2797 9.
297 2765 342 2806 ae]
368 2773 407 2795 ac
430 2773 466 2801 νς
494 2767 589 2803 atque
614 2764 650 2793 G.
679 2780 713 2783 —
741 2763 792 2793 40.
821 2762 969 2802 intelligis
993 2763 1026 2793 et
1050 2762 1175 2794 deinde
1198 2763 1285 2793 vides
1300 2762 1451 2793 Buechn.
1479 2762 1576 2793 uncis
1594 2761 1730 2793 inclusit
1746 2761 1788 2792 de
1806 2761 1884 2792 Ern.
1905 2769 1982 2792 sen-

241 2816 357 2847 tentia.
396 2813 483 2845 «Sed
513 2813 595 2844 scita
626 2813 679 2843 est
703 2812 872 2852 oppositio
897 2813 946 2843 sic
970 2812 1172 2852 partienda:
1208 2812 1294 2843 rides
1316 2820 1411 2842 versa
1434 2820 1498 2843 esse
1521 2812 1654 2842 omnia:
1689 2820 1769 2842 nam
1794 2810 1822 2849 a)
1847 2819 1980 2841 causam

241 2865 337 2896 libere
360 2865 441 2902 dici,
467 2872 559 2903 quem
576 2862 647 2893 dedi
666 2861 818 2901 putabas,
846 2861 971 2901 defendi
994 2861 1213 2901 ιἠίοῑίἰῃίες
1240 2861 1273 2900 1))
1291 2870 1368 2901 quos
1384 2862 1563 2891 tradituros
1579 2861 1746 2900 sperabas,
1771 2860 1884 2891 vides
1898 2860 1981 2890 iudi-

241 2923 339 2946 care:
366 2915 397 2945 in
422 2921 526 2954 quam
550 2910 775 2952 interpolator
798 2912 851 2942 vix
877 2911 1087 2943 incidisset.»
1114 2912 1219 2942 01³2.
1246 2912 1369 2942 Contra
1395 2910 1614 2941 (iliemannus
1639 2910 1767 2950 (Archiv
1789 2909 1844 2949 sur
1867 2909 1977 2940 Philol.

240 2974 274 2995 u.
299 2964 421 3004 Pa'day.
449 2963 502 2994 xl.
530 2971 563 3003 p.
588 2961 674 2998 59¹.)
707 2970 761 2992 vv.
787 2969 922 2992 causam
945 2978 995 2983 --
1019 2961 1081 2991 clici
1104 2969 1166 3001 pro
1191 2960 1315 3001 spuriis
1340 2959 1456 2990 habet.
1478 2978 1512 2982 —
1541 2961 1590 2991 12,
1615 2963 1673 2991 aut
1695 2960 1845 2999 confitere
1867 2957 1906 2998 te]
1931 2958 1979 2989 sic

242 3015 265 3045 L
299 3023 338 3045 ex
369 3014 503 3044 Hotom.
532 3010 797 3042 emendatione:
831 3014 888 3041 aut
917 3012 951 3041 et
981 3013 1009 3041 te
1040 3018 1108 3041 om.
1136 3009 1236 3041 codd.
1263 3010 1298 3041 Ο.
1338 3008 1451 3047 Qualis
1482 3010 1559 3041 insit
1583 3009 1751 3040 sententia
1775 3008 1809 3039 in
1831 3005 1979 3038 lectione

241 3062 390 3102 vulgari,
417 3059 489 3093 aliis
514 3059 825 3092 demonstrandum
849 3058 1017 3099 relinquo.
1041 3077 1075 3082 —-
1102 3060 1152 3090 45.
1174 3059 1282 3090 noxiis
1298 3059 1321 3089 G
1336 3059 1366 3089 M
1381 3068 1403 3095 χ
1418 3064 1535 3098 ψγᾶ,
1561 3059 1578 3089 3
1596 3060 1704 3095 Parr..
1730 3058 1820 3089 Crat.
1840 3064 1976 3096 margo:

240 3113 337 3143 noris
361 3113 432 3148 Lc.
470 3112 544 3142 Par.
570 3110 600 3140 7.
627 3110 656 3140 8.
687 3126 720 3131 —
756 3110 807 3141 47.
833 3109 978 3140 maxime
1000 3117 1074 3140 vc:
1111 3109 1144 3139 id
1166 3108 1312 3139 manime
1342 3116 1360 3138 a
1390 3110 1423 3138 et
1455 3107 1556 3139 codd.
1590 3108 1670 3139 noti.
1719 3106 1887 3138 «Librarii
1917 3113 1981 3146 per

241 3158 433 3202 ἁβλεψίαν
456 3161 522 3192 iam
546 3160 601 3191 hic
625 3154 809 3190 ἀπόδοσιν
834 3160 986 3199 incipere
1011 3157 1275 3199 opinabantur.»
1300 3157 1357 3187 On.
1376 3157 1406 3187 2.
1428 3174 1461 3177 —
1488 3158 1521 3187 in
1544 3156 1701 3197 maleficio
1723 3164 1756 3186 v.
1779 3172 1813 3177 —
1838 3154 1890 3186 48.
1915 3163 1980 3184 non

237 3216 335 3252 putat
357 3212 390 3242 in
411 3219 506 3251 parr.
533 3217 563 3248 Q.
589 3218 640 3248 op.
659 3218 689 3240 a.
712 3227 746 3232 —
772 3209 824 3239 -22,
850 3218 924 3240 cum
945 3209 1013 3239 vita
1038 3208 1156 3244 GMv,
1181 3208 1200 3238 5
1217 3207 1316 3238 Oxx.:
1343 3209 1409 3236 tum
1431 3207 1500 3237 vita
1524 3207 1548 3237 Ο
1563 3215 1624 3237 ac.
1647 3223 1679 3230 -
1707 3204 1759 3236 24.
1785 3207 1893 3235 tamen
1908 3210 1977 3234 om.

243 3263 280 3293 G.
310 3279 342 3284 —
370 3262 422 3292 ⁶25.
448 3259 573 3291 sceleris
593 3261 671 3289 vest.
696 3266 790 3297 αρν.
818 3259 882 3290 Ml.
910 3275 944 3279 -
981 3258 1034 3289 26.
1060 3257 1099 3297 el]
1125 3266 1164 3288 ac
1187 3266 1218 3288 v.
1247 3273 1281 3277 —
1317 3255 1369 3286 ⁶29.
1402 3256 1560 3287 reclamat
1586 3256 1632 3287 Ml
1663 3256 1698 3286 et
1720 3254 1914 3285 Victorinus
1937 3251 1980 3283 ad

244 3312 314 3344 Cic.
341 3310 383 3342 de
408 3311 478 3341 Inv.
504 3309 543 3340 ll.
569 3309 620 3340 45.
657 3308 699 3348 (p.
728 3307 787 3339 ⁴33
813 3308 881 3348 Or.)
906 3306 1006 3349 prob.
1034 3308 1146 3339 Garat.
1165 3307 1198 3339 ⁶3.
1223 3323 1258 3329 --
1284 3305 1335 3338 30.
1363 3305 1477 3345 aliqua
1499 3314 1530 3336 v.
1553 3323 1588 3328 —
1614 3304 1665 3335 32.
1687 3303 1869 3344 privaverit
1889 3310 1921 3333 V.
1943 3318 1978 3323 —-

244 3360 297 3394 33.
322 3363 418 3400 acque
441 3367 510 3391 om.
537 3358 683 3391 CHSa.
