2175 3718
473 219 564 260 Lm.
596 219 626 259 1.
667 217 763 259 eff.
794 217 1242 260 xxxw-xxxw.
1283 216 1357 272 §§·
1387 215 1582 260 85—911.
1836 216 1918 260 457

163 332 214 371 de
245 331 378 372 classe
407 331 553 385 populi
582 330 778 378 Romani,
824 343 949 384 quam
989 330 1063 370 tibi
1094 329 1257 370 Milesia
1288 329 1455 378 civitas,
1495 335 1542 370 ut
1572 336 1610 371 te
1641 344 1918 385 prosequere-

163 398 245 442 tur,
286 394 492 441 dedisset,
530 406 656 433 ausus
687 406 730 433 es
761 393 976 433 vendere?
1036 393 1080 432 Si
1111 397 1150 432 te
1181 392 1425 444 magnitudo
1456 391 1673 440 maleficii,
1715 394 1748 434 si
1781 394 1918 433 homi-

161 470 260 496 num
291 455 543 496 existimatio
574 468 659 494 non
691 455 909 502 movebat,
941 468 992 495 ne
1023 454 1127 494 illud
1150 454 1320 507 quidem
1350 454 1585 507 cogitabaS,
1615 455 1740 496 huius
1763 457 1918 510 impro-

160 518 321 559 bissimi
361 517 460 558 furti
498 517 585 558 sive
625 516 731 557 adeo
763 517 945 556 nefariae
978 517 1156 569 praedae
1188 522 1269 556 tani
1302 516 1508 556 illustrem
1540 530 1588 557 ac
1620 522 1703 557 tam
1733 519 1915 559 nobilem

161 582 370 621 civitatem
400 584 547 620 testem
576 579 792 619 futuram?
851 578 916 618 88.
948 579 1011 618 An
1043 579 1143 632 quia
1174 584 1260 618 tum
1294 578 1365 618 Cn.
1387 579 1607 619 Dolabella
1632 580 1674 619 in
1697 593 1812 627 eum,
1844 581 1915 633 qui
1949 594 1967 624 5

162 645 198 685 ei
237 642 481 698 myoparoni
517 640 755 694 praefuerat
794 641 1053 694 Milesiisque
1094 653 1180 680 rem
1220 646 1378 693 gestam
1410 642 1690 689 renuntiarat,
1733 643 1919 683 animad-

160 711 320 747 vertere
364 710 436 745 tuo
483 709 629 757 rogatu
667 710 840 744 conatus
881 708 945 743 est
985 703 1426 758 renuntiationemque
1467 705 1578 751 eius,
1618 718 1726 758 quae
1760 711 1849 745 erat
1877 705 1919 744 in

160 769 347 822 publicas
377 767 535 807 litteras
566 766 696 806 relata
726 766 893 805 illorum
924 765 1109 817 legibus,
1141 765 1232 806 tolli
1262 766 1464 814 iusserat,
1495 766 1651 806 idcirco
1683 771 1724 807 te
1755 780 1808 807 ex
1836 766 1917 806 hoc

161 830 331 870 crimine
362 829 550 881 elapsum
582 842 673 869 esse
704 828 995 868 arbitrabare?
1055 828 1228 867 XXXV.
1261 829 1439 869 Multum
1470 833 1510 869 te
1541 829 1621 869 ista
1650 828 1800 869 fefellit
1830 829 1922 882 opi-

160 893 256 940 nio,
287 896 328 932 et
358 891 528 945 quidem
559 891 700 930 multis
733 890 775 929 in
806 890 923 930 locis.
985 890 1159 943 Semper
1189 891 1300 930 enim
1331 891 1583 931 existimasti
1615 897 1656 932 et
1676 891 1856 931 maxime
1878 892 1971 934 11110

161 954 302 994 Sicilia
340 953 439 993 satis
470 957 637 992 cautum
668 952 742 992 tibi
775 953 826 992 ad
858 952 1144 992 defensionem
1174 952 1288 1001 sore,
1330 954 1364 994 si
1400 958 1473 994 aut
1501 953 1648 993 referri
1681 953 1846 1007 aliquid
1877 954 1919 992 in

159 1016 318 1057 litteras
347 1015 537 1069 publicas
567 1015 773 1055 vetuisses
805 1020 897 1062 aut,
930 1015 1044 1069 quod
1075 1015 1251 1054 relatum
1273 1020 1406 1063 esset,
1437 1015 1529 1056 tolli
1562 1016 1785 1069 coegisses.
1829 1016 1921 1056 Hoc

160 1091 285 1132 quam
315 1077 419 1118 nihil
450 1078 522 1126 sit,
553 1078 718 1118 tametsi
750 1090 802 1117 ex
832 1078 973 1122 multis
1005 1077 1175 1117 Siciliae
1207 1078 1446 1118 civitatibus
1466 1078 1607 1131 priore
1628 1079 1793 1119 actione
1815 1079 1923 1119 didi-

159 1141 275 1189 cisti,
306 1145 445 1181 tamen
475 1140 600 1181 etiam
631 1141 674 1180 in
704 1140 782 1180 hac
813 1140 905 1194 ipsa
935 1140 1100 1180 civitate
1133 1153 1354 1193 cognosce.
1401 1141 1508 1181 Sunt
1528 1141 1590 1180 illi
1613 1141 1784 1195 quidem
1807 1141 1919 1182 dicto

159 1204 398 1251 audientes,
431 1216 556 1257 quam
578 1203 652 1242 diu
672 1203 826 1243 adsunt
856 1203 907 1250 ii,
939 1203 1012 1257 qui
1033 1203 1266 1256 imperant:
1299 1203 1473 1243 simulac
1496 1203 1802 1252 discesserunt,
1834 1218 1972 1247 1101145

160 1266 295 1306 solum
331 1266 438 1306 illud
476 1265 762 1319 perscribunt,
807 1266 922 1319 quod
961 1270 1047 1305 tum
1088 1264 1289 1317 prohibiti
1326 1270 1444 1313 sunt,
1491 1266 1565 1305 sed
1596 1265 1722 1306 etiam
1752 1279 1919 1307 causam

159 1328 421 1376 adscribunt,
452 1342 526 1368 cur
554 1342 640 1368 non
673 1334 758 1368 tum
790 1328 831 1368 in
864 1329 1022 1368 litteras
1043 1327 1220 1367 relatum
1251 1327 1317 1367 sit.
1377 1325 1444 1367 89.
1476 1329 1647 1369 Manent
1676 1329 1780 1368 istae
1811 1329 1921 1369 litte-

158 1404 228 1431 rae
258 1390 411 1439 Mileti,
452 1395 623 1431 manent
670 1396 731 1439 et,
771 1390 871 1430 dum
902 1390 981 1430 erit
1017 1390 1089 1430 illa
1119 1389 1290 1437 civitas,
1322 1390 1563 1431 manebunt.
1622 1392 1777 1431 Decem
1809 1391 1919 1431 enim

158 1466 286 1494 naves
325 1453 443 1493 iussu
480 1454 527 1493 L.
556 1454 754 1494 Murenae
793 1453 977 1507 populus
1016 1452 1205 1492 Milesius
1237 1466 1289 1492 ex
1324 1453 1504 1505 pecunia
1533 1454 1728 1507 vectigali
1757 1453 1918 1508 populo

157 1517 345 1556 Romano
385 1515 564 1564 fecerat,
611 1517 719 1556 sicut
757 1529 833 1569 pro
875 1528 951 1556 sua
982 1527 1177 1569 quaeque
1216 1520 1334 1568 parte
1364 1515 1488 1555 Asiae
1520 1520 1684 1556 ceterae
1715 1516 1919 1557 civitates.
1934 1532 1970 1562 20

160 1578 441 1627 Quamobrem
470 1591 596 1619 unam
628 1592 680 1619 ex
710 1579 853 1619 decem
883 1591 969 1618 non
999 1578 1261 1631 praedonum
1287 1578 1508 1631 repentino
1538 1579 1734 1626 adventu,
1766 1578 1839 1618 sed
1861 1579 1921 1619 le-

159 1641 242 1694 gati
272 1640 510 1689 latrocinio,
539 1655 625 1681 non
650 1642 690 1682 vi
722 1640 995 1694 tempestatis,
1027 1640 1102 1680 sed
1121 1639 1199 1680 hac
1220 1639 1415 1680 horribili
1435 1645 1684 1694 tempestate
1706 1640 1918 1681 sociorum

159 1703 355 1742 amissam
385 1702 428 1742 in
458 1703 618 1743 litteras
649 1703 836 1757 publicas
867 1703 1129 1743 rettulerunt.
1175 1701 1242 1742 90.
1276 1703 1382 1743 Sunt
1410 1704 1568 1744 Romae
1597 1703 1724 1757 legati
1754 1704 1920 1752 Milesii,

158 1765 350 1805 homines
379 1765 632 1805 nobilissimi
663 1779 710 1806 ac
740 1766 952 1818 principes
983 1766 1184 1814 civitatis,
1216 1766 1311 1820 qui,
1343 1767 1509 1807 tametsi
1530 1779 1718 1807 mensem
1739 1766 1922 1806 Februa—

159 1828 266 1867 rium
305 1832 346 1867 et
384 1827 602 1867 consulum
642 1827 954 1880 designatorum
984 1840 1138 1867 nomen
1169 1834 1438 1881 exspectant,
1459 1834 1616 1870 tamen
1646 1829 1729 1870 hoc
1758 1835 1921 1870 tantum
1935 1843 1973 1875 25

159 1888 321 1929 facinus
360 1901 445 1928 non
485 1890 610 1929 modo
639 1902 791 1943 negare
822 1890 1093 1942 interrogati,
1131 1890 1204 1930 sed
1235 1904 1287 1930 ne
1317 1892 1511 1944 producti
1544 1892 1716 1946 quidem
1745 1892 1920 1931 reticere

161 1955 378 2003 poterunt:
420 1950 579 1999 dicent,
610 1952 802 2005 inquam,
844 1956 885 1991 et
914 1952 1119 2004 religione
1150 1953 1321 1993 adducti
1351 1958 1394 1994 et
1423 1954 1750 1994 domesticarum
1779 1954 1920 2007 legum

162 2018 297 2060 metu,
329 2012 431 2066 quid
460 2013 533 2053 illo
564 2027 820 2068 myoparone
847 2013 1002 2054 sactum
1024 2015 1096 2054 sit:
1131 2016 1355 2056 ostendent
1377 2016 1419 2057 C.
1441 2018 1612 2057 Verrem
1634 2016 1677 2056 in
1700 2030 1749 2057 ea
1770 2017 1920 2065 classe,

163 2088 269 2129 quae
301 2081 444 2116 contra
472 2077 627 2129 piratas
657 2074 874 2117 aedificata
903 2076 976 2124 sit,
1008 2077 1186 2130 piratam
1216 2078 1356 2132 ipsum
1387 2079 1718 2120 consceleratum
1748 2079 1892 2120 fuisse.

273 2138 464 2177 XXXVI.
512 2138 552 2179 C.
594 2139 811 2186 Malleolo,
853 2143 1078 2192 quaestore
1117 2140 1190 2180 Cn.
1220 2141 1485 2190 Dolabellae,
1526 2142 1665 2182 occiso
1706 2142 1810 2182 duas
1841 2141 1973 2186 sibi30

161 2199 412 2240 hereditates
441 2202 607 2241 venisse
637 2201 860 2241 arbitratus
893 2205 976 2249 est,
1007 2214 1136 2242 unam
1166 2204 1433 2256 quaestoriae
1461 2205 1794 2258 procurationis3
1825 2217 1921 2245 nam

162 2275 186 2302 a
214 2262 431 2302 Dolabella
460 2264 598 2303 statim
628 2277 704 2316 pro
736 2268 959 2318 quaestore
990 2263 1128 2304 iussus
1159 2269 1222 2304 est
1248 2278 1367 2305 esse:
1398 2266 1571 2307 alteram
1597 2267 1788 2317 tutelae3
1825 2281 1921 2308 nam

162 2337 256 2364 cum
284 2324 434 2378 pupilli
465 2325 648 2366 Malleoli
680 2331 794 2366 tutor
823 2330 954 2373 esset,
986 2326 1029 2366 in
1057 2326 1171 2367 bona
1200 2327 1290 2367 eius
1320 2327 1524 2382 impetum
1553 2329 1667 2369 fecit.
1726 2327 1794 2370 9fl.
1814 2332 1919 2371 Nam

160 2387 380 2428 Malleolus
417 2388 461 2427 in
500 2388 760 2441 provinciam
799 2389 858 2429 sic
896 2388 1066 2441 copiose
1105 2389 1317 2442 profectus
1358 2396 1469 2440 erat,
1513 2396 1561 2432 ut
1601 2391 1715 2432 domi
1749 2406 1922 2447 prorsus

160 2449 264 2489 nihil
294 2450 578 2504 relinqueret:
609 2457 825 2505 praeterea
854 2451 1055 2505 pecunias
1087 2458 1314 2506 occuparat
1342 2454 1455 2507 apud
1486 2454 1668 2508 populos
1691 2460 1733 2496 et
1752 2469 1972 2510 syngra-35

159 2512 263 2565 phas
292 2512 471 2553 fecerat:
501 2514 661 2567 argenti
693 2514 839 2567 optimi
872 2513 1019 2553 caelati
1051 2514 1206 2566 grande
1237 2516 1405 2568 pondus
1427 2530 1570 2557 secum
1598 2517 1778 2558 tulerat:
1812 2517 1922 2571 (nam

159 2574 230 2614 ille
261 2588 431 2629 quoque
462 2576 618 2616 sodalis
649 2576 770 2616 istius
801 2580 890 2616 erat
918 2576 962 2615 in
992 2575 1072 2615 hoc
1103 2577 1250 2617 morbo
1273 2583 1314 2618 et
1338 2578 1606 2633 cupiditate3)
1637 2581 1793 2633 grande
1816 2594 1922 2634 pon-

160 2637 237 2677 dus
267 2637 450 2690 argenti,
479 2637 680 2679 familiam
710 2651 928 2691 magnam,
961 2637 1115 2678 multos
1146 2637 1347 2688 artifices,
1379 2641 1534 2681 multos
1559 2641 1767 2683 formosos
1787 2642 1923 2683 homi—

159 2712 234 2739 nes
262 2699 444 2754 reliquit.
501 2701 603 2748 Iste,
635 2701 750 2755 quod
780 2700 942 2754 argenti
973 2700 1154 2753 placuit,
1184 2702 1361 2743 invasit:
1395 2717 1506 2758 quae
1537 2704 1747 2758 mancipia
1773 2704 1922 2751 voluit,

159 2761 354 2802 abduxit:
384 2762 482 2804 vina
512 2768 757 2818 ceteraque,
790 2776 899 2817 quae
929 2762 973 2803 in
1002 2763 1102 2804 Asia
1130 2762 1330 2806 facillime
1360 2771 1680 2820 comparantur,
1711 2779 1819 2821 quae
1848 2766 1921 2807 ille
1935 2783 1972 2813 40

244 2945 276 2978 2.
301 2947 328 2978 si
349 2946 434 2978 hom.
461 2947 502 2978 Gl
521 2947 687 2989 ⁶2ng⁶29‚
713 2947 826 2979 Madv.
854 2946 897 2979 de
921 2947 1000 2979 Asc.
1026 2948 1115 2989 App.
1140 2957 1175 2989 p.
1201 2948 1264 2981 33:
1293 2949 1321 2980 si
1346 2953 1375 2981 te
1398 2949 1484 2981 bom.
1511 2949 1573 2982 dtt.
1600 2951 1638 2982 Ο.
1667 2968 1702 2973 —-
1741 2950 1770 2982 6.
1797 2950 1826 2982 ei
1849 2958 1918 2982 om.

160 2995 221 3028 dtt.
249 3014 284 3019 —
311 2996 341 3028 7.
369 3005 454 3036 quae
476 2997 575 3028 etiam
596 3000 669 3028 erat
693 2997 752 3028 Gl.
775 3014 810 3018 —
836 2996 867 3029 9.
893 2996 1104 3029 arbitrabare
1126 2997 1229 3030 codd.
1255 2999 1397 3039 praeter
1419 2999 1486 3037 Gl,
1517 3000 1552 3030 in
1576 3007 1646 3040 quo
1664 3001 1718 3032 est
1740 2999 1919 3040 arbitrare,

158 3046 197 3077 ut
219 3044 250 3086 S.
271 3045 344 3077 402.
371 3045 414 3078 cf.
432 3046 568 3087 Zumpt.
587 3045 632 3078 ad
648 3046 701 3077 III.
730 3046 761 3087 ἓ.
780 3045 834 3078 42.
856 3064 890 3067 -
919 3047 970 3078 41,
989 3050 1123 3079 cautum
1143 3048 1196 3080 vel
1217 3051 1287 3079 tum
1302 3048 1362 3080 Gl.
1385 3066 1421 3071 —
1447 3048 1500 3080 43.
1521 3049 1634 3089 priori
1656 3058 1688 3088 ς.
1709 3066 1745 3072 -
1773 3049 1824 3081 46.
1843 3058 1922 3081 cau-

158 3102 212 3126 sas
234 3095 341 3135 Lg‘29,
367 3104 437 3127 om.
463 3096 523 3127 Gt.
552 3113 587 3118 —
614 3095 666 3128 49.
687 3095 810 3136 populo
834 3096 891 3128 Ro.
918 3096 959 3127 Gl
978 3097 997 3128 2
1020 3096 1102 3129 Pall.
1127 3102 1181 3139 ψε
1207 3098 1241 3129 Ρ.
1267 3099 1304 3130 R.
1330 3107 1359 3130 s.
1383 3098 1439 3130 Po.
1461 3099 1520 3131 Ro.
1547 3099 1626 3137 ctt.;
1649 3098 1763 3138 populi
1781 3098 1921 3130 Romam*

158 3144 196 3176 O.
224 3163 258 3168 —
284 3146 337 3178 20.
363 3154 491 3186 qaoque
514 3145 573 3177 G3.
601 3163 637 3169 —
663 3145 716 3178 24.
742 3146 885 3177 civitatis
907 3154 977 3177 om.
1004 3147 1051 3179 Ga
1064 3145 1126 3179 Ld.
1147 3165 1183 3169 —
1209 3147 1264 3179 25.
1290 3149 1490 3190 exspectant]
1515 3149 1729 3181 emtimescunt
1744 3156 1818 3180 var.
1836 3147 1918 3180 lect.

159 3202 214 3235 ap.
229 3196 321 3236 Asc.,
346 3196 427 3228 inde
445 3196 585 3228 Hotom.
604 3196 709 3228 coni.:
734 3196 953 3228 Februarium
969 3200 1158 3236 eaespectant
1180 3200 1210 3229 et
1225 3206 1253 3228 c.
1270 3197 1301 3228 d.
1319 3206 1353 3229 π.
1371 3198 1597 3230 eaetimeseunt.
1618 3216 1653 3221 —
1679 3199 1732 3231 27.
1751 3199 1837 3230 dom.
1856 3197 1916 3239 leq.

159 3243 200 3275 Gt
217 3244 434 3286 ang29A:
460 3245 521 3287 leq.
546 3246 631 3277 dom.
658 3245 721 3278 dtt.
747 3247 784 3278 O.
813 3264 849 3269 -
876 3246 929 3278 28.
955 3246 993 3278 de
1015 3246 1072 3278 illo
1096 3246 1158 3278 dtt.
1184 3255 1291 3278 nonn.
1315 3264 1353 3269 —
1378 3247 1433 3279 29.
1459 3248 1635 3289 aedificata
1657 3248 1709 3290 sit]
1727 3247 1920 3288 parabatur

159 3291 221 3325 dtt.
249 3313 285 3318 —
310 3295 362 3328 37.
388 3296 558 3328 sodalicius
581 3297 681 3336 62ςς
719 3296 864 3328 socialius
887 3298 947 3329 Gl.
976 3315 1011 3321 -
1037 3296 1090 3331 40.
1116 3299 1198 3330 vina
1221 3298 1352 3331 Graeca
1374 3302 1562 3340 ceteraque,
1589 3307 1674 3338 quae
1697 3306 1740 3330 az:
1760 3298 1840 3331 Asia
1860 3297 1919 3338 fa-

157 3342 274 3378 cillime
293 3348 542 3386 comportantur
565 3345 752 3380 Cledonius
774 3355 809 3389 p.
836 3346 932 3380 4898.
957 3348 994 3380 Ρ.
1022 3364 1058 3370 —-
1082 3347 1180 3389 facile
1202 3349 1298 3382 Serv.
1324 3348 1370 3382 ad
1392 3349 1486 3390 virg.
1510 3347 1582 3383 Ecl.
1611 3348 1648 3382 V.
1674 3347 1727 3381 36.
1828 3341 1832 3351 '
