2143 3713
267 203 347 244 576
788 200 986 242 ORATIO
1016 202 1118 242 PRO
1148 203 1196 242 A.
1227 202 1489 244 CLUENTIO

265 328 443 361 sumam,
479 318 678 367 quantum
708 313 797 352 sine
826 313 949 352 huius
979 313 1162 366 periculo
1201 316 1424 366 praeterire
1455 328 1537 354 non
1568 316 1739 367 possim.
1783 318 1817 356 A
1849 332 1914 358 me
1945 325 2004 359 ta-

263 390 376 423 men,
407 381 452 415 ut
480 388 660 428 aequum
691 380 772 421 est,
812 375 950 414 omnia
980 379 1098 413 caute
1129 374 1508 430 pedetemptimque
1540 377 1750 425 dicentur,
1791 385 1837 418 ut
1867 394 2002 434 neque

262 438 364 477 tides
403 437 527 477 huius
563 436 817 476 defensionis
856 436 996 474 relicta
1035 448 1168 488 neque
1210 438 1453 492 cuiusquam
1485 444 1554 477 ant
1586 438 1760 491 dignitas
1792 440 1902 481 laesa
1933 449 2003 482 ant

262 499 442 539 amicitia
472 499 625 538 violata
656 512 746 538 esse
777 497 977 537 videatur.

231 574 248 601 5
374 558 388 599 l
408 558 465 600 19.
496 560 626 599 Video
658 560 803 612 igitur,
834 559 1013 605 iudices,
1044 560 1384 601 animadvertisse
1415 577 1605 603 censores
1634 563 1675 602 in
1698 563 1857 603 iudices
1878 577 2003 617 quos-

261 625 354 664 dam
384 623 495 662 illius
525 623 685 662 consilii
716 621 900 667 Iuniani,
932 635 1024 660 cum
1055 622 1174 660 istam
1206 623 1333 675 ipsam
1366 638 1530 664 causam
1563 625 1881 665 subscriberent.
1926 627 2003 665 llic

260 686 363 726 illud
394 686 572 738 primum
604 697 820 723 commune
851 696 1103 735 proponam,
1143 698 1367 737 numquam
1399 687 1828 727 animadversionibus
1859 701 2003 727 censo-

260 752 330 790 riis
359 749 464 788 hanc
495 748 701 786 civitatem
731 747 786 785 ita
807 751 1042 785 contentam
1070 751 1114 785 ut
1144 746 1266 786 rebus
1296 748 1486 788 iudicatis
1520 749 1660 788 fnisse.
1708 750 1851 802 Neque
1884 750 1923 788 in
1956 763 2000 788 re

260 817 356 852 nota
386 822 624 851 consumam
656 814 840 859 tempus;
884 808 1062 860 exempli
1104 821 1225 847 causa
1256 822 1406 861 ponam
1437 811 1538 849 illud
1570 825 1726 850 unum:
1769 811 1809 850 C.
1843 812 2002 858 Getam,

211 883 349 914 tot-nm
388 886 411 912 a
448 873 492 911 L.
523 869 688 910 Metello
732 875 771 908 et
810 869 882 907 Cn.
913 870 1094 908 Domitio
1135 871 1374 911 censoribus
1413 886 1464 912 ex
1507 878 1651 912 senatu
1695 873 1849 912 eiectus
1881 877 2000 918 esset,

258 949 472 977 censorem
503 946 592 972 esse
624 933 756 984 ipsum
787 935 932 983 postea
960 930 1136 978 sactum,
1169 937 1230 979 et,
1262 933 1378 972 cuius
1409 948 1544 975 mores
1576 940 1693 973 erant
1714 948 1736 974 a
1759 933 2000 973 censoribus

258 996 518 1052 reprehensi,
548 995 658 1033 hunc
689 997 833 1045 postea
863 998 904 1031 et
933 993 1078 1045 populi
1109 994 1282 1033 Romani
1310 1001 1534 1043 eteorum,
1567 996 1639 1049 qui
1672 997 1713 1035 in
1746 997 1881 1048 ipsum
1913 995 2000 1034 ani-

258 1061 581 1103 madverterant,
614 1054 796 1094 moribus
827 1053 1068 1106 praefuisse.
1116 1055 1237 1102 Quod
1270 1056 1302 1095 si
1335 1057 1435 1097 illud
1464 1058 1660 1097 iudicium
1692 1062 1924 1110 putaretur,
1956 1062 1996 1096 ut

258 1122 383 1163 ceteri
415 1119 524 1171 turpi
556 1117 707 1157 iudicio
740 1116 920 1155 damnati
952 1116 993 1154 in
1027 1123 1270 1169 perpetuum
1303 1119 1414 1158 omni
1446 1119 1604 1158 honore
1627 1132 1673 1158 ac
1697 1119 1896 1170 dignitate
1916 1119 1999 1170 pri-

206 1192 241 1222 45
256 1190 422 1230 vantur,
453 1182 511 1221 sic
540 1179 779 1220 hominibus
809 1178 1036 1231 ignominia
1067 1180 1217 1218 notatis
1245 1193 1381 1233 neque
1408 1180 1458 1219 ad
1480 1181 1680 1220 honorem
1703 1180 1839 1220 aditus
1861 1192 1998 1232 neque

255 1248 297 1287 in
336 1245 492 1286 curiam
534 1242 690 1282 reditus
730 1246 850 1280 esset.
911 1237 1003 1279 120.
1034 1242 1150 1280 Nunc
1182 1241 1214 1280 si
1247 1255 1370 1295 quem
1403 1243 1474 1281 Cn.
1506 1243 1668 1282 Lentuli
1700 1247 1771 1282 aut
1800 1242 1844 1281 L.
1877 1242 1996 1282 Gellii

255 1309 424 1349 libertus
466 1305 564 1345 furti
610 1302 914 1349 condemnarit,
959 1303 992 1342 is
1038 1303 1229 1342 omnibus
1277 1304 1529 1343 ornamentis
1569 1305 1730 1344 amissis
1771 1317 1995 1358 numquam

252 1371 380 1411 ullam
409 1366 638 1408 honestatis
668 1378 766 1404 suae
797 1370 954 1417 partem
985 1365 1270 1417 recuperabit:
1303 1380 1407 1418 quos
1438 1371 1573 1405 autem
1603 1366 1689 1419 ipse
1712 1367 1756 1406 L.
1779 1366 1936 1406 Gellius
1958 1372 1998 1405 et

255 1435 326 1473 Cn.
358 1430 581 1475 Lentulus,
626 1427 708 1466 duo
750 1440 965 1473 censoreS‚
1012 1426 1228 1466 clarissimi
1266 1427 1341 1466 viri
1382 1427 1762 1481 sapientissimique
1793 1428 1997 1474 homines,

204 1505 239 1535 ⁶20
252 1496 351 1536 furti
381 1499 422 1533 et
451 1496 661 1544 captarum
691 1488 959 1541 pecuniarum
990 1490 1157 1528 nomine
1179 1495 1449 1536 notaverunt,
1481 1490 1507 1528 ii
1540 1503 1622 1528 non
1653 1490 1775 1529 modo
1805 1490 1847 1528 in
1878 1503 1997 1529 sena-

254 1564 340 1598 tum
370 1555 605 1599 redierunt,
643 1550 715 1591 sed
746 1550 868 1590 etiam
906 1551 1069 1590 illarum
1101 1551 1282 1603 ipsarum
1313 1565 1448 1590 rerum
1484 1552 1648 1591 iudiciis
1679 1552 1857 1591 absoluti
1888 1558 1995 1592 sunt.

252 1620 398 1660 XLIII.
437 1615 652 1656 Neminem
688 1613 910 1652 voluerunt
950 1613 1125 1651 maiores
1165 1612 1294 1652 nostri
1342 1626 1424 1651 non
1457 1614 1577 1653 modo
1609 1614 1659 1653 de
1691 1614 1995 1654 existimatione

252 1682 518 1733 cuiusquam,
557 1676 629 1716 sed
660 1689 710 1714 ne
740 1675 981 1728 pecuniaria
1012 1674 1179 1727 quidem
1212 1674 1262 1713 de
1293 1688 1335 1714 re
1367 1675 1535 1714 minima
1565 1688 1654 1715 esse
1685 1676 1883 1722 iudicem,
1913 1676 1994 1716 nisi

252 1744 323 1798 qui
354 1743 461 1782 inter
490 1738 748 1779 adversarios
780 1738 1057 1776 convenisset.
1109 1737 1374 1789 Quapropter
1404 1737 1445 1776 in
1468 1737 1660 1777 omnibus
1690 1737 1871 1789 legibus,
1903 1739 1995 1790 qni-

202 1807 327 1845 esbus
358 1807 577 1855 exceptum
608 1806 691 1847 est,
731 1800 781 1839 de
811 1799 961 1852 quibus
992 1799 1127 1839 causis
1159 1805 1229 1838 aut
1269 1800 1551 1851 magistratum
1583 1812 1730 1851 capere
1760 1812 1842 1838 non
1874 1799 1994 1839 liceat

250 1873 322 1909 aut
350 1866 531 1907 iudicem
561 1863 641 1916 legi
673 1867 743 1902 ant
776 1862 951 1901 alterum
981 1874 1196 1908 accusare,
1239 1861 1340 1901 haec
1374 1861 1626 1913 ignominiae
1659 1874 1782 1901 causa
1812 1867 1993 1914 praeter-

251 1933 373 1972 missa
413 1933 486 1968 est.
536 1925 715 1964 'I'imoris
759 1924 869 1963 enim
909 1936 1097 1970 causam,
1143 1937 1227 1962 non
1269 1924 1376 1963 vitae
1407 1936 1584 1975 poenam
1615 1923 1656 1962 in
1686 1923 1758 1962 illa
1788 1928 1992 1976 potestate

250 2008 341 2035 esse
362 1991 594 2032 voluerunt.
645 1983 737 2025 1121.
760 1987 903 2039 Itaque
932 1999 1016 2025 non
1038 1986 1171 2025 solum
1194 1986 1296 2025 illud
1319 1985 1557 2031 ostendam,
1590 1985 1702 2037 quod
1724 1985 1804 2024 iam
1829 1984 1991 2032 videtis,

250 2054 395 2109 populi
426 2051 600 2091 Romani
633 2049 838 2101 suffragiis
869 2061 993 2101 saepe
1015 2061 1187 2087 numero
1210 2048 1415 2088 censorias
1439 2047 1764 2099 subscriptiones
1786 2060 1876 2086 esse
1897 2047 1992 2087 sub-

199 2127 235 2157 30
249 2119 371 2164 latas,
401 2128 546 2155 verum
576 2112 699 2152 etiam
730 2110 892 2151 iudiciis
924 2124 1090 2157 eorum,
1122 2110 1194 2163 qui
1225 2110 1344 2149 iurati
1378 2114 1558 2149 statuere
1590 2109 1745 2148 maiore
1776 2122 1869 2148 cum
1898 2109 1992 2148 reli-

250 2182 371 2234 gione
417 2183 457 2216 et
503 2174 714 2227 diligentia
758 2173 1002 2212 debuerunt.
1052 2173 1231 2212 Primum
1276 2172 1454 2217 iudices,
1501 2177 1712 2211 senatores
1743 2171 1991 2225 equitesque

250 2239 446 2286 Romani,
478 2238 518 2277 in
550 2235 828 2288 compluribus
861 2235 941 2274 iam
973 2235 1076 2281 reis,
1109 2247 1215 2287 quos
1246 2239 1389 2273 contra
1420 2234 1531 2286 leges
1561 2235 1755 2287 pecunias
1785 2235 1990 2287 accepisse

250 2302 526 2354 subscriptum
568 2303 653 2344 est,
695 2310 793 2336 suae
830 2297 967 2348 potius
998 2296 1190 2349 religioni
1221 2309 1344 2349 quam
1376 2309 1595 2335 censorum
1626 2296 1812 2348 opinioni
1842 2310 1991 2349 parue-

248 2371 357 2407 runt.
406 2361 565 2403 Deinde
596 2364 807 2413 praetores
838 2359 1005 2406 urbani,
1042 2359 1112 2411 qui
1142 2358 1262 2398 iurati
1294 2357 1446 2397 debent
1475 2358 1677 2411 optimum
1709 2372 1917 2412 quemque
1947 2359 1988 2398 in

198 2438 235 2467 35
249 2429 379 2468 lectos
409 2424 566 2464 iudices
595 2421 769 2468 referre,
800 2419 876 2460 sibi
909 2434 1135 2473 numquam
1167 2420 1217 2460 ad
1249 2432 1338 2460 eam
1364 2433 1450 2459 rem
1472 2420 1699 2459 censoriam
1722 2420 1988 2473 ignominiam

248 2487 547 2543 impedimento
578 2497 669 2524 esse
699 2490 891 2536 oportere
917 2482 1136 2522 duxerunt.
1187 2479 1279 2521 422.
1312 2482 1513 2522 Censores
1544 2482 1724 2535 denique
1754 2483 1833 2535 ipsi
1864 2495 1987 2536 saepe

248 2564 419 2594 numero
459 2547 718 2601 superiorum
758 2558 975 2584 censorum
1016 2544 1203 2592 iudiciis,
1245 2545 1278 2584 si
1312 2545 1390 2584 ista
1422 2543 1575 2583 iudicia
1605 2544 1813 2597 appellare
1841 2544 1985 2591 vultis,

247 2628 332 2656 non
363 2614 576 2653 steterunt.
616 2609 752 2661 Atque
782 2608 904 2646 etiam
935 2606 1011 2659 ipsi
1042 2607 1149 2646 inter
1179 2619 1221 2646 se
1253 2618 1444 2645 censores
1475 2619 1549 2645 sua
1578 2605 1733 2645 iudicia
1763 2608 1865 2646 tanti
1896 2620 1985 2646 esse

247 2671 518 2713 arbitrantur,
548 2669 595 2704 ut
624 2664 727 2704 alter
755 2663 923 2703 alterius
954 2662 1153 2702 iudicium
1183 2675 1266 2702 non
1298 2662 1421 2701 modo
1442 2661 1736 2714 reprehendat,
1768 2662 1841 2703 sed
1863 2663 1985 2702 etiam

332 2782 361 2812 4.
383 2778 505 2820 possim
527 2776 602 2806 ST:
635 2783 765 2814 possum
790 2775 851 2804 ΒΑ
867 2772 973 2806 Lt‘o.
1002 2790 1034 2794 —
1063 2772 1093 2803 3.
1119 2772 1186 2803 cius
1209 2773 1278 2803 ST.
1307 2790 1340 2794 —-
1377 2772 1407 2802 6.
1433 2771 1567 2812 consilii]
1592 2771 1702 2802 iudicii
1727 2772 1759 2803 F.
1788 2789 1821 2793 —
1849 2773 1879 2804 7.
1905 2772 1985 2803 illud

239 2829 387 2871 primum
410 2829 430 2858 S
445 2828 485 2858 T:
509 2825 654 2864 primum
677 2823 757 2853 illud
782 2824 803 2853 R
819 2824 843 2853 A
860 2823 882 2853 L
897 2822 915 2854 Q
930 2824 966 2853 O.
992 2840 1021 2844 —
1046 2832 1251 2862 praeponam
1273 2823 1308 2853 T.
1339 2840 1372 2844 —
1399 2822 1428 2853 8.
1456 2824 1649 2852 conterritam
1672 2823 1704 2852 S.
1731 2838 1765 2843 —
1794 2822 1823 2852 9.
1850 2825 1982 2861 tempus.

242 2878 381 2919 easempli
403 2885 505 2908 causa
525 2883 646 2915 ponam
669 2874 743 2905 ST:
769 2876 892 2912 tempus
915 2874 1080 2912 exemplis.
1104 2883 1226 2913 ponam
1249 2873 1272 2903 R
1288 2874 1310 2903 Α
1328 2872 1350 2902 1.
1364 2869 1382 2902 ‘3
1397 2872 1434 2901 0.
1466 2889 1494 2893 —
1520 2880 1621 2901 unum
1644 2871 1723 2901 illud
1745 2872 1777 2902 S.
1805 2888 1838 2892 —
1866 2870 1917 2901 40.
1944 2871 1984 2901 ab

242 2930 278 2961 L.
304 2929 341 2959 T.
361 2944 395 2948 —
423 2927 475 2957 Μ.
500 2933 564 2956 esse
586 2925 692 2963 ipsum
711 2927 823 2963 postea
847 2924 867 2954 S
882 2924 924 2954 T:
950 2924 1055 2962 ipsum
1075 2927 1186 2962 poslca
1211 2931 1273 2954 esse
1296 2922 1318 2952 R
1334 2922 1356 2951 A
1375 2922 1396 2952 L
1411 2921 1429 2952 δέ
1445 2921 1480 2951 Ο.
1503 2939 1536 2944 —
1562 2924 1657 2951 crant
1673 2930 1694 2951 a
1709 2920 1890 2951 censoribus
1907 2921 1927 2951 S
1940 2921 1980 2951 T:

242 2988 264 3010 a
287 2976 472 3010 censoribus
493 2977 587 3006 erant
612 2975 674 3005 ΒΛ
690 2972 796 3005 Leo.
819 2991 852 2995 —
882 2973 931 3003 42.
958 2977 986 3004 et
1005 2972 1054 3014 μ]
1078 2982 1120 3004 eas
1139 2982 1174 3012 p.
1194 2974 1225 3004 S.
1246 2989 1280 2994 —
1308 2972 1358 3002 45.
1385 2971 1439 3009 cul]
1465 2971 1495 3001 in
1521 2972 1589 3001 ST.
1611 2988 1644 2992 ——
1673 2971 1724 3001 46.
1751 2969 1830 3001 Gelli
1854 2970 1924 3000 TF.
1947 2987 1979 2991 —

243 3028 295 3059 47.
321 3026 470 3058 libertum
487 3025 507 3055 S
531 3034 582 3066 pr.
603 3032 649 3055 m.
672 3042 705 3045 —
734 3024 784 3054 1¹8.
810 3024 1016 3062 recuperarit
1039 3024 1081 3054 M.
1104 3042 1137 3045 —-
1164 3023 1216 3053 520.
1243 3024 1416 3061 captarum
1439 3021 1587 3060 ipsarum
1608 3021 1822 3060 pecuniarum
1846 3020 1876 3050 F.
1899 3036 1932 3040 —
1960 3019 1983 3050 ii

242 3086 311 3108 om.
338 3077 360 3107 F
376 3076 414 3106 A.
443 3092 477 3097 —-
504 3075 556 3106 211.
581 3074 714 3104 illarum
737 3082 805 3104 om.
830 3073 872 3104 M.
895 3091 929 3095 —
954 3073 1077 3114 rerum]
1104 3073 1318 3112 pecuniarum
1340 3071 1467 3102 nomine
1493 3072 1563 3102 ΡΛ.
1593 3086 1627 3093 --
1654 3071 1705 3102 92.
1731 3069 1888 3100 neminem
1911 3076 1980 3100 om.

242 3127 278 3157 T.
301 3144 334 3149 —
352 3124 450 3157 vestri
466 3125 509 3156 M.
528 3142 562 3146 -
587 3124 639 3155 27.
657 3132 791 3154 causam
808 3131 876 3154 om.
896 3124 916 3153 S
930 3123 971 3155 T:
999 3123 1062 3153 vim
1086 3124 1174 3154 coni.
1194 3120 1356 3153 Halmius.
1372 3139 1405 3143 -
1433 3122 1483 3152 ⁶28.
1502 3121 1604 3152 solum
1626 3120 1705 3151 illud
1729 3120 1749 3150 S
1763 3120 1787 3150 T
1803 3119 1830 3149 M
1847 3128 1854 3149 ι
1880 3118 1982 3149 solum

240 3176 361 3207 iudices
383 3174 462 3206 illud
485 3175 506 3205 F
521 3175 545 3205 A
559 3174 583 3204 L
597 3172 616 3205 53
631 3174 667 3204 Ο.
697 3190 731 3194 —
764 3172 817 3203 29.
842 3171 1083 3211 subscriptionis
1105 3172 1148 3203 M.
1178 3189 1212 3194 —-
1245 3170 1388 3201 sublatas
1411 3173 1431 3202 S
1445 3171 1485 3201 T:
1520 3170 1643 3201 delatas
1665 3170 1714 3200 M:
1741 3168 1859 3199 deletas
1883 3169 1942 3199 ΓΑ
1956 3168 1980 3198 L

242 3223 312 3255 ΒΟ.
334 3241 367 3245 -
394 3224 445 3255 32.
472 3223 631 3263 accepisse
653 3220 761 3254 STQ:
799 3223 915 3262 cepisse
938 3222 1001 3253 ΒΛ
1018 3223 1091 3254 LO.
1120 3239 1154 3243 —
1188 3220 1239 3252 35.
1270 3220 1365 3251 lectos
1388 3221 1460 3251 ST:
1498 3220 1625 3251 selectos
1650 3220 1713 3250 ΒΑ
1728 3220 1750 3249 L
1765 3218 1833 3250 ΕΟ.
1863 3236 1897 3240 -
1921 3217 1980 3248 sibi

240 3281 419 3312 numquam
449 3273 522 3303 ST:
558 3280 738 3310 numquam
766 3272 825 3302 sibi
852 3272 952 3303 RAL
968 3270 1038 3304 ΕΟ.
1070 3288 1105 3294 -—
1141 3269 1192 3302 36.
1217 3269 1479 3308 impedimentum
1503 3270 1574 3301 ΡΑ.
1605 3286 1636 3293 -
1665 3268 1819 3299 disserunt
1842 3267 1863 3297 F
1875 3268 1913 3298 A.
1940 3281 1974 3288 --

242 3316 295 3348 37.
320 3316 485 3357 appellare
506 3318 528 3348 S
541 3316 584 3348 T:
612 3316 775 3356 appellari
797 3315 897 3347 RAL
910 3313 982 3348 80.
