2127 3708
641 247 735 287 ομ».
767 246 846 286 xu
862 268 916 277 -
932 247 1041 289 xlv.
1080 245 1153 301 55.
1185 244 1238 287 39
1255 270 1308 279 -
1324 246 1390 290 45.
1837 247 1882 291 44

146 362 371 415 petiturum
392 359 540 406 fuisse,
571 370 642 404 an,
673 371 724 397 ne
746 358 1052 411 appellaturum
1075 360 1244 413 quidem
1266 361 1471 400 biennio?
1516 362 1765 415 Appellandi
1787 367 1889 402 tem-

146 438 222 477 pus
253 437 335 463 non
359 423 472 462 erat?
501 421 555 459 At
575 425 709 459 tecum
733 420 826 472 plus
848 434 1002 459 annum
1027 421 1141 461 vixit.
1173 422 1218 460 ln
1241 422 1374 461 Gallia
1390 422 1455 474 agi
1478 436 1561 462 non
1583 426 1747 476 potuit?
1778 427 1831 465 At
1851 430 1891 465 et

145 487 185 526 in
209 485 420 539 provincia
442 484 504 522 ius
528 483 754 529 dicebatur,
785 487 825 521 et
845 483 1000 522 Romae
1025 483 1178 524 iudicia
1200 482 1364 524 fiebant.
1397 486 1551 533 Restat,
1574 491 1619 525 ut
1639 492 1710 526 aut
1730 500 1889 526 summa

145 547 392 601 negligentia
414 546 484 585 tibi
507 545 713 585 obstiterit
733 550 805 584 aut
824 545 947 584 unica
969 545 1208 586 liberalitas.
1242 547 1282 585 Si
1302 547 1596 599 negligentiam
1619 548 1744 596 dices,
1768 549 1890 588 mira-

143 611 295 656 bimum
318 609 350 648 si
366 608 607 655 bonitatem,
624 607 865 655 ridebimus3
887 620 1024 661 neque
1040 614 1253 660 praeterea
1268 609 1368 663 quid
1385 610 1520 662 possis
1537 610 1687 657 dicere,
1706 611 1887 651 invenio.
1920 620 1939 650 5

144 671 250 712 Satis
272 674 334 710 est
354 670 599 724 argumenti,
630 670 733 709 nihil
755 683 845 709 esse
867 670 1050 709 debitum
1076 671 1242 718 Naevio,
1269 672 1382 725 quod
1406 676 1488 711 tam
1513 672 1583 711 diu
1605 672 1708 712 nihil
1730 674 1888 725 petivit.

250 735 360 773 XIII.
391 731 456 773 42.
489 734 630 782 Quid?
663 734 696 772 si
726 733 807 772 hoc
838 733 998 785 ipsum,
1031 733 1142 786 quod
1165 747 1275 772 nunc
1298 733 1417 781 facit,
1450 735 1626 773 ostendo
1649 735 1887 775 testimonio

141 811 252 844 esse,
282 796 385 835 nihil
417 796 587 836 deberi?
619 796 720 849 quid
752 796 863 835 enim
895 808 1005 834 nunc
1037 795 1122 847 agit
1154 796 1247 835 Sex.
1280 796 1489 836 Naevius?
1522 810 1604 850 qua
1636 797 1686 836 de
1717 810 1759 836 re
1791 810 1889 836 con—

140 858 337 899 troversia
370 860 461 897 est?
493 858 604 911 quod
639 863 701 897 est
729 858 808 897 hoc
840 857 1062 903 iudicium,
1095 857 1136 896 in
1171 871 1255 912 quo
1288 858 1369 898 iam
1399 858 1616 899 biennium
1647 860 1887 899 versamur?

139 921 239 975 quid
271 920 425 973 negotii
457 921 635 973 geritur,
667 921 709 959 in
741 934 824 973 quo
856 921 926 959 ille
958 925 1019 959 tot
1049 924 1089 958 et
1120 920 1222 960 tales
1254 921 1365 960 viros
1392 921 1623 974 defatigat?
1666 922 1887 963 Pecuniam
1902 930 1938 961 40

138 985 253 1038 petit.
292 985 409 1022 Nunc
432 983 643 1035 denique?
683 984 837 1022 Verum
859 988 995 1022 tamen
1027 986 1164 1034 petat:
1197 983 1428 1022 audiamus.
1469 981 1535 1023 4-3.
1565 986 1626 1024 De
1656 985 1888 1025 rationibus

138 1053 178 1088 et
208 1046 502 1087 controversiis
534 1045 746 1085 societatis
768 1046 857 1085 vult
879 1045 1114 1085 diiudicari.
1159 1046 1279 1093 Sero,
1312 1060 1455 1086 verum
1478 1048 1705 1101 aliquando
1729 1053 1887 1087 tamen:

137 1109 425 1150 concedamus.
456 1130 510 1137 —
539 1109 654 1155 Non,
685 1108 844 1161 inquit,
884 1108 926 1147 id
957 1121 1057 1160 ago,
1092 1109 1134 1147 C.
1164 1109 1328 1162 Aquili,
1367 1122 1504 1163 neque
1536 1110 1577 1148 in
1609 1123 1657 1149 eo
1689 1123 1799 1149 nuuc
1830 1109 1889 1148 la-

135 1173 250 1212 boro.
309 1170 489 1211 Pecunia
527 1183 617 1210 mea
658 1174 720 1209 tot
757 1183 888 1210 annos
928 1171 1059 1210 utitur
1104 1172 1146 1209 P.
1179 1172 1416 1220 Quinctius.
1476 1173 1623 1212 Utatur
1653 1185 1772 1212 sane:
1802 1184 1886 1211 non

134 1239 246 1288 peto.
276 1256 330 1263 —
361 1233 472 1281 Quid
502 1233 629 1285 igitur
657 1234 852 1285 pugnas?
911 1233 996 1281 Au,
1046 1235 1158 1287 quod
1191 1248 1316 1287 saepe
1348 1235 1491 1275 multis
1522 1236 1564 1274 in
1594 1234 1699 1274 locis
1731 1234 1937 1282 dixisti,a.3

135 1310 186 1337 ne
220 1296 261 1335 in
293 1296 458 1335 civitate
489 1296 571 1334 sit?
602 1308 654 1334 ne
686 1295 825 1334 locum
856 1308 1000 1343 suum,
1038 1310 1162 1349 quem
1193 1297 1329 1337 adhuc
1359 1297 1656 1337 honestissime
1688 1297 1886 1344 defendit,

135 1357 352 1398 obtineat?
384 1369 436 1396 ne
467 1361 711 1396 numeretur
740 1357 849 1396 inter
878 1358 1031 1397 vivos?
1065 1359 1260 1399 decernat
1281 1360 1331 1399 de
1353 1360 1439 1400 vita
1461 1365 1502 1400 et
1523 1360 1777 1400 ornamentis
1799 1359 1886 1399 suis

135 1421 354 1460 omnihus?
399 1420 510 1473 apud
540 1419 719 1459 iudicem
751 1432 919 1459 causam
950 1421 1089 1474 priore
1120 1421 1213 1461 loco
1246 1421 1357 1461 dicat
1388 1427 1448 1470 et,
1493 1435 1583 1462 eam
1614 1436 1707 1462 cum
1739 1421 1886 1469 orarit,

134 1489 218 1524 tum
251 1483 432 1537 denique
464 1495 609 1522 vocem
641 1482 896 1522 accusatoris
927 1483 1102 1523 audiat?
1163 1483 1304 1532 Quid?
1339 1484 1419 1525 hoc
1451 1498 1535 1538 quo
1567 1485 1776 1538 pertinet?
1836 1484 1888 1524 Ut

134 1546 249 1586 ocius
277 1546 329 1586 ad
358 1550 476 1585 tuum
505 1544 759 1597 pervenias?
803 1545 870 1592 At,
902 1546 935 1585 si
966 1546 1008 1585 id
1038 1546 1189 1593 velles,
1222 1547 1303 1586 iam
1325 1548 1487 1600 pridem
1519 1554 1656 1588 actum
1689 1561 1780 1588 esse
1810 1560 1886 1600 po·
1899 1556 1935 1588 90

134 1612 250 1648 terat.
310 1605 374 1646 44.
408 1607 459 1646 Ut
488 1606 729 1646 honestiore
761 1606 917 1647 iudicio
950 1609 1222 1649 conflictere?
1271 1610 1324 1650 At
1355 1611 1443 1651 sine
1474 1625 1636 1651 summo
1665 1611 1820 1651 scelere
1842 1611 1884 1651 P.

134 1670 395 1719 Quinctium,
426 1669 712 1722 propinquum
743 1674 882 1718 tuum,
915 1670 1103 1723 iugulare
1133 1685 1218 1710 non
1246 1677 1378 1725 potes.
1424 1673 1477 1713 Ut
1496 1673 1660 1713 facilius
1682 1673 1885 1715 iudicium

133 1736 218 1775 sit?
264 1735 317 1774 At
346 1747 483 1788 neque
516 1734 558 1773 C.
579 1733 773 1786 Aquilius
805 1734 855 1772 de
887 1733 1021 1786 capite
1044 1734 1213 1774 alterius
1235 1735 1414 1775 libenter
1434 1736 1610 1784 iudicat,
1645 1741 1685 1776 et
1706 1736 1756 1785 Q.
1777 1736 1885 1777 Hor·-

131 1798 289 1838 tensius
321 1802 464 1836 contra
494 1802 618 1848 caput
646 1809 731 1835 non
763 1796 910 1836 didicit
939 1797 1089 1836 dicere.
1138 1797 1249 1845 Quid
1280 1811 1304 1837 a
1333 1799 1632 1847 nobisautem,
1665 1800 1707 1839 C.
1729 1799 1884 1854 Aquili,

131 1860 337 1900 refertur?
383 1859 606 1899 Pecuniam
638 1858 767 1911 petit:
808 1871 1007 1910 negamus
1047 1859 1202 1899 deberi.
1260 1861 1467 1900 Iudicium
1505 1860 1576 1902 fiat
1607 1861 1767 1902 statim:
1798 1870 1934 1901 none-²3

134 1934 385 1961 recusamus.
445 1922 495 1960 Ut
525 1920 625 1974 quid
656 1923 900 1973 praeterea?
948 1921 990 1959 Si
1021 1927 1209 1969 veretur,
1241 1927 1287 1962 ut
1315 1936 1380 1962 res
1412 1924 1569 1964 iudicio
1599 1924 1708 1964 facto
1739 1928 1884 1977 parata

134 1984 207 2030 sit,
253 1983 479 2022 iudicatum
522 1983 625 2023 solvi
669 1983 769 2022 satis
815 1982 1011 2035 accipiat3
1058 1984 1209 2036 quihus
1241 1998 1265 2024 a
1294 1999 1359 2025 me
1389 1987 1527 2026 verbis
1559 1988 1659 2026 satis
1690 1987 1881 2040 accipiet,

132 2046 261 2085 isdem
291 2045 393 2097 ipse,
426 2045 538 2098 quod
569 2050 687 2098 peto,
720 2046 819 2084 satis
847 2045 928 2084 det.
960 2046 1109 2085 Actum
1133 2047 1213 2085 iani
1235 2052 1374 2100 potest
1396 2062 1508 2096 esse,
1542 2048 1584 2088 C.
1606 2049 1763 2103 Aquili.
1796 2049 1881 2089 Iam

130 2113 174 2147 tu
220 2113 337 2159 potes
377 2107 575 2146 liberatus
606 2107 819 2146 discedere
861 2108 1053 2147 molestia
1093 2122 1223 2161 prope
1264 2110 1397 2150 dicam
1436 2124 1520 2150 non
1558 2111 1718 2151 minore
1757 2124 1881 2164 quam

131 2169 364 2217 Quinctius.
423 2167 489 2207 45.
530 2169 640 2217 Quid
679 2170 860 2221 agimus,
899 2170 1132 2209 Hortensi?
1174 2172 1275 2224 quid
1309 2173 1359 2212 de
1390 2174 1467 2213 hac
1499 2174 1745 2213 condicione
1781 2174 1931 2213 dici—30

129 2233 248 2270 mus?
293 2232 519 2270 Possumus
551 2231 778 2284 aliquando
811 2231 1013 2284 depositis
1045 2233 1170 2272 armis
1202 2234 1292 2273 sine
1323 2236 1511 2288 periculo
1541 2236 1803 2276 fortunarum
1831 2237 1881 2276 de

128 2307 170 2333 re
200 2293 439 2346 pecuniaria
471 2294 737 2346 disceptare?
796 2295 1021 2333 Possumus
1053 2294 1111 2334 ita
1141 2309 1227 2335 rem
1257 2301 1443 2336 nostram
1473 2299 1691 2352 persequi,
1731 2304 1778 2339 ut
1806 2299 1881 2338 how

127 2355 250 2395 minis
281 2356 508 2410 propinqui
541 2361 665 2408 caput
695 2356 904 2396 incolume
926 2370 1016 2396 esse
1038 2358 1276 2410 patiamur?
1322 2361 1553 2401 Possumus
1574 2361 1766 2414 petitoris
1787 2375 1881 2416 per-

127 2431 270 2458 sonam
303 2431 472 2471 capere,
504 2419 757 2458 accusatoris
789 2419 1034 2472 deponere?
1060 2443 1114 2449 —-
1144 2421 1296 2469 Immo,
1328 2423 1487 2477 inquit,
1519 2424 1590 2464 abs
1622 2430 1661 2465 te
1693 2426 1792 2465 satis
1813 2439 1880 2466 ac-

126 2481 300 2534 cipiam3
332 2493 408 2534 ego
441 2486 580 2520 autem
610 2482 684 2520 tihi
717 2482 814 2521 satis
847 2496 933 2522 non
964 2483 1085 2523 dabo.
1109 2506 1162 2512 —-
1193 2485 1302 2525 XIV.
1335 2485 1439 2534 Quis
1471 2488 1639 2527 tandem
1659 2488 1780 2528 nobis
1801 2489 1879 2528 ista
1892 2497 1928 2526 35

126 2543 216 2582 iura
248 2547 331 2582 tam
361 2555 496 2597 aequa
527 2544 758 2584 describit?
798 2545 892 2598 quis
922 2545 1002 2586 hoc
1034 2547 1200 2595 statuit,
1233 2549 1347 2601 quod
1378 2562 1559 2603 aequum
1590 2551 1644 2590 sit
1672 2551 1716 2590 in
1747 2550 1880 2599 Quin-

125 2606 273 2653 ctium,
304 2605 346 2645 id
377 2606 569 2660 iniquum
601 2620 691 2647 esse
713 2608 757 2647 in
777 2609 1008 2648 Naevium?
1029 2631 1083 2638 -
1105 2609 1293 2658 Quinctii
1313 2611 1445 2659 bona,
1476 2613 1635 2667 inquit,
1667 2627 1719 2653 ex
1741 2614 1877 2654 edicto

209 2716 239 2747 4.
266 2716 422 2756 quidem?
455 2717 590 2749 Biennio
619 2718 808 2758 appellandi
838 2718 1004 2752 Halmius.
1033 2738 1067 2742 —
1101 2721 1133 2752 ⁶2.
1157 2720 1232 2760 plus
1255 2723 1391 2762 annum]
1415 2732 1502 2755 anno
1522 2724 1598 2763 plus
1621 2733 1639 2756 e
1664 2726 1698 2756 et
1720 2724 1809 2758 ΑΒΕ.
1838 2743 1874 2748 -ή

122 2766 209 2798 uixit
223 2767 256 2798 in
270 2767 390 2799 Gallia.
415 2765 477 2807 Aqi
494 2766 526 2797 k.
547 2784 582 2812 .—
609 2766 639 2798 4.
654 2768 681 2798 si
696 2768 895 2808 negligentia
919 2776 937 2800 c
950 2777 968 2800 e
993 2770 1028 2800 et
1042 2770 1081 2801 A.
1105 2787 1139 2793 —
1165 2771 1376 2803 mirabuntur
1390 2773 1415 2804 B
1430 2775 1455 2805 G
1468 2782 1487 2804 a
1500 2773 1523 2805 b
1539 2782 1557 2805 c
1571 2773 1592 2805 d
1606 2783 1624 2806 e
1638 2773 1680 2814 fg
1694 2774 1714 2805 h
1734 2776 1796 2815 (pr.
1815 2775 1875 2815 m.)

122 2814 187 2848 iln
213 2818 248 2848 et
269 2818 308 2849 A.
330 2834 364 2838 —
391 2817 422 2847 5.
449 2815 590 2848 bonitate
614 2826 632 2848 e
653 2818 687 2848 et
702 2818 740 2849 A.
763 2835 798 2839 —
825 2818 930 2849 dicere
948 2819 1052 2858 possis
1067 2820 1099 2850 k.
1122 2837 1156 2841 —
1183 2821 1214 2852 8.
1240 2822 1318 2853 Sec.
1339 2831 1407 2854 om.
1426 2823 1458 2854 k.
1480 2841 1516 2845 —
1543 2824 1595 2855 40.
1623 2823 1686 2856 «al.
1711 2825 1874 2866 saligam»

121 2874 191 2905 mg.
217 2865 249 2899 8.
278 2884 313 2888 -—
341 2866 392 2897 44.
416 2870 641 2898 verumtamen
659 2868 742 2908 petii
765 2867 824 2902 [ἓ.
853 2885 888 2891 —-
920 2869 972 2900 42.
999 2870 1180 2901 deiudicari
1203 2871 1227 2902 B
1243 2871 1303 2903 Gb
1318 2881 1337 2903 c
1352 2872 1372 2903 d
1387 2872 1559 2905 ethiln.
1589 2892 1624 2896 -
1648 2878 1876 2907 verumtamen

121 2915 301 2954 aliquando
329 2915 532 2946 concedimus
554 2917 586 2948 k.
616 2934 651 2938 —-
684 2917 734 2948 43.
769 2918 813 2959 id]
841 2918 900 2949 hoc
930 2918 964 2949 id
987 2927 1005 2950 e
1031 2921 1066 2950 et
1088 2921 1126 2951 A.
1155 2938 1191 2941 —
1221 2930 1324 2961 neque
1351 2931 1437 2953 nunc
1460 2923 1494 2953 in
1528 2932 1564 2954 eo
1591 2923 1704 2955 laboro
1727 2926 1771 2962 A,
1810 2924 1872 2956 «al.

118 2973 220 3003 neque
243 2965 280 2996 de
304 2973 340 2996 eo
362 2973 448 2996 nunc
471 2965 557 2997 lab.»
583 2975 650 3007 mg.
678 2966 712 3000 Β.
737 2984 771 2990 -
800 2967 851 2999 44.
878 2967 925 3009 Ρ.]
951 2968 984 3000 C.
1011 2968 1428 3011 Gabcdefgiklmn
1454 2973 1541 3004 etA.
1570 2991 1605 2995 —
1633 2973 1684 3005 48.
1706 2976 1877 3013 perorarit

119 3022 199 3045 cum
224 3015 416 3045 Hotomano
440 3015 475 3046 L.
505 3033 539 3037 —
567 3016 617 3047 49.
645 3018 722 3056 quid
745 3017 833 3049 hoc?
857 3027 919 3057 quo
937 3019 1108 3058 pertinet?
1131 3020 1199 3052 hk.
1221 3038 1256 3042 ——
1282 3022 1334 3053 ⁶24.
1362 3023 1562 3063 afflictarem
1584 3024 1617 3055 k.
1645 3039 1682 3046 —
1708 3025 1760 3056 2²2.
1786 3026 1876 3056 iudi-

118 3067 228 3094 catu-m
251 3064 314 3095 ek.
344 3081 378 3086 —-
405 3064 458 3098 ⁶24.
483 3065 572 3097 vobis
593 3069 632 3097 A.
660 3084 695 3088 —
723 3067 842 3108 autem]
867 3077 954 3099 nanc
976 3069 1008 3100 k.
1037 3086 1072 3091 —
1102 3070 1155 3101 26.
1185 3071 1222 3101 Ut
1245 3072 1322 3110 quid
1345 3073 1445 3103 BGK
1469 3074 1504 3104 et
1525 3075 1572 3104 A:
1608 3075 1767 3113 numquid
1790 3074 1871 3114 ΕΟ,

117 3113 276 3152 numquid
297 3116 342 3144 esi
364 3114 400 3145 L.
427 3115 523 3147 Conf.
550 3115 594 3147 ad
617 3118 684 3148 Att.
711 3118 741 3156 7,
769 3118 799 3155 7,
819 3118 848 3148 7.
876 3117 1015 3150 Lobeck
1037 3119 1081 3151 ad
1105 3120 1209 3160 soph.
1232 3121 1325 3152 Aiac.
1347 3121 1401 3153 ed.
1429 3130 1501 3154 sec.
1520 3131 1554 3163 p.
1575 3123 1648 3154 407.
1670 3142 1704 3146 -
1731 3124 1784 3155 27.
1802 3134 1874 3156 ver-

118 3161 174 3203 bis]
198 3162 293 3194 rebus
307 3162 339 3194 k.
361 3180 396 3184 —
415 3165 561 3206 accipiet]
579 3167 739 3205 acciperet
762 3167 786 3198 B
800 3175 818 3197 a
832 3166 853 3197 b
870 3175 887 3198 c
901 3167 923 3198 d
937 3176 955 3199 e
975 3170 1036 3209 (pr.
1054 3170 1115 3208 m.)
1134 3170 1177 3209 fg
1190 3170 1212 3200 h
1226 3170 1234 3201 i
1248 3169 1257 3201 l
1271 3179 1304 3202 m
1318 3180 1339 3202 n
1365 3173 1399 3202 et
1415 3173 1453 3203 A.
1476 3190 1510 3193 —
1538 3172 1591 3203 028.
1618 3173 1704 3211 quod
1721 3177 1874 3212 pelo-—-

116 3211 265 3243 molestia
285 3221 387 3252 prope
410 3222 479 3245 om.
505 3216 526 3246 i.
556 3231 590 3237 —
618 3216 670 3247 ⁵29.
695 3216 852 3247 liberatas
875 3217 1035 3249 discedere
1056 3218 1098 3250 kl
1113 3228 1168 3250 m:
1199 3219 1354 3251 liberatus
1377 3222 1500 3253 discere
1522 3222 1546 3253 B
1562 3222 1587 3251 G
1601 3230 1619 3252 a
1633 3221 1655 3252 b
1671 3230 1689 3252 c
1702 3221 1723 3252 d
1739 3222 1752 3253 f
1761 3223 1815 3263 gh
1831 3233 1870 3261 n,

117 3261 250 3293 libenter
273 3263 434 3298 discedere
457 3273 493 3303 e,
528 3265 689 3298 discedere
711 3266 868 3298 liberatus
889 3268 914 3298 A
930 3268 953 3298 L
968 3267 989 3301 8
1003 3269 1039 3299 O.
1072 3286 1107 3291 —
1139 3270 1191 3301 35.
1225 3270 1281 3301 tibi
1311 3271 1391 3302 satis
1413 3281 1478 3303 non
1500 3271 1582 3303 dabo
1606 3270 1666 3301 Bb
1681 3279 1699 3302 c
1713 3271 1735 3302 d
1749 3281 1766 3303 e
1782 3272 1826 3304 fh
1841 3273 1871 3305 il

117 3319 209 3342 mn:
246 3312 326 3344 satis
355 3311 411 3343 tibi
438 3323 503 3345 non
531 3314 614 3346 dabo
639 3317 680 3355 G,
717 3315 773 3346 tibi
804 3326 869 3347 non
891 3317 971 3347 satis
994 3317 1076 3348 dabo
1099 3318 1249 3352 AL80.
1285 3320 1334 3352 Cf.
1361 3329 1394 3363 p.
1421 3322 1544 3355 Roscio
1570 3320 1666 3355 Com.
1694 3320 1724 3366 g.
1751 3321 1803 3353 35.
1832 3340 1868 3347 ἡ

118 3359 169 3391 36.
195 3361 266 3400 quis
287 3359 355 3401 hoc]
381 3362 459 3398 quid
481 3363 539 3395 hoc
563 3373 593 3396 e.
622 3382 656 3387 -
682 3365 723 3397 sit
744 3365 778 3396 in
803 3366 970 3406 Quintium
993 3367 1143 3407 iniquam
1166 3377 1229 3401 esse
1245 3369 1276 3405 k.
