2127 3708
627 224 725 265 cn».
754 223 835 264 xx
847 244 901 254 -
912 223 1044 263 xxn.
1083 221 1156 276 §§-
1187 220 1240 261 54
1253 243 1307 253 -
1321 221 1387 263 60.
1825 220 1878 261 45

136 337 308 378 cautior.
354 336 477 385 Quod
507 336 541 376 si
571 334 664 375 luce
696 348 865 389 quoque
898 349 1020 375 canes
1050 334 1224 382 latrent,
1257 348 1349 374 cum
1380 333 1481 373 deos
1503 334 1726 374 salutatum
1747 334 1877 388 aliqui

134 401 341 448 venerint,
380 398 550 451 opinor,
591 397 640 436 iis
682 410 801 436 crura
839 397 1158 449 suffringantur,
1200 396 1312 450 quod
1353 409 1467 435 acres
1498 396 1580 435 sint
1609 397 1732 435 etiam
1770 402 1877 443 tum,

136 478 229 503 cum
269 461 452 515 suspicio
478 459 608 499 >nulla
639 459 703 499 sit.
764 458 828 498 57.
862 459 1080 499 Simillima
1111 465 1173 498 est
1202 464 1490 499 accusatorum
1521 458 1639 497 ratio.
1698 459 1779 498 Alii
1810 472 1879 498 ve-

135 532 263 565 strum
293 535 459 564 anseres
490 527 606 568 sunt,
639 521 712 575 qui
745 520 1029 560 tantummodo
1062 521 1259 568 clamant,
1291 533 1442 560 nocere
1463 533 1547 559 non
1579 526 1776 573 possunt:
1808 521 1878 560 alii

136 601 282 634 canes,
314 585 385 639 qui
415 589 456 623 et
483 583 631 623 latrare
664 588 704 622 et
734 583 923 622 mordere
954 588 1144 635 possunt.
1206 583 1368 623 Cibaria
1398 582 1517 621 vobis
1548 582 1735 634 praeberi
1766 582 1878 621 vide·
1909 591 1928 619 5

135 663 251 688 mus:
282 661 355 688 vos
386 651 523 685 autem
554 645 732 684 maxime
764 645 924 684 debetis
957 645 998 683 in
1029 657 1100 683 eos
1132 645 1331 698 impetum
1361 644 1520 691 facere,
1552 644 1624 697 qui
1655 649 1877 683 merentur.

133 712 222 751 Hoc
253 708 408 763 populo
440 708 719 761 gratissimum
751 712 826 747 est.
884 707 1043 747 Deinde
1075 707 1109 746 si
1140 708 1310 753 voletis,
1357 706 1480 746 etiam
1520 711 1628 752 tum,
1669 719 1760 745 cum
1792 706 1877 745 veri

133 773 267 813 simile
299 771 376 811 erit
405 770 587 824 aliquem
620 770 894 816 commisisse,
925 769 967 808 in
1000 769 1239 822 suspicione
1270 770 1476 808 latratote.
1520 768 1567 808 ld
1589 781 1758 822 quoque
1781 782 1878 808 con-

134 835 223 874 cedi
253 837 403 886 potest.
450 833 521 872 Sin
552 838 690 872 autem
721 833 779 871 sic
810 832 963 884 agetis,
994 838 1041 871 ut
1070 832 1251 885 arguatis
1273 832 1458 885 aliquem
1480 836 1639 883 patrem
1661 831 1878 878 occidisse,

131 909 267 950 neque
298 895 436 935 dicere
467 895 637 948 possitis
667 899 739 935 aut
769 907 897 948 quare
928 899 1000 933 aut
1031 907 1116 947 quo
1143 894 1291 941 modo,
1322 907 1368 933 ac
1390 894 1678 934 tantummodo
1700 895 1788 934 sine
1811 908 1878 934 su·
1894 902 1927 930 ⁴0

132 958 318 1011 spicione
348 957 572 1005 latrabitis,
605 971 724 997 crura
755 957 923 1010 quidem
954 956 1072 996 vobis
1103 970 1224 996 nemo
1257 956 1493 1008 suffringet,
1525 957 1597 995 sed
1628 956 1662 996 si
1696 969 1771 1009 ego
1800 956 1877 996 hos

131 1021 235 1060 bene
266 1020 387 1067 novi,
418 1020 596 1060 litteram
627 1020 762 1066 illam,
795 1019 861 1059 cui
892 1032 967 1058 vos
997 1032 1132 1072 usque
1164 1033 1213 1059 eo
1244 1019 1402 1058 inimici
1435 1019 1556 1066 estis,
1588 1023 1634 1058 ut
1654 1018 1778 1058 etiam
1798 1018 1880 1058 Ka—

131 1083 273 1123 lendas
305 1096 449 1122 omnes
481 1082 675 1129 oderitis,
719 1082 776 1121 ita
805 1082 1073 1121 vehementer
1102 1081 1153 1121 ad
1185 1086 1309 1134 caput
1338 1079 1525 1134 affigent,
1555 1086 1602 1120 ut
1631 1087 1778 1134 postea
1807 1094 1880 1120 ne-

131 1146 284 1185 minem
323 1145 450 1185 alium
489 1145 569 1184 nisi
615 1145 802 1184 fortunas
842 1150 1000 1184 vestras
1041 1157 1236 1183 accusare
1282 1144 1464 1196 possitis.
1523 1144 1638 1183 XXI.
1669 1142 1734 1182 58.
1767 1143 1877 1191 Quid

131 1208 233 1248 mihi
273 1208 324 1248 ad
367 1207 674 1247 defendendum
718 1206 893 1253 dedisti,
932 1206 1042 1246 bone
1083 1208 1328 1245 accusator?
1374 1206 1475 1259 quid
1513 1205 1627 1245 hisce
1659 1212 1796 1246 autem
1827 1206 1879 1246 ad
1896 1214 1928 1244 15

133 1270 458 1324 suspicandum?
502 1269 561 1308 Ne
593 1268 935 1314 exheredaretur,
966 1268 1122 1307 veritus
1154 1273 1228 1308 est.
1269 1268 1431 1317 Audio;
1463 1268 1535 1308 sed
1570 1282 1654 1322 qua
1683 1269 1733 1309 de
1756 1282 1879 1309 causa

131 1334 264 1374 vereri
295 1331 500 1379 debuerit,
531 1344 654 1371 nemo
677 1331 789 1370 dicit.
832 1330 1023 1370 Habebat
1051 1335 1170 1383 pater
1189 1331 1232 1369 in
1253 1331 1406 1370 animo.
1450 1331 1625 1371 Planum
1645 1331 1722 1372 fac.
1767 1332 1880 1371 Nihil

133 1401 215 1444 est3
245 1409 353 1443 non,
385 1395 556 1450 quicum
588 1394 847 1440 deliberarit,
879 1407 1004 1447 quem
1036 1393 1255 1433 certiorem
1284 1393 1451 1440 fecerit,
1480 1393 1592 1433 unde
1623 1394 1734 1434 istud
1760 1395 1878 1435 vobis

132 1458 332 1511 suspicari
375 1458 418 1498 in
457 1462 637 1497 mentem
673 1457 846 1497 venerit.
907 1456 1009 1496 Cum
1047 1455 1128 1495 1100
1158 1455 1284 1494 modo
1315 1469 1511 1503 accusas,
1546 1457 1695 1504 Eruci,
1738 1471 1878 1497 nonne

130 1520 210 1560 hoc
230 1520 368 1574 palam
389 1520 517 1560 dicis:
547 1520 659 1573 Ego,
692 1519 793 1573 quid
815 1518 1068 1571 acceperim,
1100 1518 1210 1565 scio,
1242 1517 1343 1571 quid
1366 1518 1521 1566 dicam,
1552 1519 1718 1567 nescio3
1749 1533 1879 1560 unum
1893 1525 1929 1554 20

132 1582 236 1622 illud
266 1583 468 1636 spectavi,
501 1583 614 1636 quod
646 1583 941 1636 Chrysogonus
972 1581 1130 1627 aiebat,
1176 1580 1385 1620 neminem
1416 1581 1485 1620 isti
1514 1586 1737 1634 patronum
1765 1583 1880 1623 futu-

131 1659 243 1693 rum,
274 1645 324 1685 de
354 1647 558 1686 bonorum
591 1646 800 1698 emptione
832 1644 968 1697 deque
1000 1656 1048 1683 ea
1078 1643 1276 1683 societate
1307 1644 1517 1683 neminem
1548 1657 1659 1692 esse,
1691 1645 1762 1699 qui
1788 1659 1880 1685 ver-

131 1707 228 1747 bum
257 1707 392 1748 facere
422 1708 594 1749 auderet
622 1709 702 1748 1100
734 1713 932 1760 tempore.
971 1706 1083 1745 Haec
1113 1710 1153 1745 te
1186 1706 1329 1758 opinio
1359 1706 1464 1746 falsa
1484 1706 1527 1746 in
1547 1707 1669 1746 istam
1689 1706 1878 1747 fraudem

133 1769 308 1822 impulit.
360 1772 454 1810 Non
491 1784 556 1810 me
594 1770 785 1810 hercules
815 1769 988 1808 verbum
1017 1767 1211 1817 fecisses,
1251 1769 1284 1809 si
1316 1769 1392 1809 tibi
1423 1782 1676 1823 quemquam
1705 1782 1880 1823 respon-

134 1845 274 1871 surum
303 1838 507 1884 putasses.
1891 1838 1928 1868 25

245 1892 310 1933 59.
348 1894 508 1947 Operae
537 1892 718 1947 pretium
748 1899 854 1940 erat,
895 1893 930 1932 si
960 1893 1332 1940 animadvertistis,
1369 1893 1551 1941 iudices,
1583 1894 1879 1948 negligentiam

136 1955 225 1996 eius
263 1956 307 1995 in
346 1956 578 1996 accusando
621 1955 898 1995 considerare.
959 1955 1114 2003 Credo,
1155 1969 1248 1995 cum
1278 1956 1471 2003 vidisset,
1515 1957 1587 2010 qui
1615 1958 1806 1998 homines
1836 1958 1878 1997 in

133 2018 247 2058 hisce
278 2019 487 2059 subselliis
518 2018 731 2065 sederent,
764 2019 1000 2071 quaesisse,
1034 2031 1133 2057 num
1163 2017 1235 2057 ille
1265 2023 1338 2057 aut
1366 2018 1436 2058 ille
1469 2018 1716 2060 defensurus
1746 2027 1878 2068 esset;

133 2081 185 2120 de
216 2095 280 2121 me
310 2095 362 2121 ne
393 2081 647 2134 suspicatum
680 2080 848 2133 quidem
880 2095 993 2128 esse,
1025 2079 1139 2133 quod
1161 2086 1282 2120 antea
1303 2094 1470 2121 causam
1490 2082 1700 2134 publicam
1721 2083 1878 2123 nullam

132 2141 320 2182 dixerim.
378 2143 651 2196 Posteaquam
694 2143 853 2182 invenit
892 2134 1100 2182 neminem
1131 2155 1300 2190 eorum,
1341 2144 1412 2197 qui
1450 2149 1630 2197 possunt
1660 2150 1701 2185 et
1730 2146 1928 2194 solent,3o

131 2205 190 2243 ita
232 2204 444 2257 negligens
491 2218 580 2244 esse
625 2204 784 2257 coepit,
826 2210 893 2252 ut,
937 2218 1029 2244 cum
1071 2204 1114 2243 in
1153 2210 1335 2245 mentem
1363 2207 1527 2247 veniret
1566 2207 1625 2254 ei,
1665 2208 1880 2256 resideret,

131 2266 281 2306 deinde
312 2267 582 2320 spatiaretur,
613 2280 930 2320 nonnumquam
960 2267 1085 2306 etiam
1114 2280 1290 2320 puerum
1320 2274 1511 2317 vocaret,
1542 2269 1686 2318 credo,
1718 2270 1784 2310 cui
1814 2284 1880 2311 ce-

131 2341 226 2368 nam
254 2328 494 2381 imperaret,
524 2343 696 2382 prorsus
727 2334 773 2369 ut
801 2335 940 2370 vestro
972 2342 1171 2369 consessu
1203 2334 1244 2370 et
1271 2330 1352 2370 1100
1383 2337 1591 2372 conventu
1622 2345 1697 2385 pro
1720 2345 1881 2373 summa

132 2389 356 2430 solitudine
386 2391 638 2431 abuteretur.
696 2392 829 2431 XXII.
862 2391 927 2431 60.
958 2392 1172 2433 Peroravit
1201 2393 1451 2446 aliquando,
1485 2394 1653 2435 assedit.
1709 2395 1879 2435 Surrexi

132 2465 222 2505 ego.
268 2453 486 2506 Respirare
516 2454 630 2494 visus
663 2460 745 2502 est,
778 2454 890 2508 quod
921 2467 1006 2494 non
1036 2455 1142 2495 alius
1171 2455 1315 2507 potius
1337 2455 1505 2497 diceret.
1566 2457 1694 2511 Coepi
1727 2457 1878 2498 dicere.
1892 2468 1929 2497 35

131 2514 269 2569 Usque
300 2528 348 2555 eo
379 2515 673 2564 animadverti,
704 2516 889 2564 iudices,
921 2529 1016 2556 eum
1046 2517 1175 2557 iocari
1206 2522 1331 2571 atque
1363 2518 1466 2559 alias
1497 2532 1562 2559 res
1592 2532 1734 2573 agere,
1765 2525 1879 2559 ante-

217 2638 247 2669 4.
273 2638 347 2670 deos
368 2647 445 2671 vc:
472 2639 529 2671 deo
552 2640 594 2678 G;
621 2648 656 2671 eo
679 2641 711 2672 M
725 2649 755 2671 a.
783 2639 982 2672 «Glossema
999 2649 1118 2672 veram
1135 2641 1343 2682 scripturam
1360 2640 1437 2674 loco
1455 2641 1626 2680 demovit,
1653 2651 1768 2683 neque
1785 2643 1878 2674 enim

130 2688 213 2728 puto
237 2687 342 2720 fuisse
367 2689 441 2721 deos
463 2699 498 2721 eo
522 2690 733 2722 salutatum.»
759 2692 838 2721 GAR.
860 2690 889 2721 2.
920 2708 953 2712 —
980 2690 1010 2721 ⁶2.
1036 2691 1076 2721 iis
1100 2699 1169 2722 om.
1189 2691 1226 2722 G.
1257 2709 1288 2714 -
1317 2692 1415 2724 etiam
1437 2701 1511 2723 cum
1534 2695 1602 2723 tum
1625 2693 1662 2723 G.
1692 2709 1725 2714 -
1752 2691 1782 2723 3.
1808 2689 1877 2732 alii]

129 2736 175 2769 υἷι
197 2738 234 2769 G.
264 2756 297 2760 —
333 2737 364 2770 4.
391 2742 498 2770 tamen
520 2740 615 2771 modo
637 2749 670 2771 Υ.
698 2758 733 2762 -
772 2740 801 2771 6.
836 2740 869 2770 in-
901 2748 973 2770 eum
995 2740 1017 2770 i.
1041 2739 1066 2780 f.
1093 2740 1149 2779 qui
1171 2744 1314 2772 meretur
1336 2750 1368 2773 ν.
1397 2759 1431 2764 -
1463 2742 1494 2773 7.
1519 2741 1752 2782 yrauissimum
1774 2742 1810 2773 G.
1840 2759 1874 2764 —-

128 2786 222 2818 voltis
244 2796 278 2825 χ.
308 2805 344 2810 —-
378 2787 408 2819 8.
441 2788 583 2828 aliquem
611 2789 738 2829 aliquid
766 2789 959 2820 commisisse
982 2789 1071 2821 coni.
1097 2790 1235 2821 Hotom.
1264 2808 1299 2812 —
1331 2791 1382 2822 40.
1407 2792 1476 2823 sine
1497 2790 1685 2832 suspicione]
1710 2791 1798 2822 haec
1821 2800 1876 2822 vv.

129 2838 168 2868 ut
190 2835 343 2876 glossam
367 2846 443 2869 voc.
470 2839 692 2870 tantummodo
716 2838 863 2870 delenda
889 2841 1101 2871 censuerunt
1123 2839 1283 2871 Benecke
1308 2839 1340 2870 in
1365 2849 1480 2881 progr.
1509 2842 1632 2872 Posen.
1659 2840 1752 2872 4833.
1785 2849 1819 2882 p.
1845 2840 1876 2872 8.

130 2888 165 2918 et
187 2887 310 2918 Ravius
326 2887 366 2919 11.
391 2897 425 2928 p.
446 2888 517 2920 424.
547 2907 582 2910 —
612 2890 662 2921 11⁴2.
688 2890 762 2920 Kal.
790 2897 897 2920 omnes
912 2888 1068 2927 Pighius,
1095 2889 1193 2921 cuius
1211 2888 1493 2921 emendationem
1510 2893 1650 2931 praeter
1666 2889 1877 2922 scholiastae

130 2935 394 2977 explicationem
419 2937 556 2969 firmant
571 2939 603 2970 M
617 2939 640 2970 C
665 2939 824 2970 calomnis
842 2938 873 2977 (i.
893 2946 923 2968 e.
941 2937 1016 2969 Kal.
1035 2938 1149 2979 omnis)
1176 2940 1210 2969 et
1229 2939 1306 2970 Par.
1327 2939 1356 2969 4.
1375 2937 1406 2970 4.
1432 2940 1495 2970 cal.
1522 2949 1630 2972 omnes
1653 2939 1874 2972 exhibentes:

129 2985 284 3017 calonnus
307 2987 350 3024 G;
375 2987 546 3018 calumniis
567 2989 586 3019 5
605 2988 702 3027 01111Ἶ
727 2989 804 3020 Ρ31.
830 2988 860 3019 3.
887 2987 932 3026 8.‚
958 2996 1030 3026 va;
1055 2997 1111 3019 eas
1134 2997 1242 3020 omnes
1265 2996 1300 3026 0,
1326 2987 1399 3020 Pal.
1421 2989 1451 3020 4.
1474 3007 1508 3011 —-
1535 2989 1587 3021 43.
1613 2989 1746 3030 affigeret
1767 2990 1820 3021 ΜΞ
1838 2998 1875 3021 0;

129 3035 293 3076 adfinyent
315 3036 445 3068 GCTa
478 3037 552 3078 (sed
584 3037 608 3069 C
624 3038 678 3069 Ta
703 3037 797 3078 aff.);
834 3037 1013 3077 affrinyent
1034 3045 1073 3075 v;
1111 3038 1243 3079 affirmet
1266 3047 1308 3075 χ;
1344 3038 1473 3079 esfiqent
1494 3040 1566 3076 Μίς
1602 3039 1752 3080 effingent
1773 3040 1811 3071 R.
1839 3057 1874 3062 —

129 3084 182 3117 44.
206 3087 331 3116 vestras
354 3094 422 3117 om.
442 3087 479 3118 G.
500 3104 535 3108 —
562 3087 614 3118 45.
640 3086 719 3118 bone
742 3096 848 3118 accus.
868 3095 936 3117 om.
956 3087 992 3117 G.
1013 3104 1049 3109 --
1075 3087 1119 3118 ad
1140 3087 1391 3127 supplicandum
1413 3097 1515 3128 neque
1537 3088 1609 3120 esth.
1630 3090 1667 3120 G.
1689 3107 1723 3111 —
1751 3089 1801 3121 ⁴8.
1819 3089 1877 3120 de-

127 3133 312 3166 liberaverit
336 3134 378 3173 C;
415 3136 604 3168 deliberavit
627 3137 717 3175 GM,
743 3135 762 3168 4
779 3137 876 3173 On„
901 3144 966 3168 va.
996 3153 1031 3158 —
1056 3137 1108 3168 49.
1134 3146 1255 3168 accusa
1278 3138 1314 3168 G.
1344 3155 1379 3158 —
1405 3138 1457 3169 20.
1484 3139 1589 3170 dicitis
1612 3140 1649 3170 G.
1678 3155 1713 3160 —-
1738 3138 1792 3170 23.
1818 3147 1879 3170 au-

129 3184 217 3215 deret
238 3184 296 3215 hoc
318 3186 460 3224 tempore
477 3186 503 3216 G
516 3186 603 3217 Mv:
628 3186 687 3217 hoc
709 3189 804 3225 temp.
832 3185 908 3216 aud.
932 3193 951 3216 3
965 3193 1002 3222 0,
1029 3185 1109 3217 edd.
1127 3186 1218 3227 vulg.
1240 3204 1274 3209 —
1300 3185 1352 3219 24.
1372 3196 1422 3219 me
1443 3187 1585 3219 hercules
1601 3188 1671 3219 GM
1684 3188 1708 3220 C
1723 3187 1789 3220 HR
1802 3189 1822 3219 S
1835 3197 1855 3219 3
1872 3197 1879 3219 :

128 3242 179 3265 me
199 3233 327 3266 hercule
348 3243 370 3265 v
386 3243 416 3266 0.
438 3252 473 3256 -
498 3235 551 3266 27.
576 3235 728 3277 homines]
753 3235 849 3267 bonos
865 3235 901 3266 G.
924 3252 959 3256 —
985 3235 1038 3267 28.
1064 3237 1237 3275 quaesisset
1261 3237 1336 3275 Gv‚
1362 3234 1382 3268 4
1399 3237 1480 3269 ΟΠ.
1501 3256 1537 3261 -
1562 3237 1615 3269 29.
1639 3236 1689 3278 ne]
1713 3246 1778 3269 non
1802 3238 1874 3269 Gv.

132 3300 167 3306 -—
193 3283 321 3323 quidem
342 3291 407 3315 esse
431 3284 535 3316 GMv
550 3292 586 3324 a,
613 3285 632 3316 6
648 3285 744 3323 Oxx.,
771 3286 864 3316 Parr.
893 3283 965 3324 (sed
982 3285 1041 3316 Tv
1063 3286 1170 3326 osseo:
1196 3294 1266 3318 om.
1292 3294 1358 3317 esse
1381 3287 1449 3319 Oc.
1471 3306 1506 3310 —
1532 3290 1607 3319 ante
1628 3295 1661 3318 v.
1683 3304 1717 3308 —
1744 3286 1796 3319 32.
1821 3295 1875 3319 ce-

130 3339 208 3362 nam
231 3332 316 3364 GL:
343 3341 477 3365 coe-nam
499 3332 614 3375 vulgo.
644 3352 680 3356 —
707 3334 759 3367 33.
784 3338 821 3366 ut
838 3343 976 3375 prorsus
997 3335 1041 3368 M.
1070 3352 1106 3359 —
1132 3339 1161 3369 et
1182 3334 1251 3374 hoc]
1276 3334 1310 3367 in
1332 3335 1391 3368 hoc
1412 3344 1446 3369 v.
1473 3353 1510 3360 -
1534 3335 1587 3369 34.
1613 3336 1737 3369 adsedit
1759 3337 1796 3369 G.
