2127 3708
221 241 274 282 48
606 239 803 282 ORATIO
833 241 936 282 PRO
969 241 1085 281 SEX.
1115 239 1308 281 ROSCIO
1337 240 1578 282 AMERINO

220 353 362 394 terreri
402 352 616 393 Furiarum
656 353 787 393 taedis
817 353 1070 392 ardentibus.
1130 354 1212 391 Sua
1243 366 1450 406 quemque
1480 353 1592 393 fraus
1625 358 1665 392 et
1694 366 1793 392 suus
1823 358 1959 393 terror

220 416 397 455 maxime
427 420 571 464 vexat3
603 429 722 455 suum
753 428 960 468 quemque
982 415 1116 454 scelus
1137 414 1265 466 agitat
1285 416 1549 468 amentiaque
1573 413 1722 461 aflicit;
1754 427 1853 454 suae
1873 428 1957 454 ma-

218 479 282 518 lae
314 478 587 531 cogitationes
619 477 983 529 conscientiaeque
1014 476 1139 515 animi
1171 481 1346 515 terrent:
1378 477 1454 516 hae
1485 483 1580 516 sunt
1607 476 1744 529 impiis
1765 476 1957 516 assiduae

220 540 555 593 domesticaeque
586 540 753 586 Furiae,
785 552 892 591 quae
924 538 1011 576 dies
1042 542 1270 590 noctesque
1301 544 1518 590 parentum
1549 552 1705 591 poenas
1736 552 1759 577 a
1790 551 1957 578 consce-

188 601 478 641 5leratissimis
518 600 613 640 filiis
649 606 850 653 repetant.
910 598 975 638 (38.
1006 600 1118 638 Haec
1150 599 1390 651 magnitudo
1422 600 1610 640 maleficii
1642 601 1761 647 facit,
1803 604 1848 639 ut
1877 599 1957 639 nisi

218 677 349 716 paene
381 664 644 703 manifestum
676 662 942 715 parricidium
972 661 1229 713 proseratur,
1270 661 1466 701 credibile
1497 676 1580 702 non
1611 662 1681 709 sit,
1713 662 1792 701 nisi
1824 661 1957 714 turpis

217 726 518 773 adolescentia,
559 726 638 764 nisi
681 724 872 763 omnibus
913 721 1078 776 ssagitiis
1108 723 1191 762 vita
1230 723 1469 775 inquinata,
1510 725 1588 763 nisi
1621 730 1808 776 sumptus
1840 722 1957 762 effusi

217 803 309 828 cum
341 789 493 842 probro
526 793 650 841 atque
683 787 907 832 dedecore,
938 786 1017 826 nisi
1049 791 1248 839 prorupta
1279 786 1470 833 audacia,
1501 787 1580 826 nisi
1603 793 1715 827 tanta
1737 785 1958 831 temeritas,

217 856 262 890 ut
292 863 375 890 non
406 850 552 903 procul
583 850 803 889 abhorreat
824 847 874 886 ab
896 848 1071 888 insania.
1111 849 1291 887 Accedat
1310 848 1391 887 hue
1413 854 1576 901 oportet
1598 849 1739 888 odium
1760 847 1958 900 parentis,

168 922 202 952 40
217 912 589 953 animadversionis
629 917 824 964 paternae
862 914 1015 958 metus,
1052 910 1172 950 amici
1205 910 1403 962 improbi,
1445 911 1549 950 servi
1581 911 1756 957 conscii,
1797 914 1958 961 tempus

216 976 435 1021 idoneum,
467 975 584 1013 locus
615 978 850 1026 opportune
881 978 1024 1025 captus
1056 973 1106 1012 ad
1139 986 1227 1011 eam
1260 986 1370 1019 rem3
1401 986 1531 1025 paene
1564 973 1718 1020 dicam,
1750 983 1958 1024 respersas

216 1052 361 1078 manus
392 1037 592 1089 sanguine
624 1043 796 1089 paterno
828 1035 984 1074 iudices
1013 1035 1181 1074 videant
1211 1040 1396 1087 oportet,
1428 1036 1461 1075 si
1485 1041 1641 1075 tantum
1664 1036 1846 1081 facinus,
1876 1038 1958 1072 tam

216 1102 414 1147 immane,
454 1105 536 1139 tam
575 1098 767 1139 acerbum
805 1097 1001 1137 credituri
1033 1104 1140 1137 sunt.
1201 1096 1265 1135 (51).
1299 1097 1436 1145 Quare
1467 1098 1569 1145 hoc,
1614 1112 1696 1151 quo
1730 1098 1865 1137 minus
1897 1101 1959 1135 est

215 1162 434 1208 credibile,
475 1162 553 1202 nisi
589 1161 843 1206 ostenditur,
885 1173 932 1199 eo
976 1161 1105 1211 magis
1136 1166 1216 1205 est,
1264 1160 1295 1199 si
1329 1160 1610 1207 convincitur,
1648 1158 1956 1199 vindicandum.

167 1233 201 1262 ⁴5
215 1225 344 1263 XXV.
374 1224 519 1277 Itaque
551 1237 643 1262 cum
674 1223 816 1262 multis
847 1226 899 1262 ex
928 1222 1051 1261 rebus
1085 1222 1261 1274 intelligi
1293 1227 1450 1274 potest,
1482 1222 1659 1261 maiores
1688 1228 1853 1261 nostros
1874 1235 1957 1261 non

214 1286 339 1325 modo
378 1286 502 1325 armis
544 1285 638 1338 plus
671 1299 795 1338 quam
827 1290 984 1324 ceteras
1015 1284 1221 1330 nationes,
1261 1297 1404 1323 verum
1437 1284 1558 1322 etiam
1590 1283 1765 1323 consilio
1796 1283 1959 1336 sapien-

213 1349 354 1402 tiaque
386 1348 595 1402 potuisse,
628 1352 715 1387 tum
747 1362 796 1388 ex
827 1348 903 1387 hac
934 1360 978 1386 re
1007 1345 1072 1385 vel
1103 1346 1304 1392 maxime,
1349 1345 1463 1398 quod
1493 1346 1535 1385 in
1566 1345 1717 1398 impios
1750 1345 1957 1398 singulare

214 1411 467 1464 supplicium
498 1411 758 1450 invenerunt.
819 1410 912 1458 Qua
952 1409 994 1447 in
1024 1422 1067 1447 re
1099 1413 1299 1461 quantum
1330 1408 1554 1460 prudentia
1584 1407 1866 1460 praestiterint
1894 1406 1957 1453 iis,

214 1474 285 1526 qui
317 1472 427 1526 apud
460 1478 620 1512 eeteros
652 1471 947 1525 sapientissimi
969 1471 1097 1510 fuisse
1122 1471 1336 1517 dicuntur,
1369 1470 1641 1509 considerate.
1688 1469 1752 1510 70.
1775 1469 1958 1510 Pruden—

163 1545 199 1574 ‘20
213 1536 373 1575 tissima
404 1535 548 1574 civitas
578 1534 916 1580 Atheniensium,
949 1533 1045 1572 dum
1077 1546 1125 1572 ea
1154 1546 1290 1572 rerum
1322 1533 1453 1585 potita
1488 1537 1571 1579 est,
1601 1533 1730 1572 fuisse
1761 1531 1956 1572 traditur:

213 1598 301 1637 eius
342 1610 465 1650 porro
507 1597 684 1636 civitatis
729 1595 1082 1648 sapientissimum
1123 1595 1318 1634 Solonem
1357 1594 1501 1634 dicunt
1538 1594 1687 1642 fuisse,
1729 1609 1841 1642 eum,
1886 1593 1957 1648 qui

212 1660 346 1713 leges,
379 1660 530 1713 quibus
560 1659 685 1698 hodie
717 1672 887 1712 quoque
921 1662 1113 1704 utuntur,
1151 1657 1374 1709 scripserit.
1427 1658 1465 1698 Is
1496 1671 1589 1696 cum
1621 1657 1957 1709 interrogaretur,

213 1736 286 1762 cur
315 1723 477 1762 nullum
509 1722 760 1774 supplicium
792 1719 1076 1759 constituisset
1106 1720 1148 1758 in
1180 1732 1293 1766 eum,
1326 1720 1397 1772 qui
1420 1725 1633 1772 parentem
1656 1724 1862 1766 necasset,
1894 1732 1958 1757 re·-

213 1785 401 1839 spondit,
434 1798 476 1824 se
508 1783 549 1822 id
579 1783 788 1823 neminem
809 1782 1014 1822 facturum
1035 1786 1216 1833 putasse.
1258 1782 1475 1833 Sapienter
1494 1781 1641 1820 fecisse
1663 1781 1832 1828 dicitur,
1863 1794 1956 1820 cum

163 1856 199 1886 25
216 1848 266 1887 de
299 1860 346 1887 eo
379 1846 483 1886 nihil
514 1845 715 1893 sanxerit,
749 1844 861 1898 quod
892 1849 1013 1883 antea
1043 1843 1310 1882 commissum
1333 1857 1416 1882 non
1439 1848 1546 1890 erat,
1577 1856 1628 1883 ne
1651 1848 1839 1882 nontam
1861 1856 1957 1895 pro-

210 1909 354 1949 hibere
402 1922 526 1963 quam
570 1907 794 1947 admonere
833 1906 1052 1945 videretur.
1114 1906 1279 1952 Quanto
1318 1905 1450 1945 nostri
1490 1905 1668 1944 maiores
1700 1904 1954 1958 sapientius!

212 1972 283 2025 qui
315 1985 409 2011 cum
439 1969 738 2022 intelligerent,
770 1968 872 2008 nihil
904 1981 995 2008 esse
1026 1972 1108 2007 tam
1140 1972 1346 2014 sanctum,
1379 1966 1492 2021 quod
1514 1980 1598 2006 non
1620 1966 1847 2020 aliquando
1868 1966 1956 2006 vio-

211 2034 314 2073 laret
352 2033 548 2079 audacia,
593 2031 845 2084 supplicium
885 2031 927 2070 in
971 2029 1197 2083 parricidas
1236 2029 1444 2081 singulare
1485 2028 1846 2081 excogitaverunt3
1892 2032 1954 2074 ut,

211 2110 318 2150 quos
347 2101 495 2136 natura
525 2095 616 2147 ipsa
646 2095 824 2134 retinere
855 2094 897 2133 in
929 2091 1067 2133 officio
1099 2106 1182 2131 non
1213 2091 1436 2144 potuisset,
1481 2089 1764 2143 magnitudine
1793 2102 1955 2142 poenae

160 2167 233 2197 30a
264 2156 464 2197 maleficio
496 2162 866 2197 summoverentur.
925 2155 1039 2194 Insui
1070 2155 1292 2194 voluerunt
1322 2154 1363 2192 in
1395 2153 1575 2192 culleum
1596 2153 1712 2191 vivos
1744 2157 1869 2205 atque
1898 2152 1956 2190 ita

211 2220 252 2259 in
286 2221 438 2259 flumen
469 2219 606 2259 deiici.
666 2220 815 2258 XXVI.
847 2214 911 2256 71.
944 2216 977 2256 O
1008 2216 1258 2268 singularem
1281 2215 1546 2268 sapientiam,
1579 2213 1763 2253 iudicesl
1809 2213 1954 2253 Nonne

209 2283 403 2322 videntur
446 2282 557 2321 hunc.
596 2281 808 2321 hominem
847 2294 898 2319 ex
937 2292 1074 2319 rerum
1116 2282 1262 2317 natura
1292 2276 1511 2316 sustulisse
1542 2281 1582 2315 et
1613 2275 1840 2328 eripuisse,
1887 2274 1954 2314 cui

210 2349 380 2398 repente
413 2343 596 2391 caelum,
627 2343 777 2390 solem,
809 2355 960 2395 aquam
992 2345 1248 2393 terrramque
1272 2338 1524 2386 ademerint3
1556 2343 1619 2385 ut,
1652 2338 1723 2391 qui
1755 2351 1849 2377 eum
1881 2349 1953 2376 ne-

211 2411 366 2454 casset,
404 2405 515 2446 unde
557 2406 646 2459 ipse
685 2409 807 2445 natus
847 2409 975 2451 esset,
1021 2408 1179 2443 careret
1218 2402 1268 2442 iis
1308 2402 1430 2442 rebus
1462 2401 1674 2448 omnibus,
1719 2413 1770 2439 ex
1801 2399 1953 2453 quibus

297 2561 326 2592 4,
361 2560 471 2601 taedis]
506 2560 590 2591 cedis
618 2560 643 2590 G
674 2560 725 2599 (ex
750 2559 843 2597 tedis,
880 2560 918 2589 ut
941 2559 994 2589 est
1017 2557 1050 2588 in
1073 2566 1093 2587 x·
1108 2566 1126 2587 a
1141 2557 1181 2597 c).
1219 2574 1252 2577 —
1290 2559 1319 2587 et
1341 2564 1417 2586 suus
1440 2555 1556 2594 terror]
1593 2558 1622 2586 et
1645 2563 1721 2585 suus
1743 2562 1838 2585 error
1859 2552 1948 2585 coni.

208 2609 237 2642 J.
266 2611 299 2642 F.
327 2610 517 2650 Heusinger
541 2609 582 2640 ad
608 2609 672 2641 Cic.
699 2609 736 2640 de
762 2608 822 2648 Off.
849 2609 902 2639 Ill.
935 2616 964 2639 c.
991 2607 1063 2643 3¹.;
1099 2610 1128 2638 et
1159 2610 1265 2638 terror
1286 2614 1363 2636 suus
1385 2614 1424 2637 v:
1461 2609 1489 2636 et
1512 2614 1606 2636 error
1628 2613 1704 2635 suus
1728 2603 1815 2635 coni.
1841 2602 1948 2634 Klein.

212 2660 338 2692 «Nimis
363 2662 465 2691 tenue
490 2661 542 2690 est
566 2667 639 2689 voc.
659 2667 753 2689 error
768 2658 844 2698 post
863 2656 1009 2688 alterum
1031 2657 1160 2697 fraus.»
1186 2657 1242 2687 On.
1262 2656 1291 2687 ⁵2.
1319 2655 1368 2686 Cf.
1389 2655 1490 2686 etiam
1508 2653 1654 2686 Osenbr.
1677 2672 1711 2676 -
1737 2655 1766 2685 2.
1786 2653 1895 2694 adficit
1911 2654 1947 2684 G.

212 2727 246 2730 —
273 2709 303 2740 3.
330 2708 604 2747 conscientiaeque
632 2708 663 2739 M
676 2716 744 2745 vc,
777 2705 890 2738 Schol.
922 2706 1048 2738 Lucani
1078 2706 1120 2736 ad
1154 2706 1221 2736 VII.
1254 2704 1326 2736 784.
1360 2714 1392 2746 p.
1420 2704 1482 2736 584
1512 2704 1634 2735 weh*
1670 2703 1881 2735 conscientiae
1905 2704 1948 2741 G3

209 2759 432 2797 amentiaeque
456 2758 479 2788 C
496 2758 608 2789 HSa:
634 2757 795 2788 amentiae
815 2761 857 2796 ψ.
881 2774 914 2778 -
941 2759 1064 2787 terrent
1081 2758 1117 2786 G.
1139 2773 1173 2778 —
1199 2754 1269 2794 hae]
1293 2754 1370 2785 haee
1394 2755 1450 2784 Ga
1476 2755 1509 2784 et
1524 2752 1635 2784 Schol.
1655 2754 1735 2784 Luc.
1763 2752 1811 2784 Cf.
1831 2751 1950 2784 Fleck-

210 2809 367 2839 eisenum
392 2807 424 2839 in
448 2808 543 2839 Novo
568 2807 686 2838 Museo
710 2806 817 2837 Rhen.
846 2806 964 2845 (1850.)
989 2806 1057 2836 vll.
1084 2814 1117 2846 p.
1136 2805 1191 2836 27¹
1214 2812 1289 2844 sqq.
1313 2821 1345 2824 —-
1372 2802 1401 2834 4.
1427 2803 1678 2833 sceleratissimis
1701 2803 1765 2834 Mt.
1787 2819 1821 2823 —
1847 2803 1877 2833 5.
1896 2810 1950 2832 re-

205 2862 317 2897 petunt
341 2858 429 2889 coni.
457 2856 614 2887 Schuetz.
644 2874 679 2878 —
705 2856 735 2886 7.
762 2856 974 2895 coinquinata
997 2864 1032 2892 χ.
1061 2873 1095 2876 —
1122 2855 1152 2886 8.
1173 2854 1234 2885 uisi
1259 2856 1444 2893 praerupta
1467 2861 1505 2883 v:
1544 2856 1640 2892 atque
1660 2855 1824 2891 prorupta
1847 2852 1883 2882 G.
1912 2868 1946 2872 —

212 2908 241 2939 9.
265 2906 422 2948 parentis]
444 2906 591 2946 parentis
615 2906 762 2936 animum
786 2906 821 2936 G.
852 2923 884 2927 —
915 2906 965 2936 ll.
992 2907 1147 2943 oportune
1170 2912 1202 2934 v.
1232 2922 1265 2925 —
1296 2903 1346 2934 43.
1372 2903 1457 2933 cred.
1483 2902 1544 2933 siut
1567 2911 1597 2932 a.
1627 2918 1661 2923 —
1689 2911 1751 2941 quo
1773 2901 1830 2942 m.]
1854 2900 1950 2931 comi-

210 2966 269 2989 nus
293 2958 356 2989 m.
386 2974 419 2977 —
447 2954 498 2986 44.
525 2955 736 2986 iudicandum
760 2955 821 2985 Ml.
854 2972 888 2977 —
915 2953 965 2984 48.
993 2957 1288 2993 quantumcumque
1311 2954 1347 2982 G.
1376 2971 1409 2973 —
1441 2953 1676 2991 praestiterunt
1699 2952 1810 2988 Μχο.
1839 2968 1874 2971 -
1899 2948 1949 2989 iis]

211 3007 241 3038 hi
265 3016 296 3037 v,
326 3024 360 3028 —
385 3006 438 3036 ⁹20.
463 3005 567 3044 potita
590 3007 665 3035 esset
689 3014 724 3041 χ.
752 3021 789 3026 -
815 3004 867 3034 22.
894 3003 985 3034 hodie
1008 3003 1122 3042 quibus
1145 3012 1176 3034 v.
1205 3019 1239 3024 —
1266 3002 1486 3041 interrogatus
1508 3005 1585 3032 esset
1608 3010 1639 3032 v.
1668 3017 1702 3021 —
1729 2999 1780 3031 at.
1806 3000 1839 3030 id
1861 3007 1893 3029 se
1914 3007 1946 3029 ν.

214 3074 247 3078 ——
274 3056 392 3087 dicitur
414 3064 483 3094 sap.
509 3055 617 3095 secisse
640 3063 672 3085 v,
701 3072 735 3076 —-
767 3053 819 3085 26.
845 3053 1017 3084 admovere
1040 3062 1075 3090 χ.
1105 3071 1139 3074 ——
1165 3052 1267 3083 nostri
1288 3051 1367 3081 mai.
1395 3052 1420 3081 G
1434 3051 1518 3082 Ma:
1552 3050 1631 3081 mai.
1657 3049 1759 3080 nostri
1782 3049 1883 3080 Ovc.
1911 3064 1946 3069 —-

209 3107 261 3137 27.
287 3115 350 3137 esse
373 3114 442 3137 om.
469 3106 506 3135 G.
535 3121 569 3125 —
596 3104 648 3134 29.
672 3106 776 3142 posset
799 3111 896 3143 susp.
922 3103 1002 3134 Ern.
1025 3121 1059 3124 —
1084 3102 1220 3142 magnit.
1244 3102 1311 3132 GM
1325 3109 1432 3135 vae,
1460 3100 1478 3131 6
1495 3100 1594 3131 Oxx.:
1620 3098 1795 3138 iimaynit.
1815 3097 1889 3128 LO.
1911 3113 1942 3117 —

211 3155 262 3187 30.
290 3165 311 3186 ιι
333 3156 443 3196 males.
469 3155 518 3191 M,
543 3154 580 3184 ut
604 3153 691 3184 coni.
718 3151 955 3192 Wesenberg:
982 3160 1050 3183 om.
1077 3161 1097 3182 a
1123 3150 1224 3183 codd.
1250 3149 1321 3181 rell.
1349 3150 1418 3180 noti
1443 3151 1476 3180 et
1500 3149 1535 3179 O.
1573 3148 1622 3179 Cf.
1641 3148 1774 3188 Zumpt.
1793 3147 1837 3177 acl
1856 3146 1945 3177 Verr.

209 3213 244 3245 p.
271 3203 343 3235 4⁵2⁸.
374 3222 408 3226 ——
434 3204 571 3235 culleum
594 3203 664 3233 GM
679 3203 864 3233 HSLac:
890 3201 1015 3232 culeum
1039 3201 1107 3232 OV.
1135 3200 1184 3232 Cf.
1211 3200 1253 3232 ad
1278 3200 1306 3239 g.
1326 3199 1376 3230 30.
1407 3216 1440 3220 m
1466 3199 1513 3228 ita
1537 3206 1604 3229 om.
1632 3198 1705 3228 GT.
1735 3214 1768 3218 —
1795 3196 1847 3227 32.
1871 3194 1947 3225 sub—

209 3253 332 3284 stulisse
356 3254 418 3285 m,
449 3271 481 3276 —
510 3253 686 3291 deripuisse
709 3253 743 3283 L.
773 3270 807 3273 —
833 3251 885 3283 33.
911 3254 1036 3282 terram
1059 3252 1095 3281 G.
1125 3267 1159 3272 —
1187 3248 1363 3281 ademerint
1387 3248 1456 3279 GM
1469 3256 1543 3278 va:
1574 3246 1728 3278 ademerit
1750 3255 1791 3283 κς
1818 3245 1947 3276 ademe-

209 3305 287 3333 runt
312 3303 333 3333 L
347 3311 376 3333 e.
405 3320 439 3324 —
466 3301 519 3334 34.
545 3304 623 3333 esset
645 3304 770 3333 careret
793 3309 833 3333 c:
863 3303 908 3332 est
929 3303 959 3332 et
981 3303 1107 3332 careret
1131 3300 1250 3337 GMv;
1284 3300 1361 3330 esset
1382 3300 1412 3329 et
1434 3306 1504 3328 car.
1532 3297 1556 3329 C
1571 3297 1598 3328 11
1612 3295 1724 3334 sTa3
1749 3298 1826 3327 esset
1848 3294 1946 3326 etiam

210 3360 281 3383 car.
306 3351 354 3389 R;
379 3355 423 3383 est
445 3360 515 3384 car.
540 3360 565 3390 χ
582 3350 632 3392 (7).
