2143 3713
679 247 774 288 Cn.
805 247 1016 289 Vl-vll.
1054 246 1128 301 §§.
1158 244 1349 288 42—46.
1804 242 1884 286 679

152 359 431 413 praemissam.
490 357 555 399 44.
592 359 639 398 In
677 358 869 398 exsilium
910 359 1145 407 eiiciebam,
1191 372 1314 412 quem
1344 358 1424 398 iam
1454 359 1684 411 ingressum
1720 372 1810 400 esse
1841 359 1883 399 in

149 422 304 462 bellum
343 421 562 462 videbam?
614 420 801 467 Etenim,
847 421 990 468 credo,
1030 420 1207 461 Manlius
1247 421 1325 460 iste
1356 421 1559 467 centurio,
1607 421 1754 473 quiin
1785 433 1883 473 agro

148 483 376 524 Faesulano
409 488 542 523 castra
569 482 726 535 posuit,
759 482 915 522 bellum
945 482 1095 536 populo
1125 482 1309 522 Romano
1341 495 1414 521 suo
1444 481 1609 521 nomine
1641 482 1810 530 indixit,
1843 487 1884 522 et

147 545 219 585 illa
249 549 379 584 castra
407 558 515 584 nunc
544 556 627 583 non
658 543 873 584 Catilinam
905 545 1051 584 ducem
1082 548 1342 596 exspectant,
1381 549 1421 582 et
1449 543 1519 582 ille
1553 543 1708 584 eiectus
1738 544 1782 584 in
1812 558 1884 584 ex-

146 606 280 646 silium
311 619 355 646 se
384 605 631 653 Massiliam,
662 611 708 644 ut
737 607 866 653 aiunt,
897 619 978 645 non
1009 606 1052 644 in
1081 605 1183 644 haec
1213 609 1346 644 castra
1367 604 1562 644 conferet.
1622 605 1709 644 VII.
1731 605 1764 644 Ο
1787 612 1914 645 con-5

147 666 347 706 ditionem
377 667 564 707 miseram
595 680 675 705 non
707 667 828 706 modo
859 666 1230 713 administrandae,
1260 680 1403 706 verum
1434 666 1554 706 etiam
1577 665 1884 706 conservandae

145 728 204 768 rei
234 728 446 781 publicae!
492 729 609 768 Nunc
639 729 673 768 si
704 729 748 767 L.
772 729 943 769 Catilina
974 728 1176 776 consiliis,
1207 728 1439 775 laboribus,
1468 728 1664 780 periculis
1685 727 1785 767 meis
1807 728 1884 767 cir-

145 790 377 830 cumclusus
407 803 453 830 ac
483 790 717 830 debilitatus
750 790 884 830 subito
915 790 1196 843 pertimuerit,
1227 790 1474 830 sententiam
1495 790 1736 836 mutaverit,
1767 790 1884 829 dese-

144 851 273 891 ruerit
302 864 422 899 suos,
461 851 678 892 consilium
707 852 805 892 belli
835 851 1012 892 faciendi
1044 851 1262 899 abiecerit,
1298 865 1351 892 ex
1379 851 1460 891 hoc
1489 864 1610 891 cursu
1640 851 1806 891 sceleris
1836 864 1883 891 ae

142 913 242 952 belli
271 913 350 953 iter
378 912 429 953 ad
459 913 597 966 fugam
630 921 753 967 atque
784 915 825 954 in
857 914 1049 954 exsilium
1070 913 1339 953 converterit:
1369 926 1452 954 non
1482 913 1552 953 ille
1582 926 1607 953 a
1635 926 1702 962 me
1733 912 1931 966 spolia-⁴0

143 980 207 1014 tus
237 974 362 1015 armis
392 974 615 1024 audaciae,
646 989 727 1015 non
761 975 1069 1029 obstupefactus
1092 989 1138 1015 ac
1159 976 1400 1029 perterritus
1421 988 1513 1016 mea
1533 975 1769 1027 diligentia,
1799 987 1884 1014 non

143 1036 194 1076 de
214 1049 287 1089 spe
311 1041 545 1090 conatuque
567 1037 786 1090 depulsus,
818 1038 889 1078 sed
912 1037 1194 1085 indemnatus,
1224 1038 1424 1078 innocens
1445 1038 1489 1077 in
1510 1037 1704 1077 exsilium
1727 1036 1882 1076 eiectus

144 1110 166 1137 a
195 1098 364 1138 consule
392 1099 432 1139 vi
472 1104 513 1139 et
551 1100 674 1139 minis
705 1114 794 1139 esse
826 1100 1006 1148 dicetur-3
1050 1105 1091 1140 et
1121 1105 1241 1139 erunt
1271 1100 1342 1154 qui
1372 1100 1510 1148 illum,
1552 1100 1586 1140 si
1615 1099 1695 1139 hoc
1723 1097 1881 1145 fecerit,

142 1172 225 1199 non
263 1160 514 1212 improbum,
557 1160 630 1201 sed
670 1162 885 1209 miserum,
926 1175 990 1202 me
1021 1176 1104 1201 non
1136 1162 1495 1214 diligentissimum
1527 1161 1764 1209 consulem,
1808 1160 1882 1200 sed

143 1221 470 1262 crudelissimum
500 1227 716 1276 tyrannum
749 1224 972 1264 existimari
1003 1223 1142 1263 velint.
1201 1220 1216 1260 ΑΙ
1229 1236 1266 1262 5
1291 1223 1364 1263 Est
1394 1224 1494 1263 mihi
1526 1224 1650 1271 tanti,
1681 1222 1881 1271 Quirites,
1896 1229 1931 1259 45

139 1283 261 1322 huius
299 1283 478 1324 invidiae
513 1284 641 1325 falsae
680 1291 805 1338 atque
847 1286 1012 1338 iniquae
1051 1290 1335 1337 tempestatem
1375 1285 1537 1333 subire,
1577 1285 1675 1325 dum
1705 1283 1826 1324 modo
1857 1297 1882 1324 a

140 1345 256 1386 vobis
285 1345 410 1386 huius
439 1346 648 1387 horribilis
677 1348 775 1387 belli
805 1361 851 1388 ac
882 1346 1027 1387 nefarii
1055 1347 1283 1399 periculum
1304 1347 1548 1400 depellatur.
1592 1347 1762 1386 Dicatur
1781 1358 1880 1386 sane

138 1408 293 1448 eiectus
324 1421 413 1448 esse
444 1421 468 1448 a
497 1422 583 1457 me,
614 1410 711 1450 dum
742 1410 863 1450 modo
896 1414 961 1449 eat
990 1410 1031 1449 in
1063 1409 1270 1449 exsilium.
1331 1409 1411 1449 Sed
1442 1410 1543 1449 mihi
1574 1409 1750 1456 credite,
1794 1421 1881 1448 non

138 1476 200 1511 est
227 1470 371 1511 iturus.
421 1472 654 1524 Numquam
688 1485 762 1525 ego
794 1486 817 1511 a
847 1472 910 1511 dis
942 1471 1240 1511 immortalibus
1262 1471 1435 1524 optabo,
1467 1471 1671 1520 Quirites,
1701 1471 1879 1511 invidiae

136 1545 251 1574 meae
281 1533 483 1575 levandae
514 1548 657 1582 causa,
699 1540 745 1574 ut
779 1536 825 1574 L.
857 1534 1070 1574 Catilinam
1102 1532 1250 1572 ducere
1287 1535 1512 1574 exercitum
1541 1532 1727 1573 hostium
1756 1539 1880 1587 atque
1893 1542 1929 1571 20

135 1597 180 1637 in
218 1597 341 1638 armis
370 1597 541 1637 volitare
581 1597 779 1644 audiatis,
822 1597 893 1636 sed
926 1595 1062 1636 triduo
1094 1601 1232 1635 tamen
1263 1596 1464 1644 audietis;
1504 1596 1718 1650 multoque
1748 1596 1881 1649 magis

136 1659 238 1701 illud
269 1661 410 1707 timeo,
440 1673 493 1699 ne
523 1658 623 1699 mihi
655 1659 709 1699 sit
738 1658 990 1699 invidiosum
1021 1657 1260 1711 aliquando,
1292 1658 1402 1711 quod
1432 1658 1550 1697 illum
1571 1658 1777 1699 emiserim
1806 1672 1881 1712 po-

136 1724 216 1763 tius
247 1736 369 1777 quam
401 1722 512 1775 quod
543 1722 748 1762 eiecerim.
797 1722 878 1761 Sed
910 1734 1002 1760 cum
1033 1720 1116 1760 sint
1142 1720 1355 1767 homines,
1386 1720 1456 1774 qui
1487 1720 1633 1768 illum,
1664 1734 1757 1761 cum
1784 1734 1879 1775 pro-

136 1785 267 1825 fectus
290 1785 366 1832 sit,
397 1784 575 1824 eiectum
597 1797 687 1824 esse
709 1785 868 1831 dicant,
898 1783 1028 1830 idem,
1059 1785 1093 1823 si
1114 1782 1356 1822 interfectus
1378 1788 1510 1830 esset,
1542 1782 1646 1837 quid
1668 1782 1878 1824 dicerent?

140 1844 202 1887 16.
234 1847 497 1901 Quamquam
526 1847 616 1893 isti,
648 1847 719 1898 qui
750 1846 968 1886 Catilinam
990 1845 1211 1886 Massiliam
1243 1845 1303 1884 ire
1334 1845 1545 1893 dictitant,
1573 1859 1660 1886 non
1689 1851 1771 1888 tam
1800 1846 1880 1888 hoc
1892 1854 1929 1884 25

136 1915 365 1963 queruntur
395 1921 517 1962 quam
548 1914 755 1949 verentur.
804 1910 934 1948 Nemo
966 1912 1027 1948 est
1056 1908 1228 1948 istorum
1258 1912 1340 1948 tam
1370 1907 1626 1958 misericors,
1657 1908 1731 1961 qui
1758 1908 1879 1950 illum

218 2171 248 2201 1.
270 2169 453 2210 praemissa
477 2169 498 2199 k
523 2170 555 2199 et
580 2169 638 2208 Lg.
657 2167 708 2199 46.
739 2186 771 2190 —
808 2169 856 2207 In}
881 2168 921 2199 El
946 2169 976 2198 in
1001 2178 1029 2199 1¹.
1062 2186 1094 2189 --
1128 2169 1310 2209 ingressum
1332 2168 1366 2199 in
1390 2168 1507 2199 bellum
1528 2177 1562 2203 z:
1594 2169 1681 2209 inyr.
1706 2169 1741 2200 in
1763 2169 1879 2202 bellum

130 2230 195 2253 esse
216 2221 235 2252 9
259 2221 360 2260 Lagg.
390 2219 496 2256 dett.;
534 2219 568 2249 in
591 2218 661 2249 bell.
686 2218 772 2258 ingr.
798 2227 862 2249 esse
886 2228 923 2255 ος
958 2227 1121 2259 esst-essum
1143 2216 1209 2250 esse
1232 2219 1263 2249 in
1288 2219 1316 2249 b.
1345 2226 1364 2249 0
1398 2218 1593 2258 (ingressum
1614 2219 1684 2250 iam
1706 2219 1741 2250 in
1763 2218 1880 2252 bellum

130 2269 319 2303 Diomedes
342 2278 377 2310 p.
403 2268 464 2300 466
490 2268 545 2300 ed.
571 2269 621 2306 P.)
651 2286 684 2290 —
710 2269 741 2299 ⁶2.
766 2268 908 2299 viderem
930 2278 967 2306 g:
996 2268 1134 2300 sciebam
1159 2269 1182 2300 C
1216 2269 1340 2307 (tirmat
1362 2267 1512 2300 videbam
1534 2268 1660 2308 Diom.)
1687 2285 1722 2291 —
1746 2269 1880 2302 Mallius

130 2330 158 2352 w
183 2321 217 2353 et
240 2321 259 2351 7
283 2319 367 2351 dett.
388 2319 490 2358 Lagg.
517 2318 587 2358 (isle
602 2318 747 2349 Manlius
770 2319 817 2357 ης
845 2318 990 2349 Manlius
1012 2326 1092 2349 cum
1116 2326 1184 2349 uno
1211 2318 1288 2349 cod.
1307 2318 1431 2349 Mureti
1450 2317 1578 2349 delevit
1592 2319 1628 2349 L.
1649 2335 1684 2341 -—
1705 2318 1772 2359 qui]
1796 2327 1881 2358 quae

129 2378 157 2401 r.
186 2386 220 2391 —
246 2368 276 2400 3.
302 2368 483 2401 Faesulano
508 2376 545 2398 c:
570 2368 716 2407 fesulano
747 2368 865 2407 (etiam
888 2368 962 2407 LO)
987 2366 1041 2399 vel
1069 2367 1232 2407 sessulano
1256 2366 1358 2398 codd.
1384 2365 1553 2407 plerique.
1582 2385 1616 2389 —
1642 2367 1758 2399 bellum
1780 2368 1818 2400 R.
1842 2369 1876 2400 P.

129 2429 175 2458 w3
197 2419 338 2460 populus
360 2420 398 2450 R.
426 2418 539 2450 bellum
564 2417 600 2449 b.
629 2435 665 2440 —
691 2418 722 2450 4.
748 2428 813 2449 non
836 2426 920 2448 ηιιηε
943 2417 1030 2455 dm;
1056 2426 1142 2448 nww
1166 2426 1234 2448 om.
1261 2418 1284 2448 B
1299 2426 1333 2448 c:
1359 2426 1423 2448 non
1447 2425 1516 2449 om.
1543 2425 1613 2456 uz,
1638 2416 1658 2449 4
1682 2415 1736 2448 alii
1758 2417 1876 2459 Lagg.;

128 2479 193 2501 non
214 2470 293 2510 post
308 2469 423 2500 ducem
439 2466 545 2499 habet
560 2476 601 2499 w.
619 2485 652 2488 —
672 2468 706 2498 in
729 2468 864 2499 exilium
879 2468 996 2499 eiectus
1011 2476 1043 2498 o.
1064 2485 1098 2489 —
1125 2468 1155 2498 5.
1175 2476 1208 2499 se
1231 2475 1299 2498 om.
1320 2475 1363 2507 (ις
1386 2468 1466 2507 post
1487 2470 1598 2498 castra
1620 2466 1751 2499 habent
1772 2468 1810 2499 B.
1838 2485 1873 2490 -

127 2521 162 2551 in
183 2518 366 2552 Massiliam
389 2518 413 2549 C
428 2517 632 2557 Veoqtu,
658 2518 677 2548 5
701 2515 756 2548 alii
780 2518 880 2557 Lagg.
910 2534 944 2538 -—
970 2516 1045 2557 non]
1075 2520 1104 2548 el
1126 2526 1191 2548 non
1214 2516 1247 2548 d.
1275 2534 1309 2538 —
1336 2516 1414 2548 haec
1437 2524 1506 2547 om.
1532 2517 1592 2556 Lg.
1612 2515 1664 2548 46.
1692 2533 1726 2538 —
1753 2518 1878 2557 confert

127 2568 152 2601 b
166 2568 189 2600 d
211 2569 270 2609 Lg.
284 2568 345 2605 50;
370 2566 531 2606 conferret
554 2574 619 2597 ou.
642 2584 676 2587 —
696 2567 726 2597 7.
748 2567 903 2605 periculis
925 2575 1011 2597 cons.
1044 2566 1146 2598 labor.
1173 2566 1206 2597 (l.
1235 2583 1268 2588 -—
1295 2566 1328 2597 8.
1349 2566 1589 2605 permutaverit
1605 2566 1628 2597 C
1642 2566 1753 2606 qu,
1778 2566 1798 2598 5
1821 2565 1876 2598 alii

130 2620 232 2659 Lagg.
260 2635 296 2640 -
322 2617 354 2649 9.
378 2624 452 2647 suos
474 2616 649 2647 deseruerit
683 2615 764 2647 edd.
791 2615 963 2656 quaedam
987 2618 1106 2647 contra
1131 2615 1233 2648 codd.
1261 2633 1296 2638 ——
1321 2615 1462 2655 faciendi
1483 2614 1643 2647 Babde
1658 2614 1876 2655 iloqrstu

127 2677 208 2706 wx,
234 2668 254 2700 8
278 2666 333 2699 alii
355 2667 476 2707 Lagg.:
507 2666 656 2706 faciundi
679 2666 755 2697 Rt).
785 2684 819 2688 —
845 2666 896 2706 eoe]
921 2669 950 2697 et
973 2675 1014 2697 ea:
1038 2665 1393 2706 cdelopqtum,
1427 2666 1446 2696 5
1470 2663 1525 2696 alii
1548 2666 1651 2705 Lagg.
1680 2681 1715 2688 -
1741 2674 1782 2697 ac
1804 2665 1876 2698 belli

126 2719 151 2750 B
166 2726 250 2759 apz
267 2727 288 2756 ς
312 2718 370 2757 Lg.
394 2717 448 2748 20.
473 2714 525 2748 46.
551 2716 611 2747 53:
637 2719 666 2747 et
689 2715 760 2748 belli
784 2716 844 2748 RL
858 2716 894 2747 O.
916 2733 950 2737 —
971 2716 1022 2747 10.
1042 2716 1074 2747 in
1097 2724 1166 2747 om.
1185 2717 1209 2747 B
1224 2715 1305 2747 acd
1320 2725 1336 2746 z
1360 2716 1418 2755 Lg.
1438 2715 1490 2747 65.
1510 2733 1546 2737 —-
1563 2715 1762 2755 stupefactus
1783 2723 1812 2746 z.
1834 2732 1869 2738 —

127 2768 178 2799 ⁴2.
196 2767 408 2798 indamnatus
423 2768 451 2804 t;
476 2766 708 2806 indampnalus
724 2776 743 2804 ,u
756 2765 763 2797 l
778 2775 817 2803 o;
843 2766 1068 2805 indempnatus
1083 2765 1106 2797 b
1121 2766 1142 2797 d
1156 2774 1174 2797 e
1188 2766 1225 2797 is
1238 2774 1320 2797 W.—
1336 2765 1388 2797 13.
1414 2774 1436 2796 a
1458 2765 1586 2797 consule
1599 2765 1643 2806 vi]
1668 2774 1690 2796 a
1704 2765 1874 2797 consulatu

126 2827 166 2855 3;
199 2826 221 2848 a
244 2815 383 2848 consulis
403 2816 436 2846 vi
459 2815 598 2853 CVtz,
633 2817 652 2847 5
677 2815 730 2847 alii
755 2817 856 2856 Lagg.
884 2833 920 2838 —
946 2825 1010 2848 esse
1032 2825 1102 2848 om.
1128 2816 1192 2848 bs.
1220 2834 1254 2838 —
1283 2815 1335 2847 44.
1360 2815 1526 2856 miserum]
1551 2815 1699 2857 timidum
1721 2814 1872 2847 Vbcei

125 2874 234 2904 swx,
266 2866 286 2896 5
309 2863 364 2896 alii
387 2865 488 2905 Lagg.
517 2865 684 2906 (miserum
706 2867 821 2897 firmat
850 2866 1041 2898 Priscianus
1064 2867 1104 2897 ΙΙ.
1136 2875 1171 2907 p.
1198 2866 1258 2898 143
1282 2866 1358 2905 kr.)
1387 2884 1422 2888 —
1457 2866 1508 2896 15.
1540 2869 1586 2896 εει
1613 2859 1698 2896 enlin
1726 2865 1809 2896 tanti
1831 2873 1866 2902 s;

124 2915 204 2947 mihi
226 2922 294 2946 om.
320 2913 363 2951 b,
389 2916 427 2946 ut
451 2916 502 2947 est
524 2917 557 2946 in
581 2924 631 2947 or.
656 2917 680 2947 I.
707 2916 738 2957 g.
758 2916 807 2947 22.
834 2916 892 2956 (ese
914 2916 991 2947 mihi
1013 2916 1097 2947 tanti
1119 2915 1245 2955 Schol.)
1273 2934 1307 2938 —
1334 2915 1385 2947 16.
1411 2915 1594 2946 huiusmodi
1615 2915 1758 2946 invidiae
1780 2924 1809 2946 r.
1830 2933 1864 2937 —

126 2966 177 2998 17.
203 2973 226 2995 a
246 2963 338 2996 nobis
361 2964 397 2995 O.
426 2983 460 2987 —
486 2966 601 2997 eiectus
625 2967 754 2998 dicatur
781 2975 858 2997 sane
887 2974 915 2997 s.
944 2983 976 2988 —
1005 2966 1056 2997 18.
1082 2974 1147 2998 esse
1177 2966 1293 2997 eiectus
1315 2965 1349 2996 d.
1377 2982 1411 2986 -
1438 2973 1460 2996 a
1481 2973 1532 2996 me
1553 2971 1618 2996 esse
1639 2963 1696 2994 bo
1721 2964 1778 3004 Lg.
1804 2963 1864 3003 433

125 3023 189 3047 esse
210 3022 233 3045 a
255 3022 305 3045 me
328 3013 470 3045 Catilina
492 3023 526 3054 q.
547 3033 581 3036 —
601 3015 653 3046 19.
678 3016 719 3047 ab
742 3016 802 3046 diis
824 3024 865 3056 p,
896 3016 933 3046 ut
954 3013 1160 3056 plerumque
1186 3015 1255 3046 Cic.
1282 3013 1387 3051 solet;
1420 3023 1453 3046 ν.
1478 3013 1523 3045 3(1
1546 3021 1597 3044 or.
1622 3014 1742 3053 Pomp.
1761 3012 1791 3053 g.
1810 3012 1861 3045 48.

128 3081 162 3086 -
187 3063 241 3095 20.
270 3063 465 3096 relevandae
487 3063 771 3106 Babcdlpug
794 3066 852 3105 Lg.
879 3064 930 3095 16.
955 3063 1008 3095 43.
1034 3065 1086 3095 50.
1111 3065 1163 3095 57.
1190 3064 1229 3095 65
1262 3063 1337 3104 (sed
1361 3063 1401 3094 16
1425 3064 1461 3094 et
1481 3061 1539 3094 43:
1576 3061 1769 3094 relevandae
1795 3062 1861 3095 inv.

124 3112 243 3152 meae);
278 3112 435 3145 levandae
465 3112 579 3145 firmat
607 3113 735 3147 lemma
766 3113 878 3146 Schol.
907 3131 940 3135 —
967 3121 1068 3144 causa
1095 3113 1252 3144 levandae
1273 3114 1340 3153 gh.
1367 3130 1403 3135 —
1434 3112 1582 3151 hostium]
1612 3120 1708 3143 suum
1728 3109 1796 3144 Bz.
1825 3130 1860 3134 —

124 3163 178 3194 ΞΗ.
204 3164 330 3194 tantum
353 3162 407 3203 gh
433 3163 551 3203 (tamen
574 3164 678 3195 Prisc.
703 3165 743 3195 ll.
770 3172 804 3204 p.
830 3163 916 3199 219.)
945 3180 978 3184 -
1004 3162 1105 3194 multo
1127 3163 1297 3203 mayisque
1319 3172 1351 3194 o.
1372 3179 1407 3184 —
1424 3162 1478 3194 22.
1504 3162 1598 3193 timeo
1620 3160 1701 3192 illud
1722 3169 1758 3198 1·;
1781 3161 1863 3194 illua

125 3219 194 3243 om.
220 3218 248 3242 s.
269 3227 302 3232 —
330 3211 430 3244 invid.
455 3211 495 3242 sit
517 3219 546 3242 s.
566 3228 600 3233 ——
620 3212 711 3244 illum
734 3221 803 3244 om.
830 3212 931 3243 codd.
957 3213 1058 3252 Lagg.
1084 3214 1225 3252 praeter
1246 3213 1302 3244 Ba
1317 3220 1387 3250 cx,
1420 3211 1452 3243 9.
1477 3212 1530 3243 50.
1555 3212 1607 3242 57.
1629 3229 1663 3234 —
1681 3210 1735 3243 23.
1760 3221 1861 3252 quam

125 3261 223 3300 quod]
246 3269 346 3300 quam
368 3269 436 3293 om.
463 3269 507 3297 w3
535 3262 620 3300 quod
642 3270 710 3293 0111.
736 3262 806 3302 gh,
832 3263 850 3293 3
874 3263 975 3302 Lagg.
1004 3279 1038 3283 —
1064 3262 1127 3293 Sed
1142 3277 1192 3285 --
1208 3261 1341 3293 eiectum
1363 3269 1432 3300 om,
1459 3261 1483 3292 t.
1503 3277 1537 3282 —
1558 3259 1610 3292 24.
1636 3259 1747 3292 dicunt
1768 3269 1799 3293 z.
1819 3279 1855 3284 —

122 3312 207 3344 idem
229 3311 270 3342 10
292 3312 362 3343 mei
385 3313 420 3344 et
441 3311 598 3353 plerique
629 3313 751 3352 Lagg.:
785 3313 882 3344 iidem
910 3312 1022 3343 RLO.
1051 3329 1085 3332 —
1118 3310 1169 3342 25.
1198 3309 1440 3348 Massaliam13
1475 3310 1511 3341 in
1537 3310 1720 3343 Massiliam
1748 3311 1854 3354 th,

121 3361 142 3396 4-
165 3360 219 3394 alii
239 3361 342 3403 Lagg.
370 3380 405 3386 —
429 3363 488 3396 hoc
509 3365 578 3394 tam
600 3362 675 3401 1303
700 3363 758 3395 hoc
781 3371 850 3395 om.
876 3362 916 3400 b3
943 3365 1053 3394 tamen
1073 3361 1132 3393 hoc
1154 3369 1189 3393 u.
