2143 3713
246 213 327 256 348
413 265 421 272 ,
739 219 794 258 IN
823 218 1042 259 VERREM
1069 218 1230 260 ACTIO
1263 218 1504 260 SECUNDA

246 340 352 368 mam
383 327 580 368 iniuriam
611 328 968 383 ignominiamque
999 331 1262 383 pervenerit?
1294 332 1447 383 quibus
1475 344 1567 370 cum
1589 329 1783 372 decumas
1805 333 1902 374 dare
1924 335 1995 375 de·-

243 390 414 437 herent,
445 390 514 430 vix
544 390 647 443 ipsis
678 391 875 432 decumae
906 392 1075 431 relictae
1106 398 1228 432 sunt:
1259 407 1353 432 cum
1383 394 1562 446 pecunia
1583 393 1826 442 deberetur,
1859 396 1996 436 soluta

243 466 328 493 non
358 457 443 492 est:
474 465 567 492 cum
598 454 755 506 optima
785 454 1072 493 aestimatione
1104 461 1270 494 senatus
1296 455 1549 495 frumentum
1571 468 1643 495 eos
1663 455 1706 494 in
1730 456 1876 496 cellam
1898 458 1994 498 dare

242 514 465 562 voluisset,
495 515 619 554 etiam
650 516 926 555 instrumenta
956 528 1151 567 agrorum
1181 517 1360 557 vendere
1392 518 1520 557 coacti
1546 523 1653 557 sunt.
1693 518 1877 558 XCVIII.
1900 517 1994 559 ⁵227.

212 577 341 616 5Dixi
379 576 462 616 iam
499 582 643 624 antea,
683 577 862 624 iudices,
903 583 950 617 ut
988 578 1061 617 has
1093 591 1235 618 omnes
1266 579 1439 619 iniurias
1470 580 1652 627 tollatis,
1692 585 1831 619 tamen
1860 580 1994 633 ipsam

243 638 449 678 rationem
493 639 636 678 arandi
679 652 752 691 spe
792 639 921 689 magis
960 645 999 679 et
1037 639 1294 680 iucunditate
1334 642 1512 694 quadam
1546 655 1669 694 quam
1699 641 1836 682 fructu
1866 648 1994 696 atque

244 701 525 741 emolumento
547 701 691 740 teneri.
730 701 894 740 Etenim
921 702 973 741 ad
995 703 1198 741 incertum
1220 716 1360 742 casum
1382 709 1423 743 et
1443 709 1637 743 eventum
1661 710 1797 744 certus
1820 710 1997 757 quotan-

244 764 307 804 nis
339 764 456 803 labor
485 768 525 802 et
556 768 692 802 certus
725 768 914 815 sumptus
944 763 1211 816 impenditur.
1270 765 1447 804 Annona
1476 778 1599 818 porro
1632 766 1811 818 pretium
1841 766 1921 805 nisi
1953 767 1996 806 in

244 826 477 866 calamitate
508 824 720 864 fructuum
751 838 836 864 non
865 825 1009 865 habet:
1042 826 1075 865 si
1107 831 1246 865 autem
1276 826 1441 866 ubertas
1473 827 1516 866 in
1548 828 1828 881 percipiendis
1854 827 1996 868 fructi-

193 887 320 927 aobus
349 887 449 934 fuit,
480 886 755 939 consequitur
785 887 921 927 vilitas
953 889 995 927 in
1027 887 1277 935 vendendis,
1320 894 1366 927 ut
1395 895 1467 928 aut
1497 890 1603 929 male
1636 889 1902 930 vendendum
1933 890 1996 929 in-

242 949 429 1001 telligas,
476 948 509 987 si
549 948 656 988 bene
695 949 920 1002 processit,
967 955 1037 989 aut
1077 949 1183 989 male
1213 955 1433 1002 perceptos
1462 950 1645 999 fructus,
1692 952 1725 990 si
1757 957 1869 991 recte
1899 951 1996 991 licet

242 1011 434 1051 vendere.
476 1011 605 1049 Totae
637 1016 776 1049 autem
806 1023 872 1050 res
904 1012 1082 1051 rusticae
1113 1012 1201 1051 eius
1223 1012 1335 1051 modi
1366 1017 1482 1060 sunt,
1512 1019 1558 1052 ut
1588 1026 1657 1053 eas
1690 1027 1774 1054 non
1797 1015 1901 1053 ratio
1924 1027 1997 1054 ne-

244 1087 325 1128 que
369 1073 508 1119 labor,
556 1071 628 1111 sed
665 1085 728 1111 res
767 1073 1091 1121 incertissimae,
1138 1074 1249 1113 venti
1292 1079 1668 1128 tempestatesque,
1714 1077 1995 1116 moderentur.

241 1135 349 1175 Hinc
379 1148 472 1175 cum
502 1147 611 1173 unae
642 1134 840 1174 decumae
869 1135 959 1187 lege
991 1140 1031 1175 et
1052 1136 1355 1175 consuetudine
1378 1136 1669 1183 detrahantur,
1701 1138 1855 1178 alterae
1876 1138 1996 1177 novis

192 1196 441 1237 Abinstitutis
480 1202 653 1249 propter
691 1210 886 1249 annonae
918 1198 1123 1237 rationem
1154 1198 1431 1251 imperentur,
1477 1203 1637 1238 ematur
1666 1205 1883 1252 praeterea
1912 1200 1997 1239 fru-

242 1265 428 1299 mentum
469 1260 695 1312 quotannis
735 1259 921 1313 publice,
961 1265 1172 1312 postremo
1211 1261 1335 1300 etiam
1366 1261 1408 1299 in
1439 1260 1585 1300 cellam
1617 1261 1926 1313 magistratibus
1958 1267 1999 1301 et

241 1321 388 1375 legatis
430 1321 676 1374 imperetur:
719 1321 820 1375 quid
859 1327 931 1362 aut
962 1327 1162 1375 quantum
1203 1327 1418 1375 praeterea
1449 1327 1533 1368 est,
1578 1322 1691 1375 quod
1722 1329 1793 1362 aut
1821 1323 1996 1363 liberum

240 1383 377 1436 possit
404 1383 556 1423 habere
588 1384 658 1423 ille
689 1389 826 1423 arator
856 1397 903 1424 ac
934 1384 1127 1424 dominus
1158 1385 1200 1423 in
1238 1389 1442 1437 potestate
1486 1397 1656 1423 suorum
1686 1384 1893 1425 fructuum
1925 1390 1999 1425 aut

240 1446 283 1485 in
315 1445 417 1498 ipsis
447 1445 650 1485 fructibus
682 1446 894 1486 solutum?
955 1444 1047 1485 2¹28.
1080 1446 1202 1494 Quod
1234 1446 1267 1485 si
1299 1446 1403 1485 haec
1434 1445 1574 1485 ferunt
1603 1446 1763 1493 omnia,
1795 1447 1828 1486 si
1858 1448 1997 1500 potius

191 1517 228 1548 20
242 1507 359 1547 vobis
391 1521 438 1547 ac
468 1508 529 1548 rei
569 1508 761 1561 publicae
802 1521 926 1562 quam
958 1508 1036 1547 sibi
1069 1513 1109 1547 et
1139 1508 1224 1548 suis
1257 1508 1487 1547 commodis
1520 1521 1669 1560 opera,
1711 1514 1901 1561 sumptu,
1939 1508 1998 1548 la-

241 1570 342 1610 bore
374 1570 636 1610 deserviunt:
669 1571 847 1610 etiamne
878 1571 981 1611 haec
1012 1583 1121 1610 nova
1151 1570 1304 1609 debent
1335 1570 1470 1609 edicta
1492 1575 1532 1609 et
1564 1570 1738 1622 imperia
1758 1576 1998 1623 praetorum

242 1638 283 1673 et
303 1633 479 1686 Apronii
511 1633 838 1673 dominationem
860 1638 901 1672 et
921 1632 1195 1672 Veneriorum
1219 1645 1433 1671 servorum
1454 1632 1563 1671 furta
1585 1633 1838 1686 rapinasque
1860 1633 1997 1673 ferre?

243 1696 422 1735 etiamne
451 1695 706 1735 frumentum
737 1709 812 1747 pro
842 1699 982 1747 empto
1014 1694 1140 1747 gratis
1173 1694 1298 1733 dare‘?
1341 1694 1521 1733 etiamne
1552 1694 1595 1733 in
1627 1694 1773 1733 cellam
1805 1707 1899 1734 cum
1928 1708 1999 1734 cu-

240 1758 359 1811 piant
396 1757 522 1810 gratis
562 1758 683 1805 dare,
727 1757 837 1796 ultro
878 1757 1098 1810 pecuniam
1139 1756 1336 1809 grandem
1368 1756 1550 1795 addere?
1597 1756 1776 1795 etiamne
1806 1756 1908 1796 haec
1938 1762 1999 1796 tot

190 1828 228 1859 25
242 1819 489 1860 detrimenta
519 1824 643 1873 atque
675 1820 826 1859 damna
856 1832 949 1859 cum
981 1819 1173 1858 maximis
1204 1818 1368 1857 iniuriis
1400 1818 1751 1871 contumeliisque
1782 1819 1997 1872 perferre?

240 1882 385 1935 Itaque
415 1881 518 1921 haec
549 1881 729 1928 iudices,
762 1894 869 1935 quae
902 1882 988 1934 pati
1018 1881 1135 1920 nullo
1166 1881 1291 1920 modo
1322 1885 1572 1934 potuerunt,
1611 1894 1695 1920 non
1724 1882 1997 1934 pertulerunt.

239 1944 459 1984 Arationes
490 1957 635 1984 omnes
667 1948 754 1983 tota
776 1943 920 1983 Sicilia
942 1943 1127 1983 desertas
1149 1948 1275 1996 atque
1296 1956 1320 1983 a
1340 1943 1520 1983 dominis
1540 1943 1708 1983 relictas
1730 1957 1821 1984 esse
1843 1957 1999 1997 cogno-

241 2006 378 2047 scitis:
417 2019 555 2060 neque
596 2006 826 2059 quidquam
867 2006 979 2045 aliud
1011 2006 1148 2057 agitur
1176 2005 1257 2045 hoc
1288 2005 1470 2053 iudicio,
1511 2006 1592 2045 nisi
1624 2006 1686 2045 uti
1717 2006 1998 2060 antiquissimi

240 2069 344 2109 socii
373 2066 713 2123 fidelissimique,
746 2068 898 2116 Siculi,
930 2068 1069 2108 coloni
1099 2068 1245 2122 populi
1277 2068 1453 2108 Romani
1475 2074 1601 2122 atque
1623 2073 1829 2117 aratores,
1859 2073 1998 2109 vestra

324 2290 356 2322 2.
382 2289 469 2331 ipsis]
493 2293 529 2321 ut
550 2290 599 2321 his
622 2288 732 2330 [342;
757 2290 847 2329 ipsae
869 2290 906 2320 L.
935 2307 969 2311 m
998 2289 1028 2321 3.
1054 2289 1088 2320 in
1111 2289 1192 2321 cella
1216 2288 1318 2329 [342.
1348 2306 1382 2310 —
1415 2289 1445 2320 6.
1472 2289 1619 2328 quadam
1640 2288 1808 2328 fructuum
1831 2288 1938 2321 idem.
1959 2306 1993 2310 —-

239 2340 270 2372 8.
297 2350 448 2372 annonae
473 2342 507 2371 et
528 2341 674 2380 frucmm
697 2341 799 2380 Lagg.
826 2341 967 2381 praeter
990 2338 1043 2370 42.
1066 2356 1100 2360 -
1127 2340 1159 2370 9.
1182 2338 1406 2378 percipiundis
1422 2355 1439 2360 -
1456 2357 1475 2362 -
1490 2339 1670 2370 vendundis
1692 2338 1794 2379 [342.
1823 2358 1858 2362 -
1885 2341 1936 2372 40.
1963 2341 1998 2370 ut

240 2390 309 2431 aut]
333 2391 381 2421 ita
403 2393 438 2421 ut
462 2389 562 2430 [342.
593 2408 628 2412 -
652 2391 854 2422 vendendum
877 2389 1050 2430 intelligas]
1074 2389 1218 2420 vendant
1242 2388 1347 2419 idem.
1370 2404 1404 2410 —
1434 2389 1484 2419 44.
1510 2389 1547 2428 si]
1574 2388 1659 2428 quod
1681 2389 1707 2419 si
1730 2388 1832 2429 [342.
1861 2407 1895 2412 —-
1922 2389 1999 2420 bene

241 2448 310 2471 om.
338 2441 362 2471 O
388 2441 507 2471 contra
532 2438 635 2471 codd.
657 2457 691 2460 —
718 2443 754 2471 ut
776 2439 862 2470 male
881 2442 1064 2479 peremptos
1086 2438 1187 2479 [342.
1210 2457 1244 2460 -
1271 2439 1366 2469 liceat
1390 2437 1495 2469 idem.
1534 2438 1629 2469 Coni.
1656 2438 1854 2479 Zumptius:
1879 2441 1915 2469 uc
1939 2441 1997 2469 aut

239 2490 325 2521 male
346 2490 482 2528 vendas,
507 2490 534 2520 si
557 2489 633 2521 bene
653 2490 826 2529 processit,
853 2493 911 2520 aut
932 2489 1019 2520 male
1039 2488 1204 2528 percipias
1226 2489 1369 2528 fructus,
1395 2488 1422 2518 si
1446 2490 1530 2519 recle
1545 2487 1617 2519 licet
1631 2488 1778 2519 vendere.
1799 2505 1832 2509 —
1861 2487 1912 2519 42.
1933 2496 1997 2519 au-

239 2538 313 2580 tem]
339 2539 423 2570 enim
447 2539 465 2570 6
490 2540 590 2579 Lagg.
617 2537 702 2570 dett.
733 2557 762 2562 —
791 2538 974 2570 huiusmodi
998 2540 1139 2570 rusticae
1161 2538 1263 2579 [342.
1293 2556 1327 2560 —
1360 2538 1409 2569 43.
1436 2542 1549 2569 ventus
1577 2541 1808 2578 tempestasque
1831 2535 1938 2569 idem.
1959 2555 1994 2560 -—

240 2587 292 2619 44.
311 2597 385 2619 cum
400 2588 496 2629 unae]
515 2596 683 2619 commune
699 2587 848 2620 idem.—
868 2589 1096 2620 consuetudine
1112 2588 1202 2628 [342
1220 2590 1266 2619 N:
1292 2588 1474 2619 conditione
1497 2586 1569 2618 rell.
1589 2588 1625 2618 Ο.
1652 2585 1852 2626 Intelligitur
1866 2595 1998 2618 consue—

239 2637 360 2668 tudinis
382 2637 450 2676 ius,
478 2637 520 2669 de
547 2647 615 2679 quo
640 2647 673 2669 v.
700 2637 742 2669 de
768 2639 899 2669 Invent.
918 2639 956 2669 ΙΙ.
986 2638 1014 2678 ἓ,
1035 2639 1086 2669 67.
1107 2639 1179 2670 472.
1216 2639 1303 2670 Nam
1329 2637 1361 2667 in
1386 2637 1481 2668 omni
1505 2636 1735 2668 decumarum
1760 2637 1891 2667 ratione
1917 2644 1997 2668 con-

239 2687 461 2718 suetudinem
484 2686 635 2719 valuisse
661 2695 741 2718 curn
765 2696 829 2728 per
853 2696 890 2719 sc
915 2688 1081 2720 credibile
1106 2689 1165 2726 sit,
1193 2690 1265 2719 tum
1290 2696 1357 2718 una
1383 2687 1415 2718 in
1441 2696 1478 2718 re
1504 2688 1649 2718 testatur
1666 2684 1793 2717 rullius
1819 2685 1849 2725 g.
1870 2685 1942 2716 489.
1959 2702 1993 2708 -

240 2738 458 2769 detrahantur
473 2738 541 2779 [34
544 2739 562 2770 2
587 2740 621 2770 et
644 2737 852 2770 Lambinus:
880 2739 1058 2770 liahantur
1075 2737 1178 2769 codd.
1197 2736 1270 2769 rell.
1291 2738 1327 2767 Ο.
1351 2754 1385 2758 -—
1405 2735 1539 2776 aliciae]
1558 2745 1618 2776 aye
1635 2735 1736 2776 [342.
1758 2734 1868 2766 -46,
1892 2734 1996 2774 publi-

238 2797 312 2819 cum
328 2788 432 2820 idem.
453 2807 487 2812 -
508 2788 558 2820 48.
577 2788 725 2827 suatum]
748 2796 919 2819 seruorum
943 2788 987 2819 id.
997 2805 1030 2809 —
1060 2787 1110 2818 49.
1129 2787 1239 2827 fciunt
1255 2786 1277 2816 Ι
1281 2785 1365 2825 342;
1390 2786 1538 2825 scientur
1554 2783 1641 2821 1ell.;
1666 2785 1820 2824 feruntur
1835 2784 1941 2824 Naug.
1957 2784 1993 2815 Ο,

241 2854 277 2860 -
305 2838 416 2869 omnia
439 2846 507 2869 om.
533 2836 636 2877 [342.
664 2855 700 2860 -
723 2838 832 2876 polius
854 2837 943 2867 vobis
965 2837 1001 2870 4:
1038 2837 1127 2868 vobis
1146 2837 1256 2876 polius
1280 2834 1351 2866 rell.
1380 2837 1416 2865 Ο.
1446 2853 1479 2856 —-
1508 2835 1560 2866 20.
1587 2834 1634 2865 rei
1657 2843 1691 2873 p,
1718 2833 1839 2866 codd:
1873 2834 1995 2873 populo

238 2889 274 2920 R.
300 2889 408 2928 Naug.
436 2888 509 2920 LO.
538 2905 571 2908 —
607 2887 748 2928 sumptu]
778 2888 889 2928 fructu
913 2888 1012 2928 [342.
1044 2906 1077 2909 -
1111 2887 1163 2918 22.
1188 2886 1275 2926 ferre
1298 2883 1409 2924 [342ῑ
1442 2885 1591 2924 perferre
1615 2882 1686 2914 rell.
1714 2884 1750 2915 Ο.
1787 2883 1872 2916 lllud
1896 2892 1995 2915 com-

239 2937 425 2969 mendatur
448 2937 684 2978 praecedente
710 2946 785 2968 voc.
810 2938 925 2977 ferent.
951 2955 987 2960 —
1013 2938 1066 2969 23.
1093 2937 1232 2968 etiamne
1254 2935 1287 2965 in
1311 2934 1425 2965 cellam
1449 2943 1522 2965 cum
1545 2934 1680 2973 cupiant
1702 2935 1808 2974 gyratis
1826 2934 1907 2965 dare
1923 2942 1992 2965 om.

238 2986 339 3027 [342.
362 3005 397 3008 -
422 2986 476 3018 24.
503 2987 622 3018 addere
638 2987 727 3027 [342
745 2997 792 3026 φῖ
820 2988 900 3018 dare
916 2986 987 3018 rell.
1008 2988 1045 3018 O.
1060 3005 1094 3009 —-
1121 2987 1172 3017 26.
1203 3009 1210 3017 .
1228 3010 1233 3016 .
1253 2985 1304 3016 ‚lo
1327 2985 1421 3015 modo
1446 2992 1558 3023 usque
1584 2983 1626 3014 ad
1652 2983 1758 3014 finem
1781 2981 1887 3014 habet
1903 2982 1991 3015 V.—

237 3046 302 3068 ‘non
312 3037 520 3077 pertulerunt
536 3045 604 3068 om.
621 3037 659 3068 V.
668 3055 702 3059 —
721 3038 774 3069 27.
794 3046 902 3069 omnes
917 3038 963 3077 [3
969 3036 1007 3069 42
1024 3038 1052 3069 V
1065 3047 1116 3076 φ.
1111 3046 1116 3052 ·
1144 3045 1214 3068 om.
1229 3033 1302 3067 rell.
1311 3051 1344 3056 —
1365 3035 1409 3065 ad
1425 3035 1564 3065 dominis
1580 3034 1682 3065 omnis
1698 3032 1755 3064 rel.
1774 3031 1863 3072 [342
1880 3040 1914 3073 p.
1930 3040 1991 3070 m.,

1520 3087 1563 3109 710

239 3123 280 3154 ab
303 3123 442 3155 dominis
464 3122 611 3154 omnibus
632 3133 661 3155 r
688 3132 759 3156 sec.
785 3133 832 3156 m.
860 3125 939 3164 [non
965 3125 1127 3156 accurate
1152 3122 1244 3164 apud
1269 3122 1336 3161 Z.;]
1363 3121 1404 3151 ab
1428 3122 1515 3152 omni
1547 3121 1678 3152 relictas
1710 3119 1760 3150 sic
1783 3119 1822 3150 V.
1851 3118 1928 3158 (ΒΓ.)
1956 3135 1989 3139 -

238 3180 398 3219 cognostis
421 3180 509 3211 coni
536 3177 636 3210 Orelli
662 3180 694 3210 et
719 3180 868 3220 Zumpt:
895 3181 929 3210 at
953 3180 995 3211 cf.
1022 3188 1086 3211 nos
1111 3179 1154 3211 ad
1178 3187 1228 3210 or.
1254 3186 1288 3219 p
1317 3178 1419 3208 Caec.
1446 3185 1479 3217 p.
1508 3176 1581 3207 466.
1612 3193 1645 3198 -
1672 3174 1725 3206 28.
1752 3174 1798 3204 uti
1822 3173 1932 3214 [342;
1957 3177 1994 3205 uc

238 3227 266 3258 V
284 3229 348 3267 (ΒΓ.
354 3229 380 3268 ),
406 3227 479 3259 rell.
499 3229 536 3259 Ο.
553 3245 587 3250 -
614 3228 666 3259 29.
690 3230 868 3269 fidelissimi
885 3228 972 3269 [342
992 3230 1033 3261 V:
1061 3229 1142 3260 hinc
1165 3227 1253 3259 coni.
1273 3225 1366 3257 Klotz
1390 3225 1639 3266 probabiliter.
1665 3224 1884 3263 antiquissimi
1900 3224 1990 3262 socii,

235 3277 412 3317 fidelissimi
434 3277 538 3309 coloni
555 3279 621 3310 cet.
648 3277 701 3318 [At
724 3278 831 3310 habet
846 3279 886 3318 V,
913 3279 1007 3319 quod
1031 3279 1140 3311 Maius
1163 3276 1409 3319 praetermisit,
1435 3276 1513 3306 socii
1536 3278 1564 3307 et
1584 3274 1777 3316 fidelissimi,
1805 3273 1899 3315 quod
1922 3273 1991 3304 iam

238 3325 494 3359 restituendum
518 3328 581 3360 est.
608 3326 657 3359 Cf.
682 3327 723 3359 11.
750 3327 781 3368 S.
808 3329 882 3362 422.
908 3328 1029 3370 Han]
