2143 3713
239 224 319 266 470
768 227 965 268 ORATIO
997 227 1099 268 PRO
1129 228 1183 268 M.
1213 228 1445 270 FONTEIO

239 337 474 378 clarissimis
504 343 669 379 nostrae
701 340 874 379 civitatis
906 340 1000 379 viris
1032 340 1301 380 dubitandum
1332 355 1415 381 non
1446 343 1721 394 putaverunt?
1752 341 1824 395 qui
1846 341 1917 382 Cn.
1940 348 1981 383 et

241 400 290 448 Q.
323 400 618 453 Caepionibus,
658 401 703 440 L.
735 407 773 440 et
805 401 854 449 Q.
884 402 1060 441 Metellis
1102 403 1273 442 testibus
1307 405 1350 444 in
1382 405 1430 453 Q.
1463 404 1726 456 Pompeium,
1766 403 1980 445 hominem

237 475 409 509 novum,
440 476 523 502 non
554 462 839 503 crediderunt:
883 477 1057 516 quorum
1090 466 1253 512 virtuti,
1285 467 1448 518 generi,
1479 465 1602 505 rebus
1633 466 1758 517 gestis
1786 465 1911 505 fidem
1943 470 1984 505 et

237 525 521 564 auctoritatem
550 525 593 564 in
623 526 858 565 testimonio
890 526 1127 578 cupiditatis
1159 532 1283 580 atque
1318 528 1619 568 inimicitiarum
1651 528 1833 580 suspicio
1865 527 1984 567 dero-

206 585 361 638 5gavit.
419 583 486 625 924.
519 583 615 639 [l4·.]
648 587 833 640 Ecquem
863 587 1073 627 hominem
1104 588 1306 636 vidimus,
1339 603 1512 643 ecquem
1537 603 1631 628 rere
1664 602 1985 629 commemorare

236 660 455 701 possumus
476 661 619 700 parem
641 649 834 695 consilio,
866 650 1084 701 gravitate,
1115 651 1364 698 constantia,
1392 652 1539 691 ceteris
1560 651 1780 690 virtutibus
1800 650 1985 697 honoris,

236 710 411 762 ingenii,
455 723 591 750 rerum
631 716 835 763 gestarum
871 713 1122 751 ornamentis
1154 714 1207 752 M.
1237 714 1412 753 Aemilio
1445 715 1597 753 Scauro
1627 713 1783 752 fuisse?
1829 714 1985 752 Tamen

235 771 384 819 huius,
423 773 540 812 cuius
581 773 745 811 iniurati
786 778 887 812 nutu
923 787 1050 827 prope
1082 781 1279 814 terrarum
1309 775 1418 815 orbis
1449 776 1688 828 regebatur,
1721 774 1842 814 iurati
1872 774 1988 814 testi-

236 834 375 873 monio
406 847 544 887 neque
576 835 617 873 in
649 834 691 873 C.
723 834 943 873 Fimbriam
973 849 1108 889 neque
1140 837 1180 875 in
1214 836 1256 875 C.
1287 839 1523 877 Memmium
1555 838 1756 877 creditum
1788 841 1862 876 est.
1904 837 1986 876 No-

186 896 401 935 uoluerunt
439 896 467 935 ii
505 897 577 948 qui
619 896 853 934 iudicabant
894 896 999 936 hane
1040 904 1178 949 patere
1219 898 1442 939 inimicitiis
1476 901 1605 947 viam,
1651 912 1776 952 quem
1807 898 1985 952 quisque

235 958 410 1005 odisset,
451 962 497 997 ut
528 970 622 996 eum
652 957 891 997 testimonio
928 965 1071 1010 posset
1102 959 1258 999 tollere.
1305 960 1492 1008 Quantus
1523 962 1563 1000 in
1596 963 1639 1000 L.
1674 962 1819 1000 Crasso
1850 959 1986 1013 pudor

232 1020 379 1066 suerit,
411 1018 523 1072 quod
544 1019 781 1071 ingenium,
814 1025 967 1072 quanta
991 1022 1232 1068 auctoritas,
1265 1023 1358 1075 quis
1378 1024 1569 1076 ignorat?
1601 1025 1758 1063 Tamen
1778 1022 1835 1070 is,
1867 1022 1985 1061 cuius

235 1082 357 1121 etiam
397 1094 530 1120 sermo
572 1081 796 1120 testimonii
827 1082 1109 1121 auctoritatem
1142 1083 1341 1131 habebat,
1382 1086 1618 1124 testimonio
1650 1086 1765 1137 ipso,
1804 1096 1911 1137 quae
1942 1084 1985 1122 in

233 1145 289 1183 M.
318 1143 558 1183 Marcellum
589 1143 755 1182 inimico
787 1144 924 1182 animo
957 1143 1083 1191 dixit,
1125 1146 1296 1198 probare
1327 1160 1409 1186 non
1440 1147 1586 1200 potuit.
1646 1144 1710 1185 235,
1749 1142 1846 1199 [l5.]
1880 1145 1985 1192 Fuit,

185 1212 220 1242 1¹5
233 1206 309 1245 fuit
338 1206 421 1245 illis
451 1204 658 1244 iudicibus
690 1204 874 1244 divinum
904 1218 951 1245 ac
983 1207 1209 1257 singulare,
1246 1208 1424 1256 iudices,
1456 1209 1691 1255 consilium,
1725 1208 1795 1260 qui
1826 1220 1870 1246 se
1901 1219 1987 1246 non

234 1268 368 1307 solum
400 1267 450 1307 de
480 1280 574 1314 reO,
605 1267 678 1307 sed
711 1268 832 1307 etiam
865 1268 914 1308 de
946 1275 1205 1316 accusatore,
1237 1269 1288 1308 de
1318 1275 1423 1309 teste
1454 1270 1637 1309 iudicare
1669 1268 1986 1315 arbitrabantur,

235 1329 336 1384 quid
379 1328 534 1376 fictum,
576 1330 675 1382 quid
712 1330 877 1369 fortuna
907 1344 953 1370 ac
985 1336 1170 1382 tempore
1201 1331 1392 1378 allatum,
1432 1333 1531 1386 quid
1568 1332 1701 1385 pretio
1734 1337 1986 1384 corruptum,

234 1391 335 1445 quid
366 1406 439 1444 spe
470 1395 541 1431 aut
570 1397 681 1431 metu
712 1392 1002 1444 depravatum,
1044 1392 1145 1446 quid
1175 1406 1197 1432 a
1229 1394 1454 1446 cupiditate
1491 1394 1631 1447 aliqua
1661 1400 1730 1435 aut
1761 1394 1986 1435 inimicitiis

232 1453 460 1507 profectum
481 1452 705 1493 videretur.
749 1454 866 1502 Quae
897 1455 930 1494 si
963 1454 1090 1493 iudex
1120 1468 1203 1493 non
1228 1455 1499 1508 amplectetur
1520 1456 1657 1495 omnia
1679 1457 1870 1504 consilio,
1901 1469 1986 1496 non

183 1523 219 1553 20
233 1516 370 1556 animo
400 1529 448 1555 ac
478 1521 615 1555 mente
647 1516 975 1569 circumspiciet;
1018 1517 1074 1563 si,
1114 1522 1159 1556 ut
1190 1518 1373 1570 quidque
1405 1531 1457 1557 ex
1487 1518 1558 1557 illo
1589 1518 1679 1557 loco
1712 1518 1892 1565 dicetur,
1934 1531 1987 1557 ex

233 1578 398 1618 oraculo
429 1577 569 1630 aliquo
602 1577 683 1617 dici
713 1579 1000 1618 arbitrabitur:
1045 1578 1227 1631 profecto
1261 1579 1359 1618 satis
1390 1580 1486 1626 erit,
1517 1579 1558 1618 id
1591 1580 1701 1632 quod
1734 1580 1819 1619 dixi
1850 1585 1984 1626 antea,

233 1653 318 1680 non
349 1639 517 1679 surdum
548 1640 725 1679 iudicem
757 1640 852 1680 huie
882 1642 1040 1680 muneri
1063 1647 1184 1694 atque
1207 1641 1342 1680 officio
1364 1654 1579 1694 praeesse3
1610 1642 1713 1680 nihil
1735 1642 1830 1687 erit,
1862 1655 1985 1695 quam

233 1702 286 1741 ob
316 1715 402 1740 rem
432 1702 502 1741 ille
532 1702 673 1741 nescio
707 1702 800 1754 quis
833 1703 998 1754 sapiens
1028 1703 1153 1742 homo
1184 1716 1230 1741 ac
1262 1703 1482 1742 multarum
1513 1717 1649 1742 rerum
1672 1704 1826 1755 peritus
1847 1703 1898 1743 ad
1918 1717 1984 1743 res

232 1763 475 1803 iudicandas
506 1764 757 1817 requiratur.
816 1764 907 1804 XII.
936 1763 999 1804 26.
1035 1764 1158 1819 [VIII.
1182 1762 1262 1817 =lss.]
1296 1767 1359 1803 An
1391 1778 1488 1805 vero
1518 1765 1579 1804 illi
1609 1766 1769 1818 equites
1799 1766 1984 1813 Romani,

184 1834 220 1864 25
233 1838 337 1878 quos
369 1838 445 1865 nos
476 1826 674 1873 vidimus,
706 1827 779 1879 qui
801 1840 933 1879 nuper
953 1828 993 1866 in
1016 1842 1057 1867 re
1079 1827 1245 1881 publica
1266 1827 1515 1880 iudiciisque
1537 1827 1726 1866 maximis
1749 1826 1985 1874 floruerunt,

232 1887 463 1927 habuerunt
492 1893 652 1927 tantum
682 1889 831 1936 animi,
862 1894 1021 1929 tantum
1052 1891 1233 1937 roboris,
1264 1895 1308 1929 ut
1337 1890 1390 1929 M.
1424 1890 1578 1929 Scauro
1610 1889 1701 1929 testi
1731 1902 1815 1928 non
1845 1889 1988 1929 crede-

232 1955 346 1989 rent:
381 1962 455 1989 vos
493 1950 713 1989 Volcarum
753 1956 875 2004 atque
905 1952 1175 2005 Albibrogum
1216 1950 1462 1992 testimoniis
1493 1965 1576 1991 non
1608 1952 1777 1991 credere
1808 1952 1987 1992 timetis?

235 2012 277 2051 Si
308 2011 475 2051 inimico
507 2012 599 2052 testi
632 2012 743 2052 credi
774 2026 856 2052 non
889 2016 1089 2066 oportuit,
1123 2014 1327 2053 inimicior
1357 2013 1551 2053 Marcello
1575 2014 1746 2053 Crassus
1778 2019 1849 2054 aut
1877 2013 1988 2053 Fim-

234 2074 347 2113 briae
380 2074 555 2113 Scaurus
597 2087 648 2113 ex
688 2075 874 2118 civilibus
906 2076 1052 2115 studiis
1088 2083 1210 2130 atque
1243 2077 1542 2115 obtrectatione
1574 2076 1820 2123 domestica,
1863 2088 1987 2129 quam

185 2146 220 2175 30
234 2136 328 2175 huic.
359 2135 463 2174 Galli
482 2138 499 2174 ’ἲ
542 2149 718 2189 quorum
750 2137 820 2190 qui
852 2138 1007 2191 optima
1038 2139 1079 2177 in
1110 2152 1234 2178 causa
1264 2143 1359 2177 sunt
1390 2139 1569 2190 equites,
1608 2137 1884 2184 frumentum,
1915 2151 1988 2190 pe-

236 2197 399 2236 cuniam
431 2198 558 2237 semel
588 2203 712 2251 atque
743 2199 891 2238 iterun]
922 2213 968 2239 ae
990 2201 1153 2253 saepius
1183 2200 1415 2240 invitissimi
1440 2200 1536 2239 dare
1559 2201 1687 2240 coacti
1712 2204 1828 2248 sunt,
1860 2199 1987 2240 ceteri

236 2259 383 2311 partim
415 2272 466 2298 ex
496 2260 705 2299 veteribus
735 2261 856 2300 bellis
887 2274 986 2314 agro
1017 2263 1194 2309 multati,
1235 2262 1383 2314 partim
1414 2262 1464 2301 ab
1495 2262 1573 2302 hoc
1605 2263 1694 2315 ipso
1723 2261 1835 2301 bello
1866 2275 1988 2314 supe-

236 2321 312 2360 rati
343 2327 383 2360 et
413 2323 613 2374 oppressi.
660 2320 724 2361 Ξῖ.
759 2320 855 2375 [Ιῖ.]
890 2324 951 2371 Si,
983 2324 1053 2377 qui
1086 2324 1137 2363 ob
1170 2324 1340 2377 aliquod
1372 2325 1696 2364 emolumentum
1727 2337 1847 2364 suum
1873 2323 1987 2377 cupi-

237 2383 328 2422 dius
359 2383 518 2437 aliquid
550 2385 687 2425 dicere
718 2386 932 2432 videntur,
980 2387 1026 2425 iis
1058 2386 1168 2425 credi
1200 2400 1282 2426 non
1314 2387 1527 2434 convenit,
1559 2387 1681 2426 eredo
1713 2387 1844 2426 maius
1874 2399 1987 2425 emo-

187 2445 466 2485 35lumentum
508 2446 782 2499 Caepionibus
823 2453 862 2487 et
891 2448 1068 2487 Metellis
1106 2449 1362 2500 propositum
1393 2448 1519 2488 fuisse
1552 2462 1604 2488 ex
1635 2448 1683 2496 Q.
1716 2448 1885 2501 Pompei
1916 2448 1987 2488 da-

237 2510 470 2556 mnatione,
501 2522 592 2548 cum
622 2510 851 2549 studiorum
883 2524 1049 2549 suorum
1081 2510 1399 2550 obtrectatorem
1422 2511 1708 2558 sustulissent,
1740 2524 1865 2565 quam
1887 2524 1986 2550 cun-

238 2576 323 2610 ctae
355 2571 511 2610 Galliae
542 2584 594 2610 ex
623 2572 677 2610 M.
708 2571 851 2610 Fontei
884 2572 1137 2619 calamitate,
1178 2572 1221 2611 in
1252 2586 1332 2625 qua
1366 2573 1439 2612 illa
1468 2572 1679 2626 provincia
1710 2586 1839 2626 prope
1871 2586 1987 2613 suam

238 2633 538 2673 immunitatem
569 2646 614 2672 ae
646 2633 877 2673 libertatem
907 2634 1081 2687 positam
1114 2648 1204 2674 esse
1235 2635 1462 2674 arbitratur.

349 2696 413 2734 An
454 2695 488 2735 si
526 2695 713 2735 homines
750 2695 862 2749 ipsos
905 2702 1091 2750 spectare
1123 2698 1338 2744 convenit,
1382 2697 1423 2736 id
1454 2696 1567 2750 quod
1597 2697 1638 2736 in
1670 2701 1770 2737 teste
1801 2696 1986 2751 profecto

327 2888 356 2918 4.
382 2895 445 2928 pro
469 2890 498 2917 et
522 2887 558 2925 Q.
579 2887 606 2916 V
630 2886 682 2918 bis
706 2890 734 2918 el
758 2896 842 2926 quae
866 2887 982 2918 hahet.
1006 2906 1038 2910 —
1066 2889 1095 2919 ὅ.
1122 2889 1294 2928 haecqucm
1310 2889 1354 2925 V,
1380 2888 1530 2927 hecquem
1547 2889 1567 2919 S
1594 2889 1637 2928 (et
1661 2889 1710 2920 sic
1734 2889 1860 2920 iterum
1883 2888 1985 2929 paulo

239 2940 340 2978 post).
368 2954 404 2959 —
430 2945 504 2967 rere
527 2937 605 2967 VS:
641 2946 715 2967 cero
747 2945 842 2977 susp.
870 2937 1081 2968 Gulielmius.
1117 2956 1151 2960 -
1184 2939 1213 2968 7.
1241 2938 1347 2978 ingeni
1371 2938 1408 2968 V.
1439 2956 1472 2959 —
1504 2939 1522 2969 8
1561 2937 1664 2978 huius]
1696 2939 1764 2969 eius
1787 2938 1982 2977 Seliiitziu83

238 2987 332 3017 lautus
355 2988 434 3017 ante
458 2986 562 3016 iurati
587 2987 701 3025 posuit.
725 2987 869 3017 Ernesti.
899 3005 933 3008 ——
963 2987 1158 3027 regebantur
1181 2988 1213 3018 S.
1242 3005 1275 3008 —
1304 2988 1354 3019 lt).
1382 2987 1415 3028 ii]
1442 2997 1486 3018 .u.
1515 2988 1551 3026 V,
1577 2989 1609 3018 Ιιὶ
1632 2989 1664 3019 S.
1694 3006 1728 3011 -
1762 2987 1860 3028 viam]
1885 2996 1986 3026 quam

240 3037 278 3067 V.
308 3054 343 3057 —
370 3037 420 3067 tt.
443 3037 546 3075 possit
567 3037 640 3067 Vs.
663 3055 697 3058 —
726 3039 775 3069 ¹¹2.
805 3038 839 3079 is]
864 3038 911 3069 his
927 3039 965 3069 V.
989 3057 1019 3060 -
1051 3040 1101 3070 10’.
1122 3040 1240 3070 iudices
1256 3037 1355 3068 edd.:
1383 3038 1537 3068 iudicium
1553 3039 1591 3076 V,
1617 3038 1760 3069 iudz'cum
1776 3038 1809 3068 S.
1830 3038 1985 3077 (Momm-

239 3086 335 3116 senio
361 3086 515 3117 iudicium
539 3085 649 3125 glossa
675 3088 768 3117 xocis
793 3088 961 3118 consilium
984 3088 1144 3127 videtur.)
1172 3106 1205 3110 —
1242 3087 1291 3118 16.
1319 3087 1356 3117 cle
1378 3095 1432 3117 reo
1457 3087 1512 3117 cd.
1539 3089 1649 3118 Crat.:
1684 3088 1721 3118 de
1750 3096 1805 3118 reo
1828 3088 1984 3119 iudicium

240 3136 265 3165 V
280 3137 312 3167 S.
333 3154 366 3157 —
395 3137 432 3167 de
455 3140 644 3167 accusalorc
667 3140 694 3167 cl
719 3138 756 3167 dc
779 3140 853 3168 teste
869 3140 1046 3170 Graevius.
1069 3158 1103 3161 ——
1130 3140 1180 3170 1¹7.
1208 3138 1284 3178 quid
1304 3137 1439 3177 fortuna
1459 3138 1534 3167 VS:
1560 3138 1638 3176 quid
1660 3146 1681 3167 α
1702 3138 1838 3177 fortuna
1855 3137 1928 3168 LO.
1946 3154 1981 3159 —

244 3186 293 3216 20.
322 3189 353 3216 ul
377 3187 518 3225 quidque
540 3187 584 3216 V:
624 3190 656 3217 u(
681 3188 856 3226 quicquam
879 3189 910 3218 S.
941 3205 974 3210 —
1003 3188 1079 3219 fort.
1105 3197 1147 3219 ca:
1171 3188 1229 3218 islo
1253 3187 1332 3218 loco.
1361 3204 1394 3208 —
1425 3187 1474 3218 2⁴3.
1500 3188 1545 3218 M.
1573 3188 1612 3217 S:
1642 3188 1677 3218 L.
1704 3187 1740 3219 V.
1772 3204 1806 3208 —
1832 3186 1885 3217 27.
1916 3186 1985 3217 Vol-

241 3244 358 3265 carum
382 3237 568 3267 Graevius:
610 3237 787 3277 l'ulgsamm
812 3238 854 3269 V:
892 3237 1058 3278 belgarum
1082 3238 1113 3268 S.
1144 3255 1177 3259 ——
1209 3236 1357 3268 limebitis
1380 3245 1474 3277 susp.
1501 3235 1612 3268 Orelli.
1642 3254 1676 3258 —
1710 3236 1762 3267 30.
1788 3240 1919 3276 optumo
1940 3237 1981 3275 V,

243 3286 354 3323 oplimt
378 3288 409 3316 S.
438 3303 474 3308 —
501 3286 552 3317 3¹.
579 3286 716 3326 saepias]
740 3296 864 3326 semper
887 3286 977 3318 bene
1004 3288 1199 3327 suspicatur
1222 3287 1481 3318 Mommsenius.
1503 3303 1538 3307 ——
1565 3286 1617 3317 32.
1644 3294 1721 3317 acro
1737 3286 1777 3326 V,
1802 3288 1840 3319 ut
1856 3295 1888 3328 p.
1907 3286 1982 3319 466.

245 3342 277 3365 v.
304 3334 354 3365 113.
386 3352 416 3358 -
445 3335 496 3376 ab]
523 3336 567 3366 ad
591 3336 626 3367 v.
658 3354 688 3358 -
718 3336 769 3367 35.
798 3336 847 3377 Q.]
873 3345 934 3375 que
956 3337 994 3368 v.
1023 3354 1057 3359 —
1084 3336 1134 3367 37.
1161 3336 1212 3368 me
1236 3336 1308 3367 vs.
