2143 3713
266 219 345 262 686
563 224 617 265 IN
646 223 691 264 L.
723 222 1014 265 CATILINAM
1042 223 1199 264 LIBER
1228 224 1278 265 ΙΙ.
1309 224 1405 267 Cu).
1425 223 1535 266 XIII.
1565 223 1608 279 §.
1628 223 1695 266 29.

265 335 485 388 quisquam
522 335 698 375 intereat
734 348 1043 389 paucorumque
1091 348 1228 388 poena
1266 350 1340 377 vos
1377 351 1518 378 omnes
1558 337 1659 378 salvi
1698 351 1787 379 esse
1824 339 2004 391 possitis.

263 395 328 437 29.
369 396 485 445 Quae
527 397 695 450 quidem
732 410 808 451 ego
847 411 984 451 neque
1024 411 1115 438 mea
1154 398 1374 452 prudentia
1415 413 1553 454 neque
1590 400 1782 440 humanis
1822 401 2005 440 consiliis

260 458 390 498 fretus
418 458 621 511 polliceor
649 459 789 507 vobis,
833 460 1038 508 Quirites,
1078 459 1152 500 sed
1192 460 1332 501 multis
1375 468 1416 503 et
1444 476 1527 503 non
1558 461 1696 501 dubiis
1728 462 1899 502 deorum
1930 463 2005 502 im-

261 520 494 561 mortalium
533 519 923 574 significationibus,
963 521 1116 574 quibus
1156 535 1232 575 ego
1273 523 1445 564 ducibus
1486 525 1528 565 in
1557 524 1664 564 hanc
1695 537 1809 578 spem
1839 528 2006 564 senten-

229 584 446 637 5tiamque
477 597 565 623 sum
597 583 830 637 ingressus3
861 584 933 638 qui
964 584 1045 623 iam
1076 597 1161 624 non
1191 585 1353 637 procul,
1395 592 1440 626 ut
1469 585 1679 640 quondam
1709 586 1917 633 solebant,
1954 586 2005 625 ab

260 651 429 685 externo
458 644 578 686 hoste
607 650 734 699 atque
764 646 1018 700 longinquo,
1057 646 1131 686 sed
1173 646 1240 687 hic
1277 653 1517 700 praesentes
1557 661 1632 688 suo
1673 647 1843 687 numine
1881 652 2006 700 atque

257 707 415 748 auxilio
453 721 529 748 sua
569 708 724 761 templa
762 715 888 762 atque
925 709 1038 748 urhis
1070 713 1176 748 tecta
1207 708 1448 750 defendunt.
1517 710 1632 759 Quos
1670 723 1768 757 vos,
1810 709 2005 757 Quirites,

255 770 435 823 precari,
480 771 685 818 venerari,
731 771 953 824 implorare
1005 770 1186 818 debetis,
1228 776 1294 818 ut,
1336 784 1462 824 quam
1500 772 1645 819 urbem
1684 771 2005 824 pulcherrimam

256 831 672 886 florentissimamque
713 845 804 872 esse
843 832 1085 880 voluerunt,
1122 832 1230 872 hano
1272 833 1463 874 omnibus
1503 834 1687 874 hostium
1726 833 1860 886 copiis
1898 838 2005 872 terra

204 903 240 932 Ἰιο
254 895 442 949 marique
480 894 685 947 superatis
716 907 739 934 a
770 894 1145 947 perditissimorum
1187 895 1339 935 civium
1375 896 1533 937 nefario
1572 897 1728 937 scelere
1769 894 2003 936 defendant.

339 1064 368 1094 t.
394 1071 450 1093 vos
471 1069 579 1093 omnes
602 1062 625 1092 B
640 1070 659 1092 a
673 1060 695 1092 l)
710 1068 728 1092 c
742 1060 763 1092 d
778 1061 785 1092 i
799 1068 819 1096 ς
843 1062 903 1099 Lg.
923 1062 975 1093 50.
994 1062 1055 1093 57:
1080 1071 1137 1093 vos
1159 1071 1267 1094 omnes
1289 1063 1358 1094 iam
1381 1063 1426 1101 V;
1451 1073 1507 1096 vos
1531 1064 1599 1095 iam
1622 1072 1730 1095 omnes
1753 1064 1777 1095 R
1792 1064 1827 1094 Ο.
1848 1080 1881 1085 -
1898 1064 1926 1094 ²2.
1945 1072 2003 1103 eqo

252 1122 320 1145 om.
347 1121 394 1144 m.
415 1129 450 1135 -
470 1111 501 1143 3.
526 1110 615 1142 vobis
638 1119 706 1142 om.
736 1119 764 1142 r.
783 1129 816 1133 —
831 1111 862 1142 5.
889 1111 945 1149 qui
968 1111 1046 1152 iam]
1072 1112 1153 1151 quia
1175 1121 1213 1149 ςς
1242 1112 1296 1152 qui
1320 1113 1418 1144 eliam
1443 1123 1470 1144 z.
1490 1131 1524 1136 —
1540 1113 1682 1145 solebant
1706 1121 1776 1144 om.
1804 1113 1848 1149 C,
1875 1114 1929 1149 [μ’.
1948 1114 2000 1143 50.

252 1164 304 1194 57.
332 1179 365 1183 -—
393 1161 423 1192 6.
450 1164 562 1192 eaelero
586 1160 629 1197 V3
663 1160 810 1192 hesterno
834 1160 866 1191 h.
897 1177 931 1181 —
964 1164 1152 1199 praesentes
1175 1161 1226 1192 hie
1250 1170 1280 1193 c.
1310 1179 1344 1184 —-
1371 1166 1468 1202 atque
1491 1163 1622 1194 consilio
1647 1163 1667 1194 ἰ.
1701 1180 1736 1184 -
1766 1163 1796 1193 7.
1831 1162 2004 1201 defendunt

253 1210 559 1247 sscacdimtz,
591 1210 649 1249 Lg.
675 1208 728 1242 46.
754 1209 806 1241 53.
839 1209 898 1240 65:
936 1209 1109 1249 defendant
1137 1210 1180 1241 b:
1218 1211 1385 1250 defendent
1414 1213 1451 1243 R.
1487 1230 1522 1235 -
1556 1212 1706 1253 Quirites]
1737 1219 1864 1250 quoque
1894 1212 1929 1242 B.
1967 1229 1999 1232 -

250 1262 280 1293 8.
314 1260 492 1300 implorare
519 1259 762 1301 abcdipsg
792 1260 850 1299 Lg.
877 1260 929 1290 50.
955 1259 1014 1290 57:
1053 1263 1150 1300 atque
1179 1260 1358 1300 implorare
1388 1262 1501 1294 RLO.
1542 1262 1591 1293 Cf.
1627 1261 1783 1300 Madvigii
1821 1261 1945 1301 Opusc.
1979 1261 2001 1291 Ι.

249 1320 283 1352 p.
316 1310 388 1342 435.
425 1328 459 1331 —
488 1309 747 1349 pulcherrimam
771 1309 1098 1349 florentissimamque
1127 1309 1335 1349 abimsg,
1372 1312 1430 1351 Lg.
1463 1311 1493 1343 3.
1521 1311 1550 1343 6.
1577 1312 1629 1343 50.
1656 1312 1712 1343 65:
1745 1310 2004 1351 potentissimam

246 1360 510 1400 florentissimam
535 1359 856 1399 pulcherrimamque
884 1360 927 1395 133
959 1359 1218 1398 pulcherrimam
1245 1361 1373 1400 florent.
1402 1361 1723 1400 potentissimamque
1752 1360 1850 1391 RLO
1883 1359 1957 1399 (sed
1988 1368 2004 1389 r

249 1418 317 1441 om.
336 1411 419 1449 que).
447 1409 496 1442 Cf.
516 1419 566 1441 or.
586 1410 639 1440 111.
660 1409 690 1449 g.
712 1410 723 1440 t
743 1419 749 1440 :
773 1408 1070 1449 fortunatissimam
1089 1409 1409 1449 pulcherrimamque
1430 1410 1554 1442 urbem.
1575 1428 1609 1432 —
1629 1411 1659 1442 9.
1677 1410 1850 1441 voluerunt
1872 1418 1939 1440 esse
1961 1418 1998 1439 c:

247 1468 311 1490 esse
335 1467 403 1490 om.
431 1460 489 1499 qt.
519 1477 552 1481 ——
579 1460 725 1491 omnium
747 1468 794 1491 m.
824 1477 857 1482 —-
886 1459 938 1490 110.
964 1468 986 1489 a
1009 1467 1078 1490 om.
1107 1461 1134 1497 t3
1163 1459 1204 1490 ab
1227 1468 1260 1500 p.
1291 1477 1325 1481 —
1352 1460 1517 1501 defendent
1541 1470 1573 1492 u.
