2127 3708
176 227 255 268 ⁴24
677 227 731 268 IN
760 227 980 268 VERREM
1008 225 1167 268 ACTIO
1198 227 1363 269 PRIMA

174 345 221 381 ut
252 338 498 379 Hortensius
530 337 676 379 consul
705 338 943 390 designatus
975 337 1142 378 domum
1173 339 1449 379 reducebatur
1478 351 1499 378 e
1530 350 1675 391 campo
1707 352 1800 379 cum
1830 354 1915 382 ma-

173 403 285 442 xima
313 400 548 454 frequentia
576 414 624 440 ao
653 400 937 446 multitudine,
968 398 1012 439 fit
1043 400 1204 439 obviam
1236 414 1332 440 casu
1365 401 1401 440 ei
1433 400 1687 441 multitudini
1715 401 1757 441 C.
1781 401 1915 451 Curio,

175 475 299 515 quem
330 475 406 514 ego
434 462 646 502 hominem
675 463 846 501 honoris
877 462 1014 514 potius
1048 474 1172 514 quam
1202 462 1477 502 contumeliae
1507 475 1631 502 causa
1660 463 1917 504 nominatum

173 523 283 563 volo.
327 523 489 564 Etenim
520 537 568 564 ea
599 524 750 570 dicam,
784 536 889 575 quae
920 523 1012 570 ille,
1045 524 1077 563 si
1109 525 1421 564 commemorari
1442 524 1665 571 noluisset,
1697 537 1780 564 non
1803 530 1917 565 tanto

143 587 215 627 sin
236 591 443 626 conventu
464 592 547 626 tam
568 591 709 639 aperte
730 585 950 638 palamque
973 585 1157 625 dixisset.
1191 585 1307 632 Quae
1330 591 1468 626 tamen
1489 599 1512 625 a
1536 600 1599 625 me
1621 585 1918 638 pedetemptim

175 653 378 702 cauteque
410 648 618 696 dicentur,
648 653 693 687 ut
723 652 763 685 et
792 647 997 686 amicitiae
1028 652 1192 686 nostrae
1225 651 1265 686 et
1286 647 1493 699 dignitatis
1520 648 1631 688 illius
1654 647 1794 688 habita
1814 649 1917 688 ratio

175 723 265 750 esse
295 711 560 763 intelligatur.
629 706 686 748 19.
718 708 840 747 Videt
870 708 920 747 ad
952 709 1089 760 ipsum
1120 708 1319 748 fornicem
1350 709 1576 749 Fabianum
1607 711 1649 750 in
1680 710 1798 749 turba
1819 711 1919 750 Ver-

173 785 280 812 rem:
320 773 503 825 appellat
540 772 751 811 hominem
791 775 832 809 et
871 770 907 810 ei
937 783 1038 809 voce
1070 771 1247 809 maxima
1278 771 1532 822 gratulatum
1572 773 1653 825 ipsi
1683 773 1917 820 Hortensio,

175 835 246 888 qui
276 834 421 873 consul
452 838 538 873 erat
566 833 721 881 factus,
762 831 1008 885 propinquis
1049 832 1378 886 necessariisque
1410 834 1497 873 eius
1529 835 1600 887 qui
1632 840 1718 874 tum
1748 834 1921 874 aderant

125 903 160 933 40
174 896 344 936 verbum
374 897 535 936 nullum
564 895 682 942 facit3
723 907 815 933 cum
845 893 924 933 hoc
956 894 1166 940 consistit,
1206 893 1316 933 hunc
1347 896 1627 948 amplexatur,
1665 897 1776 936 hunc.
1806 897 1920 936 iubet

174 960 262 999 sine
293 971 390 998 cura
421 971 523 997 esse.
585 956 838 1002 «Renuntio,
869 955 1024 1008 inquit,
1056 955 1131 995 tibi
1162 960 1201 996 te
1231 955 1441 997 hodiernis
1473 959 1648 998 comitiis
1680 972 1770 999 esse
1800 959 1919 997 abso-

173 1021 344 1060 lutum.»
393 1019 515 1068 Quod
556 1033 649 1058 cum
692 1024 772 1057 tam
813 1018 930 1057 multi
971 1017 1161 1057 homines
1198 1017 1479 1058 honestissimi
1510 1020 1742 1068 audissent,
1781 1020 1918 1061 statim

172 1082 224 1122 ad
251 1095 314 1121 me
339 1082 546 1121 defertur:
578 1082 703 1120 immo
724 1093 844 1127 vero,
876 1085 921 1118 ut
945 1080 1123 1133 quisque
1150 1093 1213 1119 me
1235 1080 1413 1128 viderat,
1444 1083 1648 1122 narrabat.
1692 1084 1794 1123 Aliis
1815 1082 1918 1123 illud

172 1144 402 1196 indignum,
423 1143 516 1184 aliis
538 1142 759 1183 ridiculum
782 1141 1018 1181 videbatur:
1049 1142 1269 1181 ridiculum
1292 1142 1355 1189 iis,
1380 1144 1451 1196 qui
1471 1145 1588 1184 istius
1609 1158 1773 1184 causam
1797 1145 1839 1184 in
1861 1150 1920 1184 te-

124 1213 159 1243 45
173 1206 295 1247 stium
316 1204 409 1253 side,
438 1207 481 1246 in
503 1205 720 1245 eriminum
741 1204 916 1251 ratione,
938 1204 980 1243 in
1001 1203 1185 1243 iudicum
1208 1208 1425 1256 potestate,
1457 1218 1539 1244 non
1561 1206 1603 1245 in
1625 1207 1800 1246 comitiis
1823 1220 1920 1246 con-

173 1269 378 1309 sularibus
408 1268 586 1321 positam
608 1266 935 1313 arbitrabantur3
966 1265 1182 1318 indignum
1213 1266 1286 1313 iis,
1319 1267 1389 1320 qui
1410 1267 1532 1306 altius
1555 1268 1861 1320 perspiciebant
1881 1273 1922 1308 et

171 1330 278 1372 hanc
299 1330 616 1383 gratulationem
634 1328 684 1369 ad
706 1329 906 1369 iudicium
925 1328 1274 1380 corrumpendum
1296 1335 1482 1383 spectare
1500 1330 1707 1370 videbant.
1739 1328 1804 1370 20.
1826 1331 1921 1372 Ete-

172 1394 257 1434 nim
299 1394 356 1434 sic
397 1392 771 1439 ratiocinabantur,
818 1391 877 1431 sie
923 1391 1203 1431 honestissimi
1240 1392 1430 1432 homines
1469 1393 1576 1432 inter
1615 1406 1658 1432 se
1689 1398 1730 1432 et
1758 1406 1920 1441 mecum

171 1455 472 1509 loquebantur,
503 1459 643 1507 aperte
675 1454 757 1494 iam
789 1459 829 1493 et
858 1454 1078 1506 perspicue
1108 1454 1222 1493 nulla
1245 1467 1335 1493 esse
1358 1454 1525 1494 iudicia.
1569 1454 1649 1502 Qui
1670 1468 1765 1494 reus
1786 1455 1920 1508 pridie

123 1517 254 1558 20iam
284 1518 374 1570 ipse
404 1530 446 1557 se
478 1516 797 1556 condemnatum
829 1516 1023 1568 putabat,
1054 1516 1111 1563 is,
1141 1521 1413 1569 posteaquam
1446 1516 1639 1556 defensor
1665 1518 1752 1556 eius
1775 1517 1921 1556 consul

173 1584 235 1619 est
263 1579 417 1627 factus,
449 1579 689 1618 absolvitur.
750 1578 861 1626 Quid
891 1578 1044 1630 igitur?
1085 1578 1197 1631 quod
1231 1583 1314 1617 tota
1346 1578 1505 1626 Sicilia,
1539 1578 1652 1632 quod
1683 1592 1826 1619 omnes
1859 1579 1921 1618 Si-

172 1641 276 1688 culi,
320 1654 461 1681 omnes
504 1642 804 1693 negotiatores,
848 1653 991 1679 omnes
1033 1640 1222 1692 publicae
1262 1641 1529 1694 privataeque
1569 1641 1730 1680 litterae
1766 1642 1919 1681 Romae

172 1709 289 1751 sunt,
329 1703 487 1744 nihilne
527 1703 569 1742 id
607 1703 790 1743 valebit?
859 1703 969 1742 Nihil
1008 1704 1136 1743 invito
1179 1702 1349 1741 consule
1390 1703 1616 1754 designato,
1677 1703 1816 1751 Quid?
1859 1703 1920 1743 iu·-

173 1766 285 1806 dices
316 1780 399 1805 non
430 1766 622 1813 erimina,
662 1779 746 1804 non
785 1770 930 1812 testes,
972 1778 1055 1804 non
1096 1764 1445 1803 existimationem
1477 1765 1621 1817 populi
1652 1766 1824 1805 Romani
1856 1779 1919 1805 se-

122 1832 378 1884 25quentur‘?
431 1830 543 1868 Non:
590 1829 727 1867 omnia
772 1828 815 1866 in
860 1828 984 1866 unius
1024 1830 1230 1879 potestate
1276 1839 1322 1866 ae
1368 1827 1650 1867 moderatione
1695 1833 1918 1869 vertentur.

171 1893 277 1932 VIII.
308 1893 414 1932 Vere
445 1891 614 1943 loquar,
647 1889 818 1929 iudices.
850 1889 1129 1929 Vehementer
1158 1902 1222 1928 me
1252 1890 1354 1929 haec
1385 1903 1449 1928 res
1472 1891 1770 1930 commovebat.
1803 1891 1920 1944 Opti-

172 1968 263 1995 mus
301 1955 412 1994 enim
452 1953 631 2006 quisque
663 1953 719 1992 ita
755 1952 1029 2005 loquebatur:
1070 1952 1151 1990 Iste
1183 1951 1351 2004 quidem
1381 1952 1453 1991 tibi
1484 1952 1703 2003 eripietur,
1741 1953 1813 1992 sed
1845 1967 1920 1993 nos

171 2030 255 2058 non
285 2018 516 2057 tenebimus
548 2014 703 2055 iudicia
733 2014 905 2054 diutius.
963 2014 1126 2054 Etenim
1166 2015 1258 2067 quis
1300 2015 1451 2068 poterit
1482 2015 1608 2053 Verre
1649 2015 1838 2055 absoluto
1870 2015 1920 2055 de

174 2080 468 2119 transferendis
513 2077 676 2117 iudiciis
719 2078 942 2117 recusare?
1015 2073 1081 2115 21.
1120 2077 1218 2115 Erat
1262 2076 1454 2115 omnibus
1495 2076 1736 2123 molestum,
1784 2090 1920 2130 neque

121 2150 157 2180 30
172 2156 243 2181 eos
280 2147 362 2181 tam
398 2142 518 2181 istius
555 2141 735 2179 hominis
778 2139 925 2192 perditi
958 2138 1093 2178 subita
1124 2138 1279 2178 laetitia
1310 2152 1434 2191 quam
1464 2138 1644 2177 hominis
1676 2139 1919 2191 amplissimi

171 2217 280 2244 nova
310 2203 528 2256 gratulatio
561 2203 859 2242 commovebat.
911 2200 1136 2253 Cupiebam
1170 2200 1428 2239 dissimulare
1451 2214 1514 2239 me
1536 2200 1577 2239 id
1600 2201 1771 2240 moleste
1792 2200 1919 2240 ferre:

172 2266 389 2319 cupiebam
420 2265 546 2305 animi
579 2264 764 2303 dolorem
785 2264 902 2303 vultu
933 2268 1071 2314 tegere
1103 2268 1142 2301 et
1164 2262 1442 2301 taciturnitate
1463 2262 1610 2301 celare.
1655 2264 1762 2302 Ecce
1783 2269 1920 2303 autem

170 2329 251 2370 illis
282 2329 382 2381 ipsis
414 2328 580 2375 diebus,
611 2340 704 2366 eum
736 2331 945 2379 praetores
978 2326 1179 2377 designati
1212 2325 1457 2363 sortirentur
1478 2329 1517 2363 et
1538 2325 1590 2363 M.
1616 2325 1782 2365 Metello
1814 2326 1920 2365 obti-

173 2391 317 2444 gisset,
362 2395 408 2430 ut
445 2391 479 2429 is
518 2389 568 2429 de
610 2389 799 2442 pecuniis
833 2387 1073 2440 repetundis
1107 2391 1347 2441 quaereret,
1393 2387 1605 2426 nuntiatur
1635 2387 1734 2427 mihi
1766 2393 1920 2428 tantam

123 2453 240 2492 35isti
278 2452 596 2505 gratulationem
639 2464 728 2490 esse
768 2451 939 2497 factam,
978 2456 1023 2489 ut
1063 2450 1097 2489 is
1138 2449 1305 2488 domum
1337 2463 1506 2503 quoque
1538 2463 1690 2502 pueros
1720 2451 1919 2499 mitteret,

261 2551 290 2581 4.
319 2552 355 2590 Q.
380 2551 527 2581 Hortens.
555 2550 587 2580 S.
622 2549 665 2589 (p.
691 2548 778 2588 399.)
807 2567 841 2570 —
879 2547 1095 2578 deducebatur
1124 2548 1201 2578 Ern.
1228 2556 1323 2587 susp.
1353 2549 1392 2577 At
1419 2547 1461 2578 cs.
1489 2547 1531 2577 ad
1557 2548 1595 2585 Q.
1624 2548 1674 2578 Fr.
1700 2549 1739 2579 Il.
1766 2548 1796 2586 9,
1822 2549 1853 2579 9..
1884 2566 1917 2570 -κ

172 2602 202 2634 4..
229 2609 482 2633 commemorare
507 2599 546 2630 Gt
566 2597 792 2637 ⁶2Lg292'1-2A.
822 2616 855 2619 β
883 2598 914 2629 7.
937 2598 1017 2628 vidit
1041 2598 1073 2629 S.
1101 2597 1144 2637 (p.
1165 2596 1250 2636 309.)
1272 2614 1304 2617 ---
1332 2596 1362 2627 8.
1389 2598 1581 2636 mandatur
1604 2597 1682 2635 (235
1708 2597 1808 2629 codd.
1836 2597 1918 2629 Lbi:

170 2651 344 2682 victoriam
373 2649 564 2691 gratulatur
594 2648 655 2679 dtt.
680 2648 716 2678 O.
746 2665 779 2668 a
819 2647 869 2678 ⁴0.
896 2647 1050 2678 consentit
1081 2647 1205 2684 (3123.
1243 2647 1284 2676 At
1313 2645 1354 2676 cs.
1381 2647 1459 2686 post
1488 2646 1562 2677 red.
1589 2647 1621 2677 in
1646 2656 1718 2678 sen.
1745 2647 1776 2687 g.
1803 2647 1854 2679 44.
1883 2665 1918 2670 —

172 2702 224 2732 Μ.
249 2701 362 2732 nuntio
387 2700 491 2731 Prisc.
518 2699 558 2729 ll.
585 2707 617 2739 p.
639 2698 710 2728 0195.
734 2715 767 2719 -
796 2697 846 2728 47.
871 2697 1023 2728 videbant
1047 2697 1147 2734 (3352
1174 2695 1426 2726 arbitrabantur
1449 2696 1510 2727 dtt.
1529 2697 1564 2727 Ο.
1601 2697 1764 2728 «Certum
1789 2698 1841 2727 est
1865 2697 1921 2729 Ci-

173 2758 338 2782 ceronem
368 2749 430 2780 has
458 2749 664 2785 sententias,
699 2746 825 2787 quibus
856 2746 992 2778 dix-ersa
1025 2747 1205 2777 hominum
1235 2754 1360 2785 genera
1391 2747 1519 2776 variata
1551 2747 1705 2778 oratione
1730 2745 1918 2785 describat,

172 2809 241 2831 non
265 2799 392 2831 eodem
415 2798 524 2830 verbo
549 2798 767 2829 terminasse.
796 2797 961 2827 Ilomincs
986 2796 1029 2827 de
1053 2795 1154 2835 vulgo
1178 2796 1291 2826 minus
1315 2794 1484 2826 subtiliter
1508 2795 1700 2827 iudicantes
1717 2795 1920 2828 describens

172 2851 289 2889 qui--
305 2848 556 2880 arbitrabantur
578 2847 670 2884 dicit,
698 2846 824 2877 deinde
850 2846 892 2877 de
917 2847 968 2884 iis,
995 2846 1052 2886 qui
1070 2846 1184 2884 sagaci
1200 2845 1396 2885 suspicione
1421 2854 1495 2876 rem
1521 2847 1627 2876 totam
1649 2845 1920 2886 perspleiebant‚

172 2899 350 2939 aptissime
375 2897 534 2929 subiicit:
559 2897 878 2936 qui--victeba›zt.»
903 2895 1013 2927 Madv.
1040 2895 1083 2926 de
1108 2897 1185 2927 Asc.
1205 2897 1291 2935 App.
1315 2904 1348 2935 p.
1368 2894 1419 2925 38.
1446 2894 1568 2925 Similis
1594 2894 1748 2926 confusio
1766 2897 1819 2926 est
1834 2895 1920 2926 infra

174 2950 203 2989 g.
230 2947 281 2979 47.
308 2949 393 2979 extr.
427 2966 458 2970 —
485 2947 535 2978 49.
562 2947 630 2977 iam
655 2946 756 2977 Adtt.
784 2945 930 2981 «Efficit,
957 2947 995 2976 ut
1010 2945 1137 2983 verba,
1164 2944 1289 2986 quibus
1311 2945 1553 2984 interpositum
1571 2946 1637 2982 est,
1665 2945 1822 2983 graviore
1840 2945 1921 2977 ess'e-

172 3000 293 3029 rantur
317 3006 402 3029 sono
428 2998 462 3028 et
485 2996 591 3027 habet
615 2990 710 3037 ἦθος
734 2996 766 3026 in
785 2997 957 3026 commota
976 2996 1164 3026 oratione.»
1190 2994 1311 3025 Kahnt.
1330 3003 1362 3034 p.
1383 2994 1412 3024 8.
1434 2995 1515 3025 Rau.
1536 2995 1559 3025 Ι.
1578 3003 1610 3036 p.
1631 2994 1710 3024 470:
1737 3002 1805 3024 om.
1826 2994 1872 3025 G3
1885 3003 1917 3032 §3

174 3049 222 3079 sie
247 3048 276 3087 ἕ.
303 3048 355 3079 ⁵29.
383 3048 468 3078 extr.
495 3047 535 3077 Gt
567 3055 635 3077 om.
662 3047 740 3076 iam.
769 3063 802 3067 -s-
830 3048 858 3076 et
878 3053 987 3084 persp.
1015 3045 1094 3083 (335
1118 3043 1257 3085 pleriq.:
1285 3052 1325 3073 ac
1345 3052 1452 3082 persp.
1472 3045 1495 3073 Α
1512 3044 1548 3073 O.
1571 3060 1605 3065 —-
1631 3043 1684 3073 ⁶24.
1713 3044 1803 3082 Quod
1818 3043 1920 3083 iyitur

175 3098 237 3135 Gt,
264 3097 341 3136 quid
364 3105 440 3136 erqo
457 3096 516 3127 GR.
538 3112 572 3117 —
600 3095 652 3127 24.
678 3098 858 3133 sequuntur
874 3095 914 3124 Gt
935 3095 964 3125 ⁵2.
988 3112 1021 3115 —
1048 3095 1100 3124 255.
1126 3103 1213 3124 mm:
1238 3093 1347 3124 omnia
1365 3093 1404 3123 ot
1425 3094 1456 3123 S.
1483 3092 1524 3123 cs.
1552 3092 1660 3123 Divin.
1681 3091 1710 3131 g.
1731 3092 1782 3123 33.
1801 3091 1858 3122 lib.
1879 3093 1918 3122 11.

176 3146 206 3186 g.
226 3146 297 3177 106.
325 3145 432 3177 Hand.
455 3146 552 3177 Turs.
571 3145 624 3176 lv.
646 3154 678 3185 p.
697 3144 780 3175 ⁶209:
809 3153 886 3174 num
907 3143 1016 3174 omnia
1035 3144 1080 3174 G2
1095 3142 1141 3174 Ld
1157 3142 1217 3173 dtt.
1235 3161 1270 3167 ,-
1289 3143 1340 3173 30.
1358 3143 1442 3172 hom.
1459 3142 1550 3180 perd.
1571 3141 1671 3172 codd.
1688 3143 1714 3172 Α
1727 3142 1759 3171 S.
1778 3143 1917 3181 Agroet.

175 3204 209 3236 p.
227 3195 321 3226 2272.
349 3197 402 3226 P.:
425 3196 518 3234 perd.
544 3195 628 3225 hom.
656 3195 690 3225 L.
713 3211 747 3216 —
774 3194 868 3224 huius
890 3193 974 3224 hom.
1002 3194 1102 3232 ampl.
1124 3193 1261 3232 Agroet.
1282 3210 1316 3214 —
1336 3191 1646 3231 3t.‹·0119ratutatio
1663 3190 1724 3221 dtt.
1743 3209 1777 3213 —
1804 3190 1855 3221 33.
1873 3191 1921 3221 his

176 3244 283 3274 diebus
308 3245 422 3283 paucis
438 3246 475 3276 Α,
498 3261 534 3267 -
556 3244 607 3275 35.
627 3244 758 3274 (tornum
775 3252 901 3283 quoque
929 3244 969 3274 Gt
989 3243 1158 3282 Qng292
1186 3250 1311 3282 quoque
1332 3242 1462 3271 domum
1488 3240 1549 3273 dtt.
1576 3241 1612 3271 O.
1641 3257 1677 3262 —
1704 3248 1823 3279 pueros
1849 3249 1918 3271 om.

176 3295 328 3325 Iannoct.
354 3294 390 3326 O.
423 3295 485 3325 «At
510 3292 671 3325 librarius
699 3294 855 3331 homines,
883 3300 1060 3325 summum
1084 3301 1210 3331 servos,
1237 3299 1304 3322 non
1329 3291 1397 3322 tam
1422 3290 1539 3321 Latine
1558 3297 1678 3330 pueros
1696 3289 1919 3321 addidisset.»

175 3343 287 3377 Madv.
312 3344 337 3375 I.
363 3351 396 3387 p.
423 3342 497 3376 340.
